,time,acc_trade_volume,trade_price,dev,high,ask_bid
0,1712451675.1067688,141661860.4838271,22.11,0.0,22.65,BID
1,1712451675.9992635,141662860.4838271,22.11,2.225646583622489e-07,22.65,BID
2,1712451690.4590626,141662860.4838271,22.11,0.0,22.65,BID
3,1712451691.4992783,141663860.4838271,22.11,2.2235144321281745e-07,22.65,BID
4,1712451694.609471,141664860.4838271,22.11,2.2235144321281745e-07,22.65,BID
5,1712451697.6793644,141665860.4838271,22.11,2.2235144321281745e-07,22.65,BID
6,1712451700.919433,141666860.4838271,22.11,2.2235144321281745e-07,22.65,BID
7,1712451703.9119885,141667860.4838271,22.11,2.2235144321281745e-07,22.65,BID
8,1712451707.239478,141668860.4838271,22.11,2.2235144321281745e-07,22.65,BID
9,1712451710.2296176,141669860.4838271,22.11,2.2235144321281745e-07,22.65,BID
10,1712451714.352738,141670860.4838271,22.11,2.2235144321281745e-07,22.65,BID
11,1712451718.1092825,141671860.4838271,22.11,2.2235144321281745e-07,22.65,BID
12,1712451719.449496,141681860.4838271,22.09,-2.2235144321281745e-06,22.65,ASK
13,1712451720.31051,141681860.4838271,22.09,-0.0,22.65,ASK
14,1712451721.3397572,141682860.4838271,22.09,2.2233068572021489e-07,22.65,BID
15,1712451724.549651,141683860.4838271,22.09,2.2233068572021489e-07,22.65,BID
16,1712451725.619588,141765984.2420658,22.09,1.825863148312536e-05,22.65,BID
17,1712451735.4896352,141788858.21738324,22.11,5.085586617475568e-06,22.65,BID
18,1712451750.321897,141788858.21738324,22.11,0.0,22.65,BID
19,1712451759.039318,141843136.71385124,22.11,1.206143587230789e-05,22.65,BID
20,1712451759.061062,141843136.71385157,22.11,7.284739005078974e-17,22.65,BID
21,1712451759.1208184,141848544.38560253,22.12,1.2016597784939007e-06,22.65,BID
22,1712451763.123249,141908544.38560253,22.13,1.3332833431836552e-05,22.65,BID
23,1712451763.2050493,141917561.79689035,22.13,2.0037940447798643e-06,22.65,BID
24,1712451763.2193935,142037076.9202301,22.13,2.655792053456978e-05,22.65,BID
25,1712451763.3197868,142050743.89197838,22.12,-3.0369909639599863e-06,22.65,ASK
26,1712451763.3211548,142059003.19197568,22.13,-1.835331185459463e-06,22.65,ASK
27,1712451763.8592942,142082077.42763057,22.12,5.127415675893325e-06,22.65,BID
28,1712451764.481448,142084077.42763057,22.15,4.444277810612184e-07,22.65,BID
29,1712451764.482791,142086306.46420506,22.14,4.953228893508712e-07,22.65,BID
30,1712451780.4694395,142086306.46420506,22.14,0.0,22.65,BID
31,1712451781.610082,142087306.46420506,22.19,2.218893975923827e-07,22.65,BID
32,1712451782.4897904,142132473.5825429,22.14,-1.0022104678967144e-05,22.65,ASK
33,1712451782.4910586,142275394.7682317,22.12,-3.171269579567549e-05,22.65,ASK
34,1712451782.6293464,142400803.1162727,22.12,2.7826782799872907e-05,22.65,BID
35,1712451785.3807864,142401803.1162727,22.19,2.218893975923827e-07,22.65,BID
36,1712451788.453214,142402803.1162727,22.19,2.218893975923827e-07,22.65,BID
37,1712451791.6815724,142403803.1162727,22.19,2.218893975923827e-07,22.65,BID
38,1712451799.0613146,142404803.1162727,22.19,2.218893975923827e-07,22.65,BID
39,1712451801.999308,142405803.1162727,22.19,2.218893975923827e-07,22.65,BID
40,1712451805.1992958,142406803.1162727,22.19,2.218893975923827e-07,22.65,BID
41,1712451810.4710772,142406803.1162727,22.19,0.0,22.65,BID
42,1712451840.3108575,142406803.1162727,22.19,0.0,22.65,BID
43,1712451863.1107724,142412253.40893364,22.12,-1.2074623716852658e-06,22.65,ASK
44,1712451870.311483,142412253.40893364,22.12,-0.0,22.65,ASK
45,1712451880.7295992,142415411.73114103,22.12,-6.996786423268887e-07,22.65,ASK
46,1712451883.8697145,142420365.00621378,22.12,-1.0973233731077649e-06,22.65,ASK
47,1712451883.871273,142422162.40620852,22.12,-3.981868553780245e-07,22.65,ASK
48,1712451892.21964,142481717.3446996,22.12,-1.3193498247196243e-05,22.65,ASK
49,1712451900.4707024,142481717.3446996,22.12,-0.0,22.65,ASK
50,1712451930.4657135,142481717.3446996,22.12,-0.0,22.65,ASK
51,1712451960.2916772,142481717.3446996,22.12,-0.0,22.65,ASK
52,1712451978.109841,142482717.3446996,22.17,2.218623121791577e-07,22.65,BID
53,1712451990.3121212,142482717.3446996,22.17,0.0,22.65,BID
54,1712452001.2811966,142503018.42291003,22.17,4.504021997622334e-06,22.65,BID
55,1712452001.2829225,142529879.37626442,22.19,5.95940390609586e-06,22.65,BID
56,1712452001.2845771,142560168.6492298,22.18,6.720015080669081e-06,22.65,BID
57,1712452001.2863965,142587029.60258418,22.19,5.95940390609586e-06,22.65,BID
58,1712452001.2877765,142609771.50920773,22.2,5.0455471693920015e-06,22.65,BID
59,1712452001.2890918,142624072.58741817,22.19,3.17285467214342e-06,22.65,BID
60,1712452001.2904165,142650933.54077256,22.18,5.95940390609586e-06,22.65,BID
61,1712452001.2917612,142712285.87925836,22.17,1.3611704722338162e-05,22.65,BID
62,1712452001.2930791,142762285.87925836,22.2,1.1093061045657614e-05,22.65,BID
63,1712452001.294458,142803834.95054144,22.19,9.21812768267e-06,22.65,BID
64,1712452001.295468,142932647.11499065,22.2,2.8578424073168576e-05,22.65,BID
65,1712452001.2962544,143137615.4993308,22.21,4.547453599829909e-05,22.65,BID
66,1712452001.2970445,143233153.074972,22.2,2.1196083174842564e-05,22.65,BID
67,1712452002.2107334,143235975.47955358,22.18,-6.26182126379456e-07,22.65,ASK
68,1712452003.5693538,143253070.84835678,22.18,-3.792799394639256e-06,22.65,ASK
69,1712452003.6094587,143255893.25293836,22.18,6.26182126379456e-07,22.65,BID
70,1712452006.0593953,143295741.5627863,22.19,-8.840794674191983e-06,22.65,ASK
71,1712452008.6494503,143295741.5627863,22.21,0.0,22.65,BID
72,1712452008.651283,143296191.6077908,22.22,9.984753416135929e-08,22.65,BID
73,1712452013.6103597,143338463.7519108,22.19,-9.378549505081653e-06,22.65,ASK
74,1712452013.689181,143338463.75191146,22.19,-1.4546355188159195e-16,22.65,ASK
75,1712452020.4828086,143338463.75191146,22.19,-0.0,22.65,ASK
76,1712452024.2294488,143347476.82086143,22.21,1.991259398706891e-06,22.65,BID
77,1712452024.5494552,143347927.82086143,22.22,9.963953385933366e-08,22.65,BID
78,1712452026.1159112,143396283.60271317,22.18,-1.0683254020201486e-05,22.65,ASK
79,1712452030.149717,143418816.2750881,22.19,-4.97814849677052e-06,22.65,ASK
80,1712452030.1513314,143441254.47983527,22.18,-4.95727774201403e-06,22.65,ASK
81,1712452031.8526654,143452692.88080764,22.14,-2.527088560937318e-06,22.65,ASK
82,1712452031.8591523,143483077.39555886,22.18,-6.712857841140083e-06,22.65,ASK
83,1712452034.9394212,143487271.73501518,22.18,9.266563819856248e-07,22.65,BID
84,1712452035.6129603,143510017.55634913,22.22,5.02523954537017e-06,22.65,BID
85,1712452049.9997823,143650771.2242159,22.21,3.1096740255512374e-05,22.65,BID
86,1712452050.479527,143650771.2242159,22.21,0.0,22.65,BID
87,1712452059.8198164,143701506.14176655,22.21,1.1191736587387249e-05,22.65,BID
88,1712452059.821601,143729014.32690543,22.21,6.068096233014874e-06,22.65,BID
89,1712452059.9394042,143729014.3269064,22.21,-2.169474597104005e-16,22.65,ASK
90,1712452059.9410448,143748199.94990146,22.21,-4.232202380365173e-06,22.65,ASK
91,1712452079.927341,143749199.94990146,22.2,-2.205923874068297e-07,22.65,ASK
92,1712452080.2892537,143749199.94990146,22.2,-0.0,22.65,ASK
93,1712452089.0194025,143750199.94990146,22.2,2.204860612553381e-07,22.65,BID
94,1712452092.6323862,143751199.94990146,22.2,2.204860612553381e-07,22.65,BID
95,1712452094.0596397,143757390.6142705,22.19,-1.3649552032848668e-06,22.65,ASK
96,1712452094.0616224,143812847.869791,22.19,-1.222755183774431e-05,22.65,ASK
97,1712452103.9592683,143824509.754923,22.18,-2.5712831195635498e-06,22.65,ASK
98,1712452108.035997,143869534.51854298,22.18,-9.927332789524048e-06,22.65,ASK
99,1712452108.0368505,143894801.9144873,22.18,-5.57110860994379e-06,22.65,ASK
100,1712452110.3228002,143894801.9144873,22.18,-0.0,22.65,ASK
101,1712452112.7093437,143924801.9144873,22.17,6.609874326131801e-06,22.65,BID
102,1712452129.5308304,143925648.08577552,22.16,-1.864361957842988e-07,22.65,ASK
103,1712452131.0393367,143948393.90710947,22.16,-5.0115673487340906e-06,22.65,ASK
104,1712452131.979468,143980278.77894315,22.16,-7.025166524181935e-06,22.65,ASK
105,1712452131.9852347,144015082.00007626,22.16,-7.668163927815024e-06,22.65,ASK
106,1712452132.1199846,144036383.07828626,22.16,4.693248332639319e-06,22.65,BID
107,1712452132.1221018,144036383.07828668,22.16,9.192848261778078e-17,22.65,BID
108,1712452136.9743478,144036633.07828668,22.16,-5.508228605109834e-08,22.65,ASK
109,1712452137.1427903,144097233.55434963,22.16,-1.3352051029329364e-05,22.65,ASK
110,1712452140.3892074,144179354.00831822,22.16,-1.8093529344574512e-05,22.65,ASK
111,1712452140.450205,144185165.61704203,22.16,-1.2804667765698834e-06,22.65,ASK
112,1712452140.460354,144185165.61704203,22.16,-0.0,22.65,ASK
113,1712452140.472792,144190465.2429805,22.16,-1.1660089208890006e-06,22.65,ASK
114,1712452144.7699852,144404923.15701652,22.17,4.718443222677318e-05,22.65,BID
115,1712452144.772199,144437020.4953881,22.17,7.061966884556705e-06,22.65,BID
116,1712452163.4605474,144437921.80228308,22.19,1.9830302972608506e-07,22.65,BID
117,1712452163.7805338,144459203.71238634,22.16,-4.682386515962416e-06,22.65,ASK
118,1712452170.4891574,144459203.71238634,22.16,-0.0,22.65,ASK
119,1712452170.8047588,144528765.32310104,22.17,-1.5284321926876956e-05,22.65,ASK
120,1712452170.8058777,144567400.34032106,22.17,-8.489021958722471e-06,22.65,ASK
121,1712452174.9398253,144603767.713719,22.17,-7.990767277211115e-06,22.65,ASK
122,1712452174.9419346,144675596.9682558,22.17,-1.578257660838831e-05,22.65,ASK
123,1712452181.5892222,144676596.9682558,22.19,2.1972351947920298e-07,22.65,BID
124,1712452184.959347,144677596.9682558,22.19,2.1972351947920298e-07,22.65,BID
125,1712452187.0694048,144784930.0984791,22.19,2.3583613129383976e-05,22.65,BID
126,1712452188.9098897,144834930.0984791,22.2,1.098617597396015e-05,22.65,BID
127,1712452188.9124546,144898707.96606174,22.2,1.4013497530138203e-05,22.65,BID
128,1712452190.19959,144957707.62941355,22.22,1.2963613679746528e-05,22.65,BID
129,1712452190.2018108,144993351.52703154,22.22,7.831802632582403e-06,22.65,BID
130,1712452191.801597,145003161.15361553,22.22,-2.155405677811789e-06,22.65,ASK
131,1712452191.8033936,145014652.60524195,22.22,-2.5249421952820184e-06,22.65,ASK
132,1712452197.729313,145015652.60524195,22.23,2.1972351947920298e-07,22.65,BID
133,1712452200.385496,145015652.60524195,22.23,0.0,22.65,BID
134,1712452201.943454,145026898.6691196,22.23,2.4723931241626747e-06,22.65,BID
135,1712452205.1994002,145054259.01478842,22.23,6.015040572621518e-06,22.65,BID
136,1712452205.201722,145092012.95091078,22.23,8.300021509264674e-06,22.65,BID
137,1712452205.3401144,145206745.7226508,22.23,-2.522344875971151e-05,22.65,ASK
138,1712452205.342406,145206745.72265086,22.23,-1.3103794848952185e-17,22.65,ASK
139,1712452213.069487,145206970.8351621,22.22,4.948990429242924e-08,22.65,BID
140,1712452216.2993436,145215758.82587743,22.22,1.931997546534477e-06,22.65,BID
141,1712452219.7608323,145321072.2003211,22.22,-2.315263950923904e-05,22.65,ASK
142,1712452226.15948,145322891.67762116,22.22,4.000033447392777e-07,22.65,BID
143,1712452230.3194785,145322891.67762116,22.22,0.0,22.65,BID
144,1712452238.0896566,145323341.72262567,22.22,9.879191907662928e-08,22.65,BID
145,1712452241.659579,145344263.74519086,22.2,-4.592711260951076e-06,22.65,ASK
146,1712452241.662083,145370353.2342301,22.2,-5.727050992783511e-06,22.65,ASK
147,1712452248.7593808,145370593.2342301,22.22,5.2683754603266194e-08,22.65,BID
148,1712452248.7708757,145375255.2388921,22.22,1.0233829565519362e-06,22.65,BID
149,1712452248.8452995,145503226.4016068,22.22,-2.8091672219814063e-05,22.65,ASK
150,1712452255.9492364,145507726.8516518,22.22,-9.879191907270402e-07,22.65,ASK
151,1712452257.4199457,145529027.92985225,22.23,4.675919902908293e-06,22.65,BID
152,1712452257.4222312,145571980.66066995,22.23,9.428796374750584e-06,22.65,BID
153,1712452257.5271378,145571980.66067028,22.23,-7.196283596703511e-17,22.65,ASK
154,1712452257.5286288,145599253.55793428,22.23,-5.986827611570266e-06,22.65,ASK
155,1712452260.472637,145599253.55793428,22.23,-0.0,22.65,ASK
156,1712452290.4819112,145599253.55793428,22.23,-0.0,22.65,ASK
157,1712452314.163303,145605833.80357394,22.2,-1.4425223581685307e-06,22.65,ASK
158,1712452320.3026266,145605833.80357394,22.2,-0.0,22.65,ASK
159,1712452350.3208067,145605833.80357394,22.2,-0.0,22.65,ASK
160,1712452356.8796828,145626280.5849613,22.2,-4.482202702364109e-06,22.65,ASK
161,1712452356.8822374,145810364.63901535,22.2,-4.035363947566463e-05,22.65,ASK
162,1712452358.7093103,145850523.2361536,22.2,8.803291295887046e-06,22.65,BID
163,1712452363.589325,145851227.2436495,22.2,-1.543276783211927e-07,22.65,ASK
164,1712452365.2096138,145870753.66129127,22.22,4.280446895935004e-06,22.65,BID
165,1712452380.4862337,145870753.66129127,22.22,0.0,22.65,BID
166,1712452394.9795268,145881227.2436495,22.22,2.2929902333165853e-06,22.65,BID
167,1712452394.9820526,145886627.7837035,22.22,1.1823447961621494e-06,22.65,BID
168,1712452395.142445,145902474.47955,22.22,-3.4693305082732656e-06,22.65,ASK
169,1712452395.1452992,145904474.47955,22.21,-4.378616895130172e-07,22.65,ASK
170,1712452410.4620907,145904474.47955,22.21,-0.0,22.65,ASK
171,1712452440.4623747,145904474.47955,22.21,-0.0,22.65,ASK
172,1712452455.1228852,145909048.96263516,22.2,-1.001331192418428e-06,22.65,ASK
173,1712452455.1241152,145909499.4130856,22.2,-9.86013235327916e-08,22.65,ASK
174,1712452464.9203718,145917298.47840074,22.2,-1.7071759205073664e-06,22.65,ASK
175,1712452464.9230466,146096808.04936963,22.2,-3.929373645125099e-05,22.65,ASK
176,1712452465.0997162,146096808.0493698,22.2,-3.914146511130234e-17,22.65,ASK
177,1712452465.609638,146097708.9502707,22.2,1.972026470655832e-07,22.65,BID
178,1712452470.3210888,146097708.9502707,22.2,0.0,22.65,BID
179,1712452470.9894984,146120231.47279322,22.2,4.925441105407037e-06,22.65,BID
180,1712452482.2900012,146120682.1262407,22.19,-9.855321544414757e-08,22.65,ASK
181,1712452486.889558,146129691.1352497,22.2,1.9701764421628142e-06,22.65,BID
182,1712452500.3132002,146129691.1352497,22.2,0.0,22.65,BID
183,1712452504.3593247,146130141.58570015,22.19,9.86303661768209e-08,22.65,BID
184,1712452512.268463,146130592.23914766,22.19,9.867481429360153e-08,22.65,BID
185,1712452529.9486198,146162180.68680108,22.17,-6.916587953013971e-06,22.65,ASK
186,1712452529.9512362,146184256.23914766,22.17,-4.833649981531708e-06,22.65,ASK
187,1712452530.3005612,146184256.23914766,22.17,-0.0,22.65,ASK
188,1712452537.3809433,146195656.26501387,22.17,-2.4954819651538027e-06,22.65,ASK
189,1712452541.4892838,146334551.13912162,22.2,3.0404286574080552e-05,22.65,BID
190,1712452541.4924,146447751.4003827,22.19,2.4779699076386115e-05,22.65,BID
191,1712452541.4952507,146651574.14857668,22.2,4.461709106413092e-05,22.65,BID
192,1712452541.498201,146824386.92844352,22.19,3.782896465033713e-05,22.65,BID
193,1712452552.6686487,146826220.45706,22.18,-4.013620362565138e-07,22.65,ASK
194,1712452554.998425,146839637.87994024,22.23,2.9370930565784774e-06,22.65,BID
195,1712452560.4614644,146839637.87994024,22.23,0.0,22.65,BID
196,1712452567.4885924,146844136.3054913,22.23,-9.815861416860834e-07,22.65,ASK
197,1712452568.390144,146894136.3054913,22.25,1.0910329964841468e-05,22.65,BID
198,1712452568.3928905,146943257.6182542,22.24,1.071859461099186e-05,22.65,BID
199,1712452568.3956263,147006789.96452028,22.25,1.3863177224065802e-05,22.65,BID
200,1712452568.3983407,147029271.97890878,22.24,4.905723905057331e-06,22.65,BID
201,1712452568.3997924,147034951.81571746,22.26,1.2393778745833437e-06,22.65,BID
202,1712452568.400994,147035176.78203988,22.27,4.9089136172024696e-08,22.65,BID
203,1712452568.402246,147088762.5789824,22.25,1.1692774521440358e-05,22.65,BID
204,1712452568.403484,147099487.74752173,22.25,2.34030255384937e-06,22.65,BID
205,1712452568.4047213,147162308.34265026,22.26,1.3707868428800855e-05,22.65,BID
206,1712452568.40597,147204710.77300003,22.27,9.25249012854337e-06,22.65,BID
207,1712452568.4074435,147285446.1642532,22.25,1.761699516825394e-05,22.65,BID
208,1712452568.4087057,147285704.09572864,22.27,5.6282350105352654e-08,22.65,BID
209,1712452573.1086051,147302573.88265765,22.27,-3.681098836641668e-06,22.65,ASK
210,1712452573.1286535,147302573.88265827,22.27,-1.365643318067019e-16,22.65,ASK
211,1712452573.8698304,147334768.13240975,22.28,7.024997755182903e-06,22.65,BID
212,1712452573.872696,147771445.92658398,22.28,9.528597645519824e-05,22.65,BID
213,1712452587.4586377,147775786.5300704,22.28,-9.471483256673912e-07,22.65,ASK
214,1712452589.7702415,147813948.71738517,22.29,8.327241115686431e-06,22.65,BID
215,1712452589.772586,147814173.48185354,22.29,4.904509028618511e-08,22.65,BID
216,1712452589.7810466,147859114.8066151,22.28,9.806493644116472e-06,22.65,BID
217,1712452589.783353,147955668.30463287,22.29,2.106861045266816e-05,22.65,BID
218,1712452589.785727,147986106.94829786,22.28,6.641912921344552e-06,22.65,BID
219,1712452589.78807,148036106.94829786,22.3,1.0910329964841468e-05,22.65,BID
220,1712452589.79037,148083693.59554484,22.29,1.038372046770278e-05,22.65,BID
221,1712452589.791661,148089687.87536186,22.3,1.3079914141044491e-06,22.65,BID
222,1712452590.4702342,148089687.87536186,22.3,0.0,22.65,BID
223,1712452591.238712,148096719.22065333,22.3,1.525021221907687e-06,22.65,BID
224,1712452591.5383666,148103881.41796273,22.3,1.5534015810018096e-06,22.65,BID
225,1712452591.751087,148110887.78567573,22.26,-1.5196038606992448e-06,22.65,ASK
226,1712452591.898578,148117890.3865726,22.3,1.5187868798352405e-06,22.65,BID
227,1712452592.0589788,148125001.7767071,22.26,-1.542382065287178e-06,22.65,ASK
228,1712452592.2989428,148129965.602439,22.3,1.076599038898968e-06,22.65,BID
229,1712452592.3024614,148132007.6322991,22.31,4.428937484005254e-07,22.65,BID
230,1712452592.4588912,148139102.78924978,22.26,-1.5388612668033634e-06,22.65,ASK
231,1712452592.678486,148146263.34505436,22.31,1.5530455567149994e-06,22.65,BID
232,1712452592.838591,148153306.93249828,22.26,-1.5276764097157025e-06,22.65,ASK
233,1712452592.9387798,148166970.3844849,22.31,2.963451996787851e-06,22.65,BID
234,1712452592.9488816,148222938.8507015,22.32,1.213894286226766e-05,22.65,BID
235,1712452592.95199,148318848.96124688,22.32,2.080184486953441e-05,22.65,BID
236,1712452592.998419,148411283.1053849,22.32,-2.0047946103633333e-05,22.65,ASK
237,1712452593.0185578,148411283.10538563,22.32,-1.6159487345378647e-16,22.65,ASK
238,1712452593.058606,148418407.25413114,22.32,1.5451492672550513e-06,22.65,BID
239,1712452593.2084906,148425467.97161993,22.26,-1.5313917274660869e-06,22.65,ASK
240,1712452593.3487926,148429500.4595082,22.33,8.746021354081086e-07,22.65,BID
241,1712452593.3514962,148492675.7638277,22.33,1.3702026538883669e-05,22.65,BID
242,1712452593.4491684,148499755.16373813,22.33,1.5354437386066598e-06,22.65,BID
243,1712452593.528595,148521056.2419484,22.3,-4.619968864222572e-06,22.65,ASK
244,1712452593.530607,148522601.5750763,22.3,-3.351657068881451e-07,22.65,ASK
245,1712452593.568715,148527124.9185932,22.33,9.810633059939362e-07,22.65,BID
246,1712452593.570778,148530848.74347693,22.33,8.076565349802851e-07,22.65,BID
247,1712452593.572755,148531558.135757,22.33,1.5385935932919568e-07,22.65,BID
248,1712452593.5881655,148538586.74562246,22.26,-1.5244279381844017e-06,22.65,ASK
249,1712452593.768469,148583369.54902595,22.33,9.712896001530011e-06,22.65,BID
250,1712452593.8099422,148590442.94804072,22.33,1.5341422105439456e-06,22.65,BID
251,1712452593.989037,148597554.78660575,22.28,-1.5424793249172308e-06,22.65,ASK
252,1712452594.2141888,148604567.90796715,22.33,1.5210686525290916e-06,22.65,BID
253,1712452594.409001,148604667.82024834,22.28,-2.1669871528264548e-08,22.65,ASK
254,1712452594.4111526,148611761.49541107,22.27,-1.53853988334456e-06,22.65,ASK
255,1712452594.468734,148745592.36931363,22.33,2.9026440089008306e-05,22.65,BID
256,1712452594.4723692,148746109.90562156,22.33,1.1224791558173405e-07,22.65,BID
257,1712452594.4893982,148795592.36931363,22.33,1.0732200470125632e-05,22.65,BID
258,1712452594.4929378,148802653.0868024,22.33,1.531391727459623e-06,22.65,BID
259,1712452594.4955256,148824162.67022496,22.36,4.665191344482852e-06,22.65,BID
260,1712452594.497615,148874616.8312988,22.35,1.0942950912187108e-05,22.65,BID
261,1712452594.499616,148875479.34517375,22.36,1.8706974397660626e-07,22.65,BID
262,1712452594.588526,148882639.75625506,22.38,1.5530141678351538e-06,22.65,BID
263,1712452594.6172593,148946258.51905507,22.36,-1.3798207790944945e-05,22.65,ASK
264,1712452594.6189098,149077753.3334371,22.36,-2.8519774551079005e-05,22.65,ASK
265,1712452594.7691414,149077770.2392667,22.26,-3.6666879321259054e-09,22.65,ASK
266,1712452594.771417,149084830.95675546,22.28,-1.531391727459623e-06,22.65,ASK
267,1712452594.9486916,149137330.95675546,22.27,-1.1386670804992735e-05,22.65,ASK
268,1712452594.9785712,149144363.2465587,22.36,1.525226076090737e-06,22.65,BID
269,1712452595.178017,149151534.68153626,22.28,-1.5554051293123856e-06,22.65,ASK
270,1712452595.348469,149158526.22516042,22.35,1.5163886793730707e-06,22.65,BID
271,1712452595.428871,149165541.60913405,22.29,-1.5215593881586112e-06,22.65,ASK
272,1712452595.431933,149176177.0450124,22.29,-2.306708708848858e-06,22.65,ASK
273,1712452595.528612,149183185.96877924,22.28,-1.5201582405730949e-06,22.65,ASK
274,1712452595.748481,149190315.33314806,22.34,1.5462804784127274e-06,22.65,BID
275,1712452595.8484917,149197096.52663812,22.28,-1.4707660559286155e-06,22.65,ASK
276,1712452595.894051,149203899.76394796,22.26,-1.4755471172462865e-06,22.65,ASK
277,1712452595.8985462,149204110.11408207,22.28,-4.562262344445535e-08,22.65,ASK
278,1712452596.1387162,149211125.49805567,22.33,1.5215593881521473e-06,22.65,BID
279,1712452596.1416104,149211257.44950524,22.33,2.861881368628201e-08,22.65,BID
280,1712452596.2792022,149211649.057222,22.26,-8.493539343891825e-08,22.65,ASK
281,1712452596.2809026,149213197.16722867,22.26,-3.357679812524775e-07,22.65,ASK
282,1712452596.2825878,149218382.7858281,22.24,-1.1247034649928275e-06,22.65,ASK
283,1712452596.49833,149225571.4955055,22.32,1.5591518211275978e-06,22.65,BID
284,1712452596.6586025,149232583.60312882,22.25,-1.5208487839199696e-06,22.65,ASK
285,1712452596.878526,149239662.32176682,22.32,1.535295978135338e-06,22.65,BID
286,1712452597.0186918,149246710.52804485,22.26,-1.5286781838774542e-06,22.65,ASK
287,1712452597.2588117,149253856.83346355,22.33,1.549954805231856e-06,22.65,BID
288,1712452597.4185042,149259118.7897333,22.26,-1.1412602635011237e-06,22.65,ASK
289,1712452597.420355,149260972.93211824,22.26,-4.021430278660602e-07,22.65,ASK
290,1712452597.6606808,149264513.0445205,22.33,7.678113245182875e-07,22.65,BID
291,1712452597.6624982,149267987.8895746,22.33,7.536555567481955e-07,22.65,BID
292,1712452597.7988703,149268697.43248713,22.25,-1.5389202985030177e-07,22.65,ASK
293,1712452597.8026502,149269242.40038478,22.26,-1.18197524759434e-07,22.65,ASK
294,1712452597.805633,149275049.32455215,22.25,-1.2594577882540935e-06,22.65,ASK
295,1712452597.8585458,149283783.27604294,22.32,1.8942977229028056e-06,22.65,BID
296,1712452598.042138,149284248.41137242,22.35,1.0088272145936837e-07,22.65,BID
297,1712452598.0451713,149290829.76373866,22.35,1.4274227208766013e-06,22.65,BID
298,1712452598.1585686,149297982.00589114,22.32,-1.5512424172934909e-06,22.65,ASK
299,1712452598.3984036,149305086.61439225,22.35,1.5409112038181445e-06,22.65,BID
300,1712452598.5384834,149312110.56058058,22.32,-1.5234164380667549e-06,22.65,ASK
301,1712452598.789958,149319136.28764993,22.35,1.5238026915122502e-06,22.65,BID
302,1712452598.9286878,149326178.48495933,22.32,-1.527374904876112e-06,22.65,ASK
303,1712452599.1482687,149333301.6169504,22.35,1.544928744432316e-06,22.65,BID
304,1712452599.3084986,149340392.06538087,22.32,-1.537840040716894e-06,22.65,ASK
305,1712452599.5285249,149347382.44569406,22.35,1.516136370056608e-06,22.65,BID
306,1712452599.6955943,149354422.4905371,22.32,-1.5269080586699562e-06,22.65,ASK
307,1712452599.9285457,149361511.61805388,22.35,1.5375535491075737e-06,22.65,BID
308,1712452600.0886602,149371578.73214784,22.35,2.183445983699383e-06,22.65,BID
309,1712452600.0911872,149378762.67833617,22.32,-1.558118672901018e-06,22.65,ASK
310,1712452600.2888792,149379281.2364845,22.35,1.1246954148985825e-07,22.65,BID
311,1712452600.292725,149385820.93336973,22.35,1.4183881066005596e-06,22.65,BID
312,1712452600.4684792,149392995.23830244,22.32,-1.556027590922748e-06,22.65,ASK
313,1712452600.6684906,149400068.1689512,22.35,1.5340406271263273e-06,22.65,BID
314,1712452600.828431,149407083.81917542,22.32,-1.5216171349721798e-06,22.65,ASK
315,1712452601.0685554,149408179.6097659,22.36,2.376648899968449e-07,22.65,BID
316,1712452601.0782316,149414130.30875456,22.35,1.2906409608315737e-06,22.65,BID
317,1712452601.2311196,149421291.609203,22.32,-1.5532070617546313e-06,22.65,ASK
318,1712452601.448458,149428468.92463925,22.35,1.5566805359257785e-06,22.65,BID
319,1712452601.508433,149470609.23906413,22.32,-9.139769294760166e-06,22.65,ASK
320,1712452601.5810072,149477661.34668744,22.3,-1.5295243426285356e-06,22.65,ASK
321,1712452601.8185103,149484817.45407,22.35,1.5520807430562714e-06,22.65,BID
322,1712452602.00245,149485410.1422418,22.3,-1.285475257589442e-07,22.65,ASK
323,1712452602.0052116,149491916.6468951,22.3,-1.4111890776825777e-06,22.65,ASK
324,1712452602.198488,149499042.284479,22.35,1.5454721798732148e-06,22.65,BID
325,1712452602.3385346,149506089.01093638,22.3,-1.528357227106682e-06,22.65,ASK
326,1712452602.55858,149513197.06462765,22.35,1.5416584275558438e-06,22.65,BID
327,1712452602.749419,149520370.06911197,22.3,-1.5557455380143394e-06,22.65,ASK
328,1712452602.9387488,149527439.10714328,22.35,1.5331963613428402e-06,22.65,BID
329,1712452603.0985808,149534582.20131367,22.3,-1.5492583209011689e-06,22.65,ASK
330,1712452603.318529,149541652.29099977,22.3,1.5334244536637396e-06,22.65,BID
331,1712452603.4788826,149548731.9770984,22.29,-1.5355058096731868e-06,22.65,ASK
332,1712452603.678448,149555892.515215,22.3,1.5530417203880655e-06,22.65,BID
333,1712452603.8385727,149562978.6138697,22.29,-1.5368966223357593e-06,22.65,ASK
334,1712452604.0586617,149570130.0040042,22.3,1.5510576239957435e-06,22.65,BID
335,1712452604.2287636,149577194.6228383,22.29,-1.5322378862171682e-06,22.65,ASK
336,1712452604.4685812,149584324.9815827,22.3,1.5464961475072057e-06,22.65,BID
337,1712452604.589161,149591424.21925086,22.29,-1.5397463294038806e-06,22.65,ASK
338,1712452604.8285692,149592256.83235326,22.3,1.8058459628616809e-07,22.65,BID
339,1712452604.8322008,149598502.09981707,22.35,1.3545296133230468e-06,22.65,BID
340,1712452605.0103629,149605677.480983,22.29,-1.5562610140322898e-06,22.65,ASK
341,1712452605.0287175,149619100.29977491,22.35,2.911261311594868e-06,22.65,BID
342,1712452605.2085462,149626126.34004337,22.35,1.5238706209423626e-06,22.65,BID
343,1712452605.3689697,149633236.11582813,22.29,-1.5420319306357929e-06,22.65,ASK
344,1712452605.5724876,149640318.48719278,22.35,1.53608821424785e-06,22.65,BID
345,1712452605.7287304,149647378.3526636,22.29,-1.5312069341683395e-06,22.65,ASK
346,1712452605.970143,149654472.8045652,22.35,1.5387083494324106e-06,22.65,BID
347,1712452606.0883863,149661543.29783872,22.29,-1.5335119873249697e-06,22.65,ASK
348,1712452606.3285053,149668541.19493043,22.35,1.5177666763922314e-06,22.65,BID
349,1712452606.5112348,149675544.28910083,22.29,-1.5188938654211885e-06,22.65,ASK
350,1712452606.738438,149682702.0967071,22.35,1.5524495028225083e-06,22.65,BID
351,1712452606.8809612,149689738.374734,22.29,-1.5260910778059514e-06,22.65,ASK
352,1712452607.0982282,149696749.91835815,22.35,1.52072645872089e-06,22.65,BID
353,1712452607.2604525,150946215.31251293,22.35,0.0002709952595327,22.65,BID
354,1712452607.2635326,150967516.39072335,22.35,4.619968864254891e-06,22.65,BID
355,1712452607.2666278,150974557.28758433,22.35,1.5270928519612394e-06,22.65,BID
356,1712452607.269828,151050833.33170998,22.35,1.6543432471730188e-05,22.65,BID
357,1712452607.3183973,151107909.67433897,22.35,-1.2379229033699678e-05,22.65,ASK
358,1712452607.3384354,151107909.67433947,22.35,-1.098845139485748e-16,22.65,ASK
359,1712452607.478691,151115048.77948487,22.35,1.5483931453874363e-06,22.65,BID
360,1712452607.6596189,151122166.22343105,22.31,-1.543695070250879e-06,22.65,ASK
361,1712452607.838617,151129336.11157423,22.35,1.5550696380006051e-06,22.65,BID
362,1712452608.020949,151136493.15193295,22.31,-1.552283095291751e-06,22.65,ASK
363,1712452608.2185245,151143638.47631773,22.35,1.5497420297973852e-06,22.65,BID
364,1712452608.2984276,151144033.48358747,22.35,8.567271897351504e-08,22.65,BID
365,1712452608.379045,151144059.89416626,22.31,-5.728163169916469e-09,22.65,ASK
366,1712452608.3830967,151151086.48807177,22.31,-1.5239906987122614e-06,22.65,ASK
367,1712452608.5987282,151158149.99433294,22.36,1.5319965814275582e-06,22.65,BID
368,1712452608.7387094,151165274.97191143,22.31,-1.5453290319853522e-06,22.65,ASK
369,1712452608.9883888,151172261.33148208,22.36,1.515264315358619e-06,22.65,BID
370,1712452609.1494484,151177753.29529014,22.31,-1.1911463610535245e-06,22.65,ASK
371,1712452609.1533055,151179331.86959866,22.31,-3.423753522338045e-07,22.65,ASK
372,1712452609.308663,151179331.86959937,22.35,-1.5513107851563502e-16,22.65,ASK
373,1712452609.3124657,151223490.90864736,22.35,-9.577608394366465e-06,22.65,ASK
374,1712452609.3484,151230618.72617868,22.36,1.5459449864222485e-06,22.65,BID
375,1712452609.5085971,151233856.72483638,22.31,-7.02286186329085e-07,22.65,ASK
376,1712452609.5124588,151237770.78895894,22.31,-8.489173271085064e-07,22.65,ASK
377,1712452609.7284143,151244814.03035438,22.36,1.52760135561933e-06,22.65,BID
378,1712452609.731453,151244901.91597146,22.36,1.9061420764827413e-08,22.65,BID
379,1712452609.8885002,151251904.3374961,22.31,-1.5187479759793408e-06,22.65,ASK
380,1712452610.128494,151258980.63445497,22.36,1.5347707426467157e-06,22.65,BID
381,1712452610.2686243,151266158.43714553,22.32,-1.5567862160125992e-06,22.65,ASK
382,1712452610.44857,151278123.33415478,22.36,2.595054161143081e-06,22.65,BID
383,1712452610.4525728,151340669.75199348,22.36,1.356562799925178e-05,22.65,BID
384,1712452610.4885306,151347816.0847305,22.36,1.5499607302759498e-06,22.65,BID
385,1712452610.6334636,151354885.23271257,22.32,-1.5332202084477385e-06,22.65,ASK
386,1712452610.6362903,151357607.60565016,22.36,5.904526561668007e-07,22.65,BID
387,1712452610.8568866,151360196.60783008,22.38,5.615260102126719e-07,22.65,BID
388,1712452610.8589802,151364674.88817042,22.37,9.712896001517084e-07,22.65,BID
389,1712452611.0287197,151371728.7895157,22.32,-1.52991338113582e-06,22.65,ASK
390,1712452611.229051,151378780.6661913,22.38,1.5294742526196094e-06,22.65,BID
391,1712452611.4088097,151385936.4061016,22.32,-1.5520010423768783e-06,22.65,ASK
392,1712452611.6354616,151388185.61887714,22.36,4.878294370538336e-07,22.65,BID
393,1712452611.6385057,151392959.01487085,22.38,1.035296929566514e-06,22.65,BID
394,1712452611.7787027,151400146.18975872,22.32,-1.558818942210252e-06,22.65,ASK
395,1712452611.9982855,151407229.60504705,22.37,1.5363146297763131e-06,22.65,BID
396,1712452612.178705,151414303.1028049,22.32,-1.5341636268288728e-06,22.65,ASK
397,1712452612.2030344,151420128.85157558,22.37,1.2635406370356164e-06,22.65,BID
398,1712452612.3869774,151427205.7402658,22.37,1.5348990826461455e-06,22.65,BID
399,1712452612.5190315,151431774.40311116,22.32,-9.908925683669625e-07,22.65,ASK
400,1712452612.5238593,151434211.92860657,22.31,-5.28672388476383e-07,22.65,ASK
401,1712452612.7583194,151441245.99208444,22.37,1.525610766551834e-06,22.65,BID
402,1712452612.9188,151443791.83155078,22.31,-5.521644938189845e-07,22.65,ASK
403,1712452612.923517,151448387.20284677,22.31,-9.966853366501822e-07,22.65,ASK
404,1712452613.122497,151455367.17602515,22.37,1.513879177332725e-06,22.65,BID
405,1712452613.2885387,151457754.96397725,22.31,-5.17884864050221e-07,22.65,ASK
406,1712452613.2907,151462377.84867087,22.31,-1.0026526890613355e-06,22.65,ASK
407,1712452613.5188868,151469465.19779915,22.37,1.5371678362615677e-06,22.65,BID
408,1712452613.5398152,151482689.1019004,22.37,2.868118909671546e-06,22.65,BID
409,1712452613.5446112,151482919.1019004,22.38,4.9884462574253895e-08,22.65,BID
410,1712452613.5493748,151510795.94163233,22.37,6.046178992591391e-06,22.65,BID
411,1712452613.5544524,151757812.3114638,22.38,5.3575125461244144e-05,22.65,BID
412,1712452613.556598,151813590.30097762,22.38,1.2097630566821753e-05,22.65,BID
413,1712452613.558749,151867100.1670252,22.39,1.1605699609584306e-05,22.65,BID
414,1712452613.5609024,151888401.24523562,22.38,4.619968864254891e-06,22.65,BID
415,1712452613.563078,151980632.66981906,22.39,2.000397846870646e-05,22.65,BID
416,1712452613.5652905,152009009.08039784,22.38,6.154530397865993e-06,22.65,BID
417,1712452613.5675397,152009239.08039784,22.39,4.9884462574253895e-08,22.65,BID
418,1712452613.6784935,152016418.27322295,22.31,-1.5570877208586534e-06,22.65,ASK
419,1712452613.89856,152023563.44316927,22.36,1.5497085337979551e-06,22.65,BID
420,1712452614.0483768,152030685.32657734,22.32,-1.5446579405567314e-06,22.65,ASK
421,1712452614.2612903,152037707.37487787,22.36,1.5230048071418071e-06,22.65,BID
422,1712452614.431692,152044715.53631285,22.32,-1.5199928992065291e-06,22.65,ASK
423,1712452614.6684556,152051777.7903379,22.36,1.5317249852264538e-06,22.65,BID
424,1712452614.808574,152058881.19840962,22.32,-1.5406508439291155e-06,22.65,ASK
425,1712452614.848444,152058948.82370526,22.32,-1.4667180562515e-08,22.65,ASK
426,1712452615.028321,152066017.65197003,22.36,1.53315086529518e-06,22.65,BID
427,1712452615.1882043,152073134.4681135,22.33,-1.5435589067713903e-06,22.65,ASK
428,1712452615.2087495,152087318.73017046,22.33,-3.0764099553181296e-06,22.65,ASK
429,1712452615.4285295,152094484.65145847,22.36,1.554209270878072e-06,22.65,BID
430,1712452615.5684416,152101629.98778135,22.31,-1.5497446190385065e-06,22.65,ASK
431,1712452615.8094776,152108728.95915878,22.36,1.53968857388358e-06,22.65,BID
432,1712452615.94863,152115884.92328435,22.32,-1.5520496721951366e-06,22.65,ASK
433,1712452616.183002,152120607.65750158,22.36,1.0243089491625385e-06,22.65,BID
434,1712452616.1854372,152122874.01094088,22.36,4.915470579254561e-07,22.65,BID
435,1712452616.3323376,152129901.9481606,22.32,-1.5242820487425538e-06,22.65,ASK
436,1712452616.5484934,152136972.5206114,22.36,1.533529160005708e-06,22.65,BID
437,1712452616.688326,152144132.3412392,22.32,-1.5528861049838592e-06,22.65,ASK
438,1712452616.9384086,152151276.0353358,22.36,1.5493884382761483e-06,22.65,BID
439,1712452617.078648,152158445.00394565,22.32,-1.5548702013632536e-06,22.65,ASK
440,1712452617.2832935,152165613.5191514,22.36,1.5547718630163183e-06,22.65,BID
441,1712452617.4584656,152172529.35998788,22.31,-1.4999695799027803e-06,22.65,ASK
442,1712452617.463457,152172683.25009307,22.32,-3.3377066055623644e-08,22.65,ASK
443,1712452617.678379,152179789.64544192,22.36,1.5412987513800247e-06,22.65,BID
444,1712452617.8386722,152186914.71270648,22.32,-1.545348483903606e-06,22.65,ASK
445,1712452618.078681,152194037.38712507,22.36,1.5448295020137743e-06,22.65,BID
446,1712452618.2187636,152196172.645657,22.32,-4.631140187927032e-07,22.65,ASK
447,1712452618.223871,152201187.0283807,22.32,-1.087564292664579e-06,22.65,ASK
448,1712452618.4584408,152208238.41478497,22.36,1.529367918176972e-06,22.65,BID
449,1712452618.6185436,152215266.8004352,22.32,-1.524379308372607e-06,22.65,ASK
450,1712452618.818607,152222330.843369,22.36,1.5321129798050005e-06,22.65,BID
451,1712452618.9784913,152229395.68641832,22.32,-1.5322865160289627e-06,22.65,ASK
452,1712452619.1587534,152304290.31969202,22.36,1.624381969806046e-05,22.65,BID
453,1712452619.2331746,152311317.01915535,22.36,1.524013593040858e-06,22.65,BID
454,1712452619.3585982,152318340.11332574,22.32,-1.5232316447754713e-06,22.65,ASK
455,1712452619.5785372,152325487.58536154,22.35,1.5502078316094105e-06,22.65,BID
456,1712452619.7187114,152328890.91127303,22.32,-7.381438437383331e-07,22.65,ASK
457,1712452619.731621,152332572.96652743,22.31,-7.985971631932196e-07,22.65,ASK
458,1712452619.9683952,152339598.15668404,22.35,1.523686241062476e-06,22.65,BID
459,1712452620.1085112,152340097.98938364,22.35,1.0840819824534324e-07,22.65,BID
460,1712452620.1108775,152347151.5768276,22.35,-1.5298452993993077e-06,22.65,ASK
461,1712452620.3088036,152347151.5768276,22.35,-0.0,22.65,ASK
462,1712452620.3486311,152354253.63407266,22.36,1.5092205107174913e-06,22.65,BID
463,1712452620.5805466,152357536.51505208,22.31,-6.976276221679904e-07,22.65,ASK
464,1712452620.5830514,152361365.74169597,22.31,-8.137286411133827e-07,22.65,ASK
465,1712452620.7085202,152368442.25176308,22.35,1.503791615447656e-06,22.65,BID
466,1712452620.8686333,152375631.93786174,22.32,-1.5278420535471164e-06,22.65,ASK
467,1712452621.0896492,152382743.70519954,22.35,1.5112839510128e-06,22.65,BID
468,1712452621.2688582,152389770.70071524,22.32,-1.49326954079029e-06,22.65,ASK
469,1712452621.4689112,152392294.7404104,22.35,5.363702862881375e-07,22.65,BID
470,1712452621.4746685,152396862.88499057,22.36,9.707521720018578e-07,22.65,BID
471,1712452621.6090374,152403965.71010268,22.32,-1.5093836860664428e-06,22.65,ASK
472,1712452621.8492055,152411070.71904722,22.36,1.5098477607129647e-06,22.65,BID
473,1712452621.9892137,152418097.80424902,22.32,-1.4932885995067305e-06,22.65,ASK
474,1712452622.2386596,152425227.902639,22.36,1.5151793856713231e-06,22.65,BID
475,1712452622.368785,152432289.51698875,22.32,-1.500626205570676e-06,22.65,ASK
476,1712452622.598748,152439332.54024458,22.36,1.4966755108206871e-06,22.65,BID
477,1712452622.7407022,152446526.35190377,22.32,-1.5287187545287151e-06,22.65,ASK
478,1712452622.9785006,152453599.24993595,22.36,1.5030240410683082e-06,22.65,BID
479,1712452623.038494,152456456.964605,22.36,6.072777849400034e-07,22.65,BID
480,1712452623.1186342,152463645.93321487,22.32,-1.5276895838092589e-06,22.65,ASK
481,1712452623.3586433,152470643.9654152,22.36,1.4871147002838129e-06,22.65,BID
482,1712452623.498537,152477836.52146903,22.32,-1.528451932492214e-06,22.65,ASK
483,1712452623.7185037,152485003.7844386,22.36,1.5230770333344066e-06,22.65,BID
484,1712452623.8784986,152492053.60506642,22.32,-1.4981199842827436e-06,22.65,ASK
485,1712452624.0985658,152499173.59612185,22.36,1.513031529621803e-06,22.65,BID
486,1712452624.2586043,152506221.39881244,22.32,-1.4976911631501644e-06,22.65,ASK
487,1712452624.4785516,152513324.8887453,22.35,1.5095249635995652e-06,22.65,BID
488,1712452624.63854,152520494.57484397,22.32,-1.52359195964154e-06,22.65,ASK
489,1712452624.8388014,152520688.70786935,22.36,4.125417940150339e-08,22.65,BID
490,1712452624.848523,152599042.2419764,22.35,1.665049388943863e-05,22.65,BID
491,1712452624.8533611,152606173.3242662,22.36,1.5153884689989257e-06,22.65,BID
492,1712452625.0037415,152613314.26597023,22.32,-1.5174836408196768e-06,22.65,ASK
493,1712452625.2481558,152620464.6684747,22.36,1.5194941053340856e-06,22.65,BID
494,1712452625.388551,152627535.3859635,22.32,-1.5025606653590587e-06,22.65,ASK
495,1712452625.607757,152633657.050566,22.36,1.3008824709508617e-06,22.65,BID
496,1712452625.610336,152634653.3644966,22.36,2.117213882243758e-07,22.65,BID
497,1712452625.7688797,152641731.3914024,22.32,-1.504113950793297e-06,22.65,ASK
498,1712452625.9886498,152648858.49337018,22.36,1.514542631884489e-06,22.65,BID
499,1712452626.1555817,152656038.49337018,22.33,-1.5257837121018702e-06,22.65,ASK
500,1712452626.3688018,152663129.99605355,22.36,1.506977616798697e-06,22.65,BID
501,1712452626.3744495,152740464.71867436,22.36,1.643399166500775e-05,22.65,BID
502,1712452626.5288944,152747649.4271945,22.33,-1.5267842947403328e-06,22.65,ASK
503,1712452626.7285974,152754786.5023287,22.36,1.5166619765725938e-06,22.65,BID
504,1712452626.8885963,152761879.68618518,22.33,-1.5073348739794167e-06,22.65,ASK
505,1712452627.130671,152768899.8114088,22.36,1.4918095714616704e-06,22.65,BID
506,1712452627.2292871,152777844.35523704,22.36,1.900757560630028e-06,22.65,BID
507,1712452627.2686205,152784969.64671686,22.33,-1.514157894693134e-06,22.65,ASK
508,1712452627.4892566,152801481.9058278,22.35,3.508932590732453e-06,22.65,BID
509,1712452627.4955604,152878896.2053645,22.36,1.6450902133270176e-05,22.65,BID
510,1712452627.668472,152885967.23675463,22.33,-1.5026273708666009e-06,22.65,ASK
511,1712452627.7887363,152896270.67897272,22.36,2.1895298488791387e-06,22.65,BID
512,1712452627.8486333,152930726.52079776,22.36,-7.322028167604687e-06,22.65,ASK
513,1712452627.9196198,153012741.63926676,22.33,-1.7428597758510482e-05,22.65,ASK
514,1712452627.9406917,153019890.9010117,22.35,1.5192516885782688e-06,22.65,BID
515,1712452628.0788062,153019890.90101257,22.33,-1.836608696903452e-16,22.65,ASK
516,1712452628.084385,153027029.86962157,22.32,-1.517064348861657e-06,22.65,ASK
517,1712452628.219483,153027448.75866902,22.39,8.901588938269073e-08,22.65,BID
518,1712452628.2246933,153163318.32388642,22.38,2.8872920554189443e-05,22.65,BID
519,1712452628.2291622,153536456.90448046,22.35,7.929370036590342e-05,22.65,BID
520,1712452628.2336278,153536922.3367554,22.39,9.890654375854525e-08,22.65,BID
521,1712452628.2364955,153554953.18435064,22.37,3.831639773846164e-06,22.65,BID
522,1712452628.2390852,153558887.28777048,22.39,8.360154484285028e-07,22.65,BID
523,1712452628.2416627,153819029.89462024,22.38,5.5281525397644006e-05,22.65,BID
524,1712452628.2787282,153826063.43637994,22.39,1.494660648375759e-06,22.65,BID
525,1712452628.4388907,153831472.77104816,22.33,-1.1495090153310111e-06,22.65,ASK
526,1712452628.4442468,153833238.90723196,22.32,-3.753122315589445e-07,22.65,ASK
527,1712452628.658452,153840248.9296033,22.35,1.4896626679217522e-06,22.65,BID
528,1712452628.7185194,153863835.2705954,22.35,5.012208205266894e-06,22.65,BID
529,1712452628.7985065,153994117.15972516,22.35,2.768551314986717e-05,22.65,BID
530,1712452628.818617,154001206.17317805,22.35,-1.5064486436332643e-06,22.65,ASK
531,1712452629.0188308,154008211.1754112,22.39,1.488595864982433e-06,22.65,BID
532,1712452629.1788309,154015248.3502991,22.34,-1.495432705175959e-06,22.65,ASK
533,1712452629.398774,154022345.17924058,22.39,1.5081094716580846e-06,22.65,BID
534,1712452629.5790868,154022477.5209149,22.34,-2.812322717572761e-08,22.65,ASK
535,1712452629.584528,154029535.7622002,22.33,-1.4999094135357945e-06,22.65,ASK
536,1712452629.7987092,154036619.18489903,22.38,1.5052605821449538e-06,22.65,BID
537,1712452629.9186633,154043623.04140127,22.33,-1.4883523917839612e-06,22.65,ASK
538,1712452630.1386604,154043709.13526466,22.38,1.829535020673295e-08,22.65,BID
539,1712452630.1484118,154050603.83018816,22.39,1.4651550437566751e-06,22.65,BID
540,1712452630.3185186,154057797.82121956,22.34,-1.5287568719679291e-06,22.65,ASK
541,1712452630.55221,154064825.42282742,22.39,1.4933983382189947e-06,22.65,BID
542,1712452630.6885924,154071867.79950902,22.34,-1.496538110761178e-06,22.65,ASK
543,1712452630.928558,154079028.5058121,22.37,1.5216837109191783e-06,22.65,BID
544,1712452631.0725195,154086057.47442198,22.34,-1.4936888325646488e-06,22.65,ASK
545,1712452631.2924402,154093111.6094242,22.37,1.499036809103561e-06,22.65,BID
546,1712452631.4288878,154098060.7773198,22.34,-1.0517214155350331e-06,22.65,ASK
547,1712452631.4348738,154100204.65875155,22.35,-4.555848703697228e-07,22.65,ASK
548,1712452631.6873977,154107377.39008817,22.37,1.524239087005948e-06,22.65,BID
549,1712452631.8203795,154114400.5291016,22.34,-1.4924500159516798e-06,22.65,ASK
550,1712452632.0331652,154121438.83933854,22.37,1.4956739721767327e-06,22.65,BID
551,1712452632.108501,154149379.52655926,22.37,5.937527223720218e-06,22.65,BID
552,1712452632.1885943,154156532.08261308,22.34,-1.5199517446810616e-06,22.65,ASK
553,1712452632.4085977,154163560.7817637,22.37,1.4936315712093495e-06,22.65,BID
554,1712452632.5690968,154170615.2212256,22.34,-1.4991015082110983e-06,22.65,ASK
555,1712452632.7885127,154177750.8492989,22.37,1.5163544693405925e-06,22.65,BID
556,1712452632.9283266,154186886.78200307,22.37,1.9414285953896057e-06,22.65,BID
557,1712452632.9484508,154194032.52191338,22.34,-1.518503282180913e-06,22.65,ASK
558,1712452633.1685953,154201082.18664294,22.37,1.4980868551740805e-06,22.65,BID
559,1712452633.318697,154208228.7785712,22.34,-1.5186843399934316e-06,22.65,ASK
560,1712452633.518795,154215249.30629927,22.36,1.49189510555225e-06,22.65,BID
561,1712452633.618576,154222109.5556415,22.36,1.457835196007882e-06,22.65,BID
562,1712452633.6783388,154229297.40317512,22.35,-1.5274513498410853e-06,22.65,ASK
563,1712452633.7986135,154249440.85643405,22.35,-4.28057839665226e-06,22.65,ASK
564,1712452633.898599,154256492.01922473,22.36,1.4984052001960031e-06,22.65,BID
565,1712452634.0791562,154263496.95196015,22.34,-1.4885810963875812e-06,22.65,ASK
566,1712452634.2028053,154272958.0482804,22.36,2.0105273905364498e-06,22.65,BID
567,1712452634.2071118,154285539.70122364,22.37,2.673660324809857e-06,22.65,BID
568,1712452634.302013,154292641.04230544,22.37,1.5090683226584097e-06,22.65,BID
569,1712452634.4586215,154297000.4491443,22.34,-9.263944218891822e-07,22.65,ASK
570,1712452634.464187,154299654.45037717,22.34,-5.639877232590311e-07,22.65,ASK
571,1712452634.6783311,154306637.7315573,22.37,1.4839800392326266e-06,22.65,BID
572,1712452634.8585255,154313675.57909095,22.34,-1.4955756455555966e-06,22.65,ASK
573,1712452635.0585368,154320760.0672447,22.37,1.505486996320201e-06,22.65,BID
574,1712452635.2409818,154327827.600877,22.35,-1.5018840809000858e-06,22.65,ASK
575,1712452635.4584675,154334935.02484837,22.36,1.5103609652564432e-06,22.65,BID
576,1712452635.6284745,154342091.48224747,22.35,-1.520780798871559e-06,22.65,ASK
577,1712452635.7085512,154545993.05930448,22.35,-4.333004249936784e-05,22.65,ASK
578,1712452635.8284607,154553017.2095728,22.36,1.4926649123611343e-06,22.65,BID
579,1712452636.0111775,154553017.20957285,22.35,-1.266626687519622e-17,22.65,ASK
580,1712452636.0169969,154560182.09746516,22.34,-1.5225723182613046e-06,22.65,ASK
581,1712452636.068734,154563062.90214333,22.36,6.1218452029269e-07,22.65,BID
582,1712452636.2084942,154570224.79838663,22.36,1.521936578801788e-06,22.65,BID
583,1712452636.3756535,154577413.09435073,22.34,-1.527546643423288e-06,22.65,ASK
584,1712452636.428363,154626680.10025573,22.34,-1.0469470077141955e-05,22.65,ASK
585,1712452636.508634,154652315.88808018,22.34,-5.447725279867435e-06,22.65,ASK
586,1712452636.5144176,154666779.21833074,22.34,-3.07352558761234e-06,22.65,ASK
587,1712452636.608337,154673908.01976186,22.36,1.514903775823196e-06,22.65,BID
588,1712452636.7686496,154673908.01976195,22.34,-1.899940031279433e-17,22.65,ASK
589,1712452636.774473,154681054.0735735,22.33,-1.5185699876694557e-06,22.65,ASK
590,1712452636.828524,154681500.70153242,22.36,9.491053831405277e-08,22.65,BID
591,1712452636.9885025,154688524.04679182,22.36,1.492493844186308e-06,22.65,BID
592,1712452637.1493611,154695704.4055362,22.33,-1.5258599469676325e-06,22.65,ASK
593,1712452637.3887265,154702692.7329065,22.36,1.4850523783312056e-06,22.65,BID
594,1712452637.5289712,154709741.79120246,22.33,-1.4979579851866656e-06,22.65,ASK
595,1712452637.7285137,154716848.231274,22.36,1.5101518819225076e-06,22.65,BID
596,1712452637.89123,154724044.598987,22.33,-1.5292619279662708e-06,22.65,ASK
597,1712452638.1086867,154731062.26446107,22.36,1.4912868631331645e-06,22.65,BID
598,1712452638.2887373,154738204.50661352,22.33,-1.5177599922143985e-06,22.65,ASK
599,1712452638.4984095,154745267.0289749,22.36,1.50081916230229e-06,22.65,BID
600,1712452638.6614006,154752342.3204547,22.33,-1.5035326599228605e-06,22.65,ASK
601,1712452638.898311,154759392.72295916,22.36,1.4982436358062044e-06,22.65,BID
602,1712452639.0386193,154761343.5422426,22.33,-4.145582573684317e-07,22.65,ASK
603,1712452639.0441515,154766515.45838517,22.32,-1.0990564638871469e-06,22.65,ASK
604,1712452639.2584782,154773583.5710864,22.36,1.5020071357727125e-06,22.65,BID
605,1712452639.3385808,154794159.32971874,22.36,4.372445318294116e-06,22.65,BID
606,1712452639.4184546,154801168.92613128,22.32,-1.4895721496741565e-06,22.65,ASK
607,1712452639.6384594,154808288.69357315,22.36,1.5129840106903325e-06,22.65,BID
608,1712452639.778567,154815312.4603893,22.32,-1.4925834269730968e-06,22.65,ASK
609,1712452639.838628,154859955.31753215,22.36,9.486816753520202e-06,22.65,BID
610,1712452640.002041,154867064.3515214,22.36,1.5107031016124289e-06,22.65,BID
611,1712452640.1587224,154872209.9789946,22.32,-1.0934699982117815e-06,22.65,ASK
612,1712452640.1633556,154874242.87170076,22.32,-4.319992450561529e-07,22.65,ASK
613,1712452640.3783882,154881339.83055586,22.36,1.5081370789077036e-06,22.65,BID
614,1712452640.5227082,155024786.69732395,22.36,3.048313271125372e-05,22.65,BID
615,1712452640.539128,155031894.8587589,22.36,-1.5105176797263223e-06,22.65,ASK
616,1712452640.7784033,155038925.7930459,22.37,1.4941065481867564e-06,22.65,BID
617,1712452640.938625,155046085.882732,22.36,-1.5215526769127346e-06,22.65,ASK
618,1712452641.138613,155053232.9994061,22.37,1.5187958509507578e-06,22.65,BID
619,1712452641.2684944,155066647.25957596,22.37,2.85059326978759e-06,22.65,BID
620,1712452641.298596,155073762.01293918,22.36,-1.5119184954353694e-06,22.65,ASK
621,1712452641.3786013,155168732.29394302,22.37,2.018163062526264e-05,22.65,BID
622,1712452641.3883116,155209806.01293918,22.37,8.728358139248059e-06,22.65,BID
623,1712452641.4690907,155213774.7627469,22.37,8.433779685264083e-07,22.65,BID
624,1712452641.5486102,155220895.68362305,22.37,1.5132291208898013e-06,22.65,BID
625,1712452641.6772752,155227992.9930401,22.36,-1.5082115749736818e-06,22.65,ASK
626,1712452641.9197228,155234995.71990642,22.37,1.4881123388448676e-06,22.65,BID
627,1712452642.0490096,155242115.2266329,22.36,-1.5129286074447184e-06,22.65,ASK
628,1712452642.269323,155249113.08090198,22.37,1.4870768890579335e-06,22.65,BID
629,1712452642.428582,155256272.40825626,22.36,-1.5213906778229896e-06,22.65,ASK
630,1712452642.59046,155312105.8334994,22.37,1.186486501766564e-05,22.65,BID
631,1712452642.648594,155319197.74592122,22.38,1.5070646881434223e-06,22.65,BID
632,1712452642.7885573,155326266.62484497,22.37,-1.5021699616530274e-06,22.65,ASK
633,1712452643.028791,155329174.71242318,22.38,6.17982264651031e-07,22.65,BID
634,1712452643.0344324,155333416.91876528,22.39,9.014887660380374e-07,22.65,BID
635,1712452643.2089207,155340519.60934824,22.37,-1.5093550979917815e-06,22.65,ASK
636,1712452643.2149374,155516634.2584676,22.37,-3.742518984524814e-05,22.65,ASK
637,1712452643.408748,155523743.8609687,22.39,1.510823913048533e-06,22.65,BID
638,1712452643.598485,155530776.10312116,22.37,-1.494384475733729e-06,22.65,ASK
639,1712452643.7928307,155537804.0620314,22.39,1.4934742666497626e-06,22.65,BID
640,1712452643.9486592,155544981.10239014,22.37,-1.525154774440332e-06,22.65,ASK
641,1712452644.177898,155551965.157772,22.39,1.484144560733422e-06,22.65,BID
642,1712452644.3387911,155559145.06808588,22.37,-1.5257646533790964e-06,22.65,ASK
643,1712452644.47848,155723432.8446817,22.37,-3.491192390353059e-05,22.65,ASK
644,1712452644.563533,155730478.4453963,22.39,1.497223232911005e-06,22.65,BID
645,1712452644.7187183,155737510.91176403,22.37,-1.4944321225311634e-06,22.65,ASK
646,1712452644.9187405,155739059.0217707,22.39,3.289806452234103e-07,22.65,BID
647,1712452644.9217188,155744575.44950408,22.39,1.1722667945119533e-06,22.65,BID
648,1712452645.1078196,155751622.40017673,22.37,-1.497510105337646e-06,22.65,ASK
649,1712452645.319491,155811361.24233842,22.37,-1.2694784449877967e-05,22.65,ASK
650,1712452645.325178,155852113.9631902,22.37,-8.660144526389781e-06,22.65,ASK
651,1712452645.3308525,155859141.2521585,22.37,-1.4933319008436563e-06,22.65,ASK
652,1712452645.3334951,155876905.81645656,22.37,-3.7750533229208505e-06,22.65,ASK
653,1712452645.336168,155911437.3213791,22.37,-7.338106931082946e-06,22.65,ASK
654,1712452645.3990238,155921168.25454298,22.37,-2.0678689867690823e-06,22.65,ASK
655,1712452645.4047227,155923477.82841048,22.37,-4.907952909369584e-07,22.65,ASK
656,1712452645.4785783,155930517.29029387,22.36,-1.49591870245786e-06,22.65,ASK
657,1712452645.6847966,155937546.16825542,22.37,1.4936695693703288e-06,22.65,BID
658,1712452645.8479416,155944585.1368653,22.36,-1.495813879517437e-06,22.65,ASK
659,1712452646.062345,155951655.63306555,22.37,1.5025136405069932e-06,22.65,BID
660,1712452646.2186167,155988430.5433529,22.36,-7.814841104519048e-06,22.65,ASK
661,1712452646.2284043,155990452.9221456,22.36,-4.29764989081715e-07,22.65,ASK
662,1712452646.2387693,155990502.69889256,22.33,-1.0577792444385341e-08,22.65,ASK
663,1712452646.2433205,155997531.5768541,22.34,-1.4936695693703288e-06,22.65,ASK
664,1712452646.5139618,156004639.1763177,22.37,1.510398258172349e-06,22.65,BID
665,1712452646.5883102,156011753.16734907,22.32,-1.5117564963392914e-06,22.65,ASK
666,1712452646.798344,156017788.38766307,22.36,-1.2825126537662324e-06,22.65,ASK
667,1712452646.8191087,156024893.03674665,22.37,1.5097712885700252e-06,22.65,BID
668,1712452646.848407,156024893.03674737,22.36,-1.5199520250235463e-16,22.65,ASK
669,1712452646.968616,156031908.01432583,22.32,-1.4907156726985894e-06,22.65,ASK
670,1712452647.1488445,156166895.86321995,22.37,2.8685551695587134e-05,22.65,BID
671,1712452647.15502,156176207.72656658,22.36,1.9788146829548845e-06,22.65,BID
672,1712452647.2084692,156183194.76856834,22.38,1.484779231483004e-06,22.65,BID
673,1712452647.228955,156206550.29888934,22.37,-4.963159853939586e-06,22.65,ASK
674,1712452647.3685622,156212789.87126508,22.32,-1.325938426377695e-06,22.65,ASK
675,1712452647.37253,156213586.7562882,22.32,-1.6934180900974104e-07,22.65,ASK
676,1712452647.3773994,156213586.75628844,22.37,-5.066506750078488e-17,22.65,ASK
677,1712452647.5930598,156220756.4790076,22.36,1.5235997416692455e-06,22.65,BID
678,1712452647.7487438,156227743.52100936,22.33,-1.484779231483004e-06,22.65,ASK
679,1712452647.7551055,156227866.61353672,22.32,-2.6157740017676987e-08,22.65,ASK
680,1712452647.9684525,156234979.35951167,22.36,1.5114919160040344e-06,22.65,BID
681,1712452648.108451,156241998.73170897,22.32,-1.4916495498358431e-06,22.65,ASK
682,1712452648.328472,156249157.85514367,22.36,1.5213473439527575e-06,22.65,BID
683,1712452648.488374,156256270.0524531,22.33,-1.5113753220041468e-06,22.65,ASK
684,1712452648.728496,156263392.1007536,22.36,1.513468703859729e-06,22.65,BID
685,1712452648.8731146,156270529.49985674,22.34,-1.5167308214949418e-06,22.65,ASK
686,1712452648.8884938,156331446.63381195,22.36,1.2945176988410568e-05,22.65,BID
687,1712452649.0892427,156338533.27963597,22.39,1.505945511381203e-06,22.65,BID
688,1712452649.2286177,156345599.69219202,22.37,-1.5016458469382455e-06,22.65,ASK
689,1712452649.338421,156481305.44916594,22.37,-2.8838110533323865e-05,22.65,ASK
690,1712452649.4584143,156488459.31249776,22.39,1.5202295473956408e-06,22.65,BID
691,1712452649.6381836,156495507.0703453,22.37,-1.497681633791944e-06,22.65,ASK
692,1712452649.8467677,156502484.82827294,22.39,1.4828063221395568e-06,22.65,BID
693,1712452649.9985173,156509505.09733123,22.37,-1.491840137006582e-06,22.65,ASK
694,1712452650.1215167,156584016.41217917,22.37,-1.583400425658642e-05,22.65,ASK
695,1712452650.2215824,156591098.32374683,22.39,1.5049394596766966e-06,22.65,BID
696,1712452650.3133178,156591098.32374683,22.39,0.0,22.65,BID
697,1712452650.3607152,157763014.46790025,22.37,-0.0002441150020495,22.65,ASK
698,1712452650.3987036,157770122.3602769,22.37,-1.4806035148102238e-06,22.65,ASK
699,1712452650.618686,157774481.10632366,22.39,9.079449117963636e-07,22.65,BID
700,1712452650.6244075,157777180.91320232,22.39,5.623809903161103e-07,22.65,BID
701,1712452650.7584932,157784265.6217225,22.37,-1.475774221176766e-06,22.65,ASK
702,1712452650.95886,157791292.7320396,22.39,1.4637762761625922e-06,22.65,BID
703,1712452651.1387196,157798408.20289162,22.37,-1.482182142714888e-06,22.65,ASK
704,1712452651.158652,158011611.63508788,22.37,-4.441116077050966e-05,22.65,ASK
705,1712452651.3188488,158031336.16459388,22.36,-4.108701450017758e-06,22.65,ASK
706,1712452651.3784704,158038414.61787954,22.37,1.474471229838371e-06,22.65,BID
707,1712452651.418602,158038414.61787978,22.36,-4.9663580637899945e-17,22.65,ASK
708,1712452651.5185444,158045513.85554796,22.34,-1.4788007030752528e-06,22.65,ASK
709,1712452651.7481606,158052528.51804236,22.37,1.4611833429702995e-06,22.65,BID
710,1712452651.8794076,158059666.85884953,22.34,-1.486946049396029e-06,22.65,ASK
711,1712452652.128478,158066697.88254198,22.37,1.4645914485073266e-06,22.65,BID
712,1712452652.3091166,158073816.04397693,22.34,-1.4827426023185913e-06,22.65,ASK
713,1712452652.4884822,158080958.19864836,22.37,1.4877404931678923e-06,22.65,BID
714,1712452652.6682658,158088080.79954523,22.34,-1.483667360681463e-06,22.65,ASK
715,1712452652.888409,158095222.5071894,22.37,1.4876473755310153e-06,22.65,BID
716,1712452652.9903753,158208658.1005237,22.37,2.3629105407792307e-05,22.65,BID
717,1712452653.0283945,158215702.36061338,22.34,-1.4673486450417222e-06,22.65,ASK
718,1712452653.1689403,158263825.9837484,22.37,1.0024350649017102e-05,22.65,BID
719,1712452653.1758654,158437403.2617267,22.37,3.615686820325503e-05,22.65,BID
720,1712452653.2516432,158444492.80128863,22.37,1.4767805472465874e-06,22.65,BID
721,1712452653.4141412,158451615.13312718,22.34,-1.4836113147161264e-06,22.65,ASK
722,1712452653.6284304,158458635.6516788,22.37,1.4624031840220843e-06,22.65,BID
723,1712452653.7883627,158465753.85795683,22.34,-1.4827519433179873e-06,22.65,ASK
724,1712452654.0087123,158471872.15420437,22.37,1.2744665294180788e-06,22.65,BID
725,1712452654.0183928,158472867.76050487,22.37,2.0738892906315762e-07,22.65,BID
726,1712452654.1687095,158479974.5318053,22.34,-1.480369989974313e-06,22.65,ASK
727,1712452654.3686025,158486999.1183051,22.37,1.4632505545263596e-06,22.65,BID
728,1712452654.5386095,158494131.62951586,22.35,-1.4857317202443257e-06,22.65,ASK
729,1712452654.7582064,158501273.69478184,22.37,1.4877218696417587e-06,22.65,BID
730,1712452654.8985732,158508395.71271905,22.35,-1.4835459277638095e-06,22.65,ASK
731,1712452655.1185684,158513074.50638506,22.38,9.74612160660338e-07,22.65,BID
732,1712452655.125333,158515498.314957,22.37,5.048893962740809e-07,22.65,BID
733,1712452655.2586005,158522577.55262515,22.35,-1.4746346199705671e-06,22.65,ASK
734,1712452655.51122,158525010.95626855,22.38,5.068880895269854e-07,22.65,BID
735,1712452655.514394,158529726.56263125,22.39,9.822803983359269e-07,22.65,BID
736,1712452655.6498854,158536870.0603891,22.35,-1.4880202636499107e-06,22.65,ASK
737,1712452656.0184898,158547007.32523808,22.37,-2.111634387605637e-06,22.65,ASK
738,1712452656.998859,158578299.2340442,22.37,-6.518234619812556e-06,22.65,ASK
739,1712452657.0137994,158578299.2340451,22.37,-1.862384273921248e-16,22.65,ASK
740,1712452657.1699662,158645323.72443908,22.39,1.396147983072418e-05,22.65,BID
741,1712452657.1763592,158737082.30784795,22.38,1.911369417399417e-05,22.65,BID
742,1712452657.1824589,158995058.4807353,22.39,5.373750868379373e-05,22.65,BID
743,1712452657.185387,159016359.55893576,22.38,4.437103093513903e-06,22.65,BID
744,1712452657.1882873,159049031.59045795,22.39,6.805719915874586e-06,22.65,BID
745,1712452657.191199,159099031.59045795,22.4,1.0415207746193316e-05,22.65,BID
746,1712452657.1941266,159231337.03150573,22.39,2.7559773089288826e-05,22.65,BID
747,1712452657.1970456,159285140.64860374,22.4,1.120751699144693e-05,22.65,BID
748,1712452657.228356,159525248.64860374,22.4,-5.001549403045969e-05,22.65,ASK
749,1712452658.7104735,159686126.90109694,22.4,-3.3511608431224976e-05,22.65,ASK
750,1712452659.268783,159783526.48649028,22.4,-2.0288738325294514e-05,22.65,ASK
751,1712452659.5887597,159871924.9212015,22.4,1.841376123911281e-05,22.65,BID
752,1712452659.7985504,159878080.04452452,22.37,-1.2821377622545522e-06,22.65,ASK
753,1712452659.8050594,159878080.04452488,22.37,-7.449537095684992e-17,22.65,ASK
754,1712452659.908756,159910407.59250876,22.4,6.733962563543864e-06,22.65,BID
755,1712452659.9184003,159944788.124882,22.4,7.161607741842371e-06,22.65,BID
756,1712452659.99953,159958327.3990536,22.37,-2.820287064595753e-06,22.65,ASK
757,1712452660.00436,159996960.71424496,22.37,-8.047480072843262e-06,22.65,ASK
758,1712452660.009477,160011995.9170898,22.36,-3.131895222700884e-06,22.65,ASK
759,1712452660.028494,160014150.21025297,22.36,-4.487482168145459e-07,22.65,ASK
760,1712452660.398576,160018628.49059334,22.37,-9.328444018136696e-07,22.65,ASK
761,1712452660.5186114,160019382.49320045,22.37,-1.570618758838495e-07,22.65,ASK
762,1712452660.5784135,160063186.39482105,22.4,9.124534709446562e-06,22.65,BID
763,1712452661.518655,160107969.19822454,22.37,-9.328444018087032e-06,22.65,ASK
764,1712452662.0395122,160147454.09794715,22.4,8.224868668971034e-06,22.65,BID
765,1712452662.0449877,160147684.09794715,22.41,4.7909955632489255e-08,22.65,BID
766,1712452662.0505648,160168985.17615756,22.4,4.437103095587357e-06,22.65,BID
767,1712452662.0534947,160294185.16697863,22.41,2.607967828445745e-05,22.65,BID
768,1712452662.159711,160325489.50938988,22.41,6.520824591422753e-06,22.65,BID
769,1712452662.1703022,160353882.88845792,22.43,5.914458832202485e-06,22.65,BID
770,1712452662.1756787,160640325.7888965,22.42,5.966724630979894e-05,22.65,BID
771,1712452662.1810665,160684948.7250857,22.41,9.295143013113843e-06,22.65,BID
772,1712452662.1848078,160695015.8392857,22.42,2.09702171595222e-06,22.65,BID
773,1712452662.1879532,160695588.40825245,22.43,1.1926849475372562e-07,22.65,BID
774,1712452662.1911528,160740032.8526969,22.42,9.257962441061414e-06,22.65,BID
775,1712452662.1945257,160740876.6026969,22.44,1.7575663071701218e-07,22.65,BID
776,1712452662.1977336,160741198.6727407,22.45,6.708852830052265e-08,22.65,BID
777,1712452662.200946,160741628.09946576,22.44,8.945137106529424e-08,22.65,BID
778,1712452662.204177,160742111.20453146,22.45,1.0063279245078398e-07,22.65,BID
779,1712452662.2076497,160743656.5376592,22.43,3.218993112491204e-07,22.65,BID
780,1712452662.210811,160762904.12989104,22.45,4.009353434172583e-06,22.65,BID
781,1712452662.2140324,160776326.94878104,22.44,2.7960289455786737e-06,22.65,BID
782,1712452662.2172637,160826326.94878104,22.45,1.0415207746193316e-05,22.65,BID
783,1712452662.220497,160851605.42517173,22.43,5.265611662325506e-06,22.65,BID
784,1712452662.2237146,160852053.86468264,22.45,9.341181335493425e-08,22.65,BID
785,1712452662.2269597,160862053.86468264,22.43,2.083041549238663e-06,22.65,BID
786,1712452662.2302103,160918287.19281486,22.45,1.1713635895136932e-05,22.65,BID
787,1712452662.593977,160919174.18613335,22.45,1.847643936328697e-07,22.65,BID
788,1712452662.9391325,160932839.8365296,22.41,-2.8466117572774462e-06,22.65,ASK
789,1712452663.2686453,160940475.26434377,22.41,-1.5904913383099111e-06,22.65,ASK
790,1712452663.2756634,160942951.12999937,22.4,-5.157331030949957e-07,22.65,ASK
791,1712452664.4686773,160961788.91966066,22.44,3.923989856028197e-06,22.65,BID
792,1712452667.0390818,160971222.52170974,22.44,1.965058502722188e-06,22.65,BID
793,1712452667.0445387,161046117.15498343,22.44,1.560086329240907e-05,22.65,BID
794,1712452667.0497797,161064128.8503302,22.44,3.751910977955616e-06,22.65,BID
795,1712452670.0087824,161085100.9277802,22.42,-4.368570870221623e-06,22.65,ASK
796,1712452670.088529,161085939.51958057,22.44,1.746821563004633e-07,22.65,BID
797,1712452676.878539,161127547.7199369,22.43,8.66716101312916e-06,22.65,BID
798,1712452676.8859377,161136683.6526411,22.43,1.903052741385628e-06,22.65,BID
799,1712452677.458404,161146293.1376548,22.43,2.001695655037205e-06,22.65,BID
800,1712452677.4624565,161148795.13263115,22.43,5.211759491706217e-07,22.65,BID
801,1712452678.4986289,161160345.1166037,22.43,-2.405909650786111e-06,22.65,ASK
802,1712452680.47047,161160345.1166037,22.43,-0.0,22.65,ASK
803,1712452680.588443,161197828.30875707,22.43,7.644990969712837e-06,22.65,BID
804,1712452681.1483026,161205492.7333437,22.43,1.5632194961689112e-06,22.65,BID
805,1712452684.478665,161242168.36794728,22.42,-7.48028327485349e-06,22.65,ASK
806,1712452686.448603,161242418.36794728,22.42,5.0989460412235975e-08,22.65,BID
807,1712452686.7284791,161243240.0876258,22.41,-1.6759617207163908e-07,22.65,ASK
808,1712452688.15843,161464940.98873913,22.41,-4.5217637282701e-05,22.65,ASK
809,1712452688.218516,161482130.48474714,22.41,-3.5059325048265952e-06,22.65,ASK
810,1712452689.5584795,161582130.48474714,22.41,-2.039578416489439e-05,22.65,ASK
811,1712452690.1409,161582895.75609258,22.41,-1.560830918910268e-07,22.65,ASK
812,1712452692.348445,161587442.44547135,22.37,-9.273329523417408e-07,22.65,ASK
813,1712452692.7779937,161653596.12783733,22.37,-1.349256227249584e-05,22.65,ASK
814,1712452692.7813473,161702200.79210448,22.37,-9.91330241799998e-06,22.65,ASK
815,1712452696.2883756,161711307.2264318,22.37,-1.8573286905148504e-06,22.65,ASK
816,1712452700.6987166,161711727.61087525,22.37,-8.574070375128059e-08,22.65,ASK
817,1712452700.7059464,161749392.87416688,22.37,-7.682125806099474e-06,22.65,ASK
818,1712452701.298457,161750516.28894973,22.37,2.291292543869976e-07,22.65,BID
819,1712452701.308317,161783034.11480594,22.37,6.632265576748568e-06,22.65,BID
820,1712452702.3486328,161783201.23877814,22.38,-3.4086244659200595e-08,22.65,ASK
821,1712452702.3553145,161799803.03536633,22.37,-3.386066599620493e-06,22.65,ASK
822,1712452705.4121892,161804804.63146716,22.37,-1.0201147455264865e-06,22.65,ASK
823,1712452708.7489254,161836980.31832197,22.37,-6.562483644479246e-06,22.65,ASK
824,1712452708.7560158,161867819.12500712,22.37,-6.289816450532149e-06,22.65,ASK
825,1712452709.7608678,161909627.18834248,22.37,8.527082361402188e-06,22.65,BID
826,1712452710.4812117,161909627.18834248,22.37,0.0,22.65,BID
827,1712452711.3639135,161940068.13157,22.37,6.187493407941439e-06,22.65,BID
828,1712452714.1886165,161962110.88083348,22.36,-4.480457939202531e-06,22.65,ASK
829,1712452719.532311,161962390.97593492,22.36,-5.6932749449956144e-08,22.65,ASK
830,1712452719.537935,161990051.5680542,22.36,-5.622353095911946e-06,22.65,ASK
831,1712452720.2184882,162021315.71749973,22.36,-6.354820123451066e-06,22.65,ASK
832,1712452721.5209367,162066058.44680622,22.35,-9.094506059419436e-06,22.65,ASK
833,1712452721.5283144,162386227.08299553,22.35,-6.507818470156324e-05,22.65,ASK
834,1712452721.5328546,162401654.3760724,22.31,-3.1357856917260207e-06,22.65,ASK
835,1712452721.5362103,162523511.60976434,22.34,-2.476897067686533e-05,22.65,ASK
836,1712452721.5395868,162554279.11131823,22.32,-6.253870375191771e-06,22.65,ASK
837,1712452721.5429945,162558759.39805657,22.32,-9.106729857855256e-07,22.65,ASK
838,1712452721.5498147,162789058.20886874,22.29,-4.681104534462655e-05,22.65,ASK
839,1712452721.5532131,162795817.01584518,22.32,-1.3738100458870053e-06,22.65,ASK
840,1712452721.556645,162845144.37010527,22.3,-1.0026387061471169e-05,22.65,ASK
841,1712452721.5600815,162846832.1334401,22.31,-3.430585061190495e-07,22.65,ASK
842,1712452721.5635235,162864539.7064738,22.25,-3.599280436143476e-06,22.65,ASK
843,1712452721.5669465,162873994.0562496,22.3,-1.921712033586944e-06,22.65,ASK
844,1712452721.5703804,163277718.4430419,22.23,-8.206191126309921e-05,22.65,ASK
845,1712452721.5738354,163278718.4430419,22.3,-2.0326221042801745e-07,22.65,ASK
846,1712452721.5772817,163297694.9241909,22.28,-3.857201504494964e-06,22.65,ASK
847,1712452721.5807593,163342537.97351828,22.3,-9.114897328614558e-06,22.65,ASK
848,1712452721.5842185,163400564.82526094,22.25,-1.179466614939092e-05,22.65,ASK
849,1712452721.5876884,163425434.57662007,22.23,-5.055080634052953e-06,22.65,ASK
850,1712452731.208825,163428790.76972207,22.25,-6.821872285362204e-07,22.65,ASK
851,1712452734.508497,163431100.34358957,22.26,-4.694490894548002e-07,22.65,ASK
852,1712452740.2997174,163431100.34358957,22.26,-0.0,22.65,ASK
853,1712452742.3924358,163444765.99398586,22.28,2.758688278388336e-06,22.65,BID
854,1712452742.481115,163451651.14828587,22.29,1.3899078281321226e-06,22.65,BID
855,1712452742.7384818,163452102.14828587,22.29,-9.104348329378776e-08,22.65,ASK
856,1712452750.0203252,163469809.72131956,22.35,3.5746322165550404e-06,22.65,BID
857,1712452750.0263555,163473165.91442156,22.35,6.775155445961372e-07,22.65,BID
858,1712452750.029812,163482429.73847902,22.31,1.8700904896051733e-06,22.65,BID
859,1712452750.0333202,163651229.1978773,22.36,3.407558927212144e-05,22.65,BID
860,1712452752.948944,163801105.57254687,22.36,3.025558140435373e-05,22.65,BID
861,1712452752.95667,163864372.70745528,22.36,1.277175241702761e-05,22.65,BID
862,1712452753.3136604,163873345.34092322,22.36,-1.811307772150558e-06,22.65,ASK
863,1712452755.551569,163875016.3624569,22.36,-3.373295367717648e-07,22.65,ASK
864,1712452763.728848,163888682.01285315,22.36,2.75868827838232e-06,22.65,BID
865,1712452763.7323723,163892366.8207808,22.36,7.438531020032524e-07,22.65,BID
866,1712452769.932263,163898061.18580213,22.36,-1.149522897310671e-06,22.65,ASK
867,1712452770.3195229,163898061.18580213,22.36,-0.0,22.65,ASK
868,1712452785.889321,163919362.26401255,22.32,-4.2910114910507554e-06,22.65,ASK
869,1712452785.8935914,163988590.87895945,22.32,-1.3945809658661298e-05,22.65,ASK
870,1712452785.8977191,164013278.41253152,22.34,-4.973198501834464e-06,22.65,ASK
871,1712452785.9018786,164033623.77052873,22.33,-4.098485724205505e-06,22.65,ASK
872,1712452788.5787003,164219839.73928282,22.32,-3.751241387162666e-05,22.65,ASK
873,1712452791.00864,164220086.93334886,22.32,-4.9796191885326926e-08,22.65,ASK
874,1712452794.558966,164265010.56317815,22.29,-9.049673913827748e-06,22.65,ASK
875,1712452794.565888,164278850.90470287,22.28,-2.7880778585943948e-06,22.65,ASK
876,1712452794.571886,164291482.8379033,22.27,-2.5446491478860755e-06,22.65,ASK
877,1712452800.3412633,164291482.8379033,22.27,-0.0,22.65,ASK
878,1712452808.3891015,164314923.02016678,22.27,-4.714708117196877e-06,22.65,ASK
879,1712452808.3935208,164337200.39449352,22.28,-4.480823416278349e-06,22.65,ASK
880,1712452808.3975751,164376342.27598837,22.27,-7.872914311487219e-06,22.65,ASK
881,1712452808.4016726,164421694.81303373,22.27,-9.122112283070643e-06,22.65,ASK
882,1712452808.5287335,164691482.83790272,22.27,5.426458619109679e-05,22.65,BID
883,1712452808.5367827,164691482.8379033,22.27,1.1389313206565616e-16,22.65,BID
884,1712452809.6786084,164699830.63664544,22.26,-1.6790583813682544e-06,22.65,ASK
885,1712452809.6834695,164729445.8813044,22.25,-5.9567469577192284e-06,22.65,ASK
886,1712452809.6903389,164951283.0733008,22.24,-4.461985824361449e-05,22.65,ASK
887,1712452809.8010566,165007245.1523568,22.24,1.1256092867137468e-05,22.65,BID
888,1712452809.8184562,165231256.72050196,22.24,4.505720761074657e-05,22.65,BID
889,1712452819.1885982,165251341.3023365,22.24,-4.039769825226895e-06,22.65,ASK
890,1712452819.3387272,165268885.9243245,22.24,3.5288877351774893e-06,22.65,BID
891,1712452819.3481894,165318021.11457,22.24,9.88294705588385e-06,22.65,BID
892,1712452821.9790485,165337182.67032537,22.24,-3.854114334200194e-06,22.65,ASK
893,1712452821.9871907,165362180.1536187,22.23,-5.027940314955812e-06,22.65,ASK
894,1712452830.302602,165362180.1536187,22.23,-0.0,22.65,ASK
895,1712452834.358703,165433707.24003538,22.3,1.4318191545428044e-05,22.65,BID
896,1712452834.3687267,165457147.42229885,22.3,4.692222713404113e-06,22.65,BID
897,1712452834.37487,165475092.30740726,22.3,3.5921818588569463e-06,22.65,BID
898,1712452834.7487144,165477356.28627476,22.23,-4.532001050739886e-07,22.65,ASK
899,1712452834.7545216,165486429.06055534,22.24,-1.816175193282201e-06,22.65,ASK
900,1712452835.2286398,165504193.62485334,22.24,3.556085492677581e-06,22.65,BID
901,1712452835.2332902,165504193.62485343,22.24,1.789736092253473e-17,22.65,BID
902,1712452839.538705,165527633.8071169,22.24,-4.692222713404113e-06,22.65,ASK
903,1712452839.547202,165535485.53365985,22.24,-1.5717475747486917e-06,22.65,ASK
904,1712452840.949654,165572597.83589387,22.24,-7.429088457244458e-06,22.65,ASK
905,1712452840.955433,165917536.5882547,22.23,-6.904935424002762e-05,22.65,ASK
906,1712452840.9589634,165935619.84061638,22.23,-3.6198800209831984e-06,22.65,ASK
907,1712452840.9625268,166017660.2238886,22.21,-1.642272852145713e-05,22.65,ASK
908,1712452840.9660847,166041100.40615207,22.22,-4.692222713404113e-06,22.65,ASK
909,1712452851.4288542,166231155.5740426,22.21,-3.804497616751668e-05,22.65,ASK
910,1712452851.433507,166240227.4557435,22.22,-1.8159965179384613e-06,22.65,ASK
911,1712452856.448553,166240452.11881626,22.26,4.4972737884109215e-08,22.65,BID
912,1712452856.4547298,166268032.78802907,22.27,5.521059566716328e-06,22.65,BID
913,1712452860.4884925,166268032.78802907,22.27,0.0,22.65,BID
914,1712452862.0483148,166319862.8325641,22.27,1.0333601795821937e-05,22.65,BID
915,1712452865.6985204,166346517.73987722,22.27,5.314315288547608e-06,22.65,BID
916,1712452865.703435,166346517.7398781,22.27,1.7231308042146407e-16,22.65,BID
917,1712452866.0392487,166356517.73987785,22.27,1.9937474274395507e-06,22.65,BID
1118,1712452866.0477052,166356517.7398781,22.27,4.7534642874886635e-17,22.65,BID
918,1712452866.0477052,166356517.7398781,22.27,4.753464287488664e-17,22.65,BID
919,1712452871.439124,166372175.63249207,22.22,-3.121788311898606e-06,22.65,ASK
920,1712452871.445317,166388456.97812662,22.22,-3.2460890974911867e-06,22.65,ASK
921,1712452877.4789584,166420632.66498145,22.23,-6.4150192894465934e-06,22.65,ASK
922,1712452884.4686177,166434046.92515132,22.23,-2.6744646705308228e-06,22.65,ASK
923,1712452890.4702792,166434046.92515132,22.23,-0.0,22.65,ASK
924,1712452920.315169,166434046.92515132,22.23,-0.0,22.65,ASK
925,1712452932.538473,166436187.6860091,22.27,4.2649955681831254e-07,22.65,BID
926,1712452932.544628,166440165.19828686,22.27,7.924319138810331e-07,22.65,BID
927,1712452934.578765,166450165.19828686,22.28,1.992280245905025e-06,22.65,BID
928,1712452935.5888777,166450465.19828686,22.29,5.976840737715075e-08,22.65,BID
929,1712452939.218602,166481897.61858323,22.24,-6.2622190037444085e-06,22.65,ASK
930,1712452939.2256987,166517173.278644,22.24,-7.027900070031969e-06,22.65,ASK
931,1712452950.3040507,166517173.278644,22.24,-0.0,22.65,ASK
932,1712452955.5590484,166630608.8719783,22.25,-2.259122571011188e-05,22.65,ASK
933,1712452968.8358104,166651184.63061062,22.25,-4.097757976627079e-06,22.65,ASK
934,1712452980.4615982,166651184.63061062,22.25,-0.0,22.65,ASK
935,1712452981.4584365,166654065.4352888,22.26,-5.733851496424353e-07,22.65,ASK
936,1712452992.1812437,166669822.71433768,22.29,3.136272956602818e-06,22.65,BID
937,1712452992.688538,166670124.6678314,22.29,6.00997528538862e-08,22.65,BID
938,1712452992.69518,166674309.03107163,22.29,8.328408242474134e-07,22.65,BID
939,1712452999.328715,166683572.85512865,22.28,1.8438386966804864e-06,22.65,BID
940,1712453000.3554568,166686048.72078422,22.26,-4.927875222401922e-07,22.65,ASK
941,1712453002.168328,166699617.08323056,22.29,2.700598756536773e-06,22.65,BID
942,1712453002.172331,166700227.74148345,22.29,1.2154325365047465e-07,22.65,BID
943,1712453002.1762514,166700227.7414839,22.28,8.897622881953646e-17,22.65,BID
944,1712453010.4705682,166700227.7414839,22.28,0.0,22.65,BID
945,1712453011.518829,166702540.4149344,22.29,-4.602062154557226e-07,22.65,ASK
946,1712453014.2735283,166702765.0780072,22.3,4.4706416490035894e-08,22.65,BID
1146,1712453014.2735283,166702765.0780072,22.3,4.470641649003589e-08,22.65,BID
947,1712453014.277798,167286565.9298676,22.3,0.0001161723807381,22.65,BID
948,1712453022.878584,167306031.39862058,22.3,-3.873495285270295e-06,22.65,ASK
949,1712453034.0999997,167469824.49489,22.3,-3.259370705174099e-05,22.65,ASK
950,1712453040.288699,167469824.49489,22.3,-0.0,22.65,ASK
951,1712453052.9187725,167470052.4946695,22.29,-4.521598043215491e-08,22.65,ASK
952,1712453067.35056,167598945.14932662,22.29,-2.5561462225071208e-05,22.65,ASK
953,1712453070.290362,167598945.14932662,22.29,-0.0,22.65,ASK
954,1712453079.5686514,167925119.56619447,22.29,6.464867184641945e-05,22.65,BID
955,1712453079.5769506,167983334.26547676,22.29,1.1538314459724856e-05,22.65,BID
956,1712453082.2027435,168026862.76621425,22.26,-8.627469275999677e-06,22.65,ASK
957,1712453096.0482092,168040315.68101245,22.3,2.666404933036302e-06,22.65,BID
958,1712453100.47831,168040315.68101245,22.3,0.0,22.65,BID
959,1712453114.2801523,168060315.68101245,22.27,-3.964838358313967e-06,22.65,ASK
960,1712453114.289595,168243903.5516324,22.26,-3.6394811577758506e-05,22.65,ASK
961,1712453114.296947,168257868.47553286,22.27,-2.7684332975730208e-06,22.65,ASK
962,1712453114.4382613,168264102.84559205,22.26,1.2359134775304637e-06,22.65,BID
963,1712453116.2087395,168321205.57329375,22.3,1.132015425780165e-05,22.65,BID
964,1712453116.2182603,168335170.4971942,22.29,2.7684332975730208e-06,22.65,BID
965,1712453116.2250383,168851704.1798838,22.3,0.0001023986279244,22.65,BID
966,1712453122.20848,168874609.99011737,22.25,-4.540891752114596e-06,22.65,ASK
967,1712453130.4792645,168874609.99011737,22.25,-0.0,22.65,ASK
968,1712453138.508538,168880645.21043208,22.26,-1.1920394566851564e-06,22.65,ASK
969,1712453160.3292966,168880645.21043208,22.26,-0.0,22.65,ASK
970,1712453162.5331852,168881530.16618428,22.32,1.747863587664936e-07,22.65,BID
971,1712453162.720926,168895495.09008473,22.27,-2.758192364940818e-06,22.65,ASK
972,1712453162.818704,168981530.16618428,22.27,1.6992666176084995e-05,22.65,BID
973,1712453165.089763,168995495.09008473,22.32,2.758192364940818e-06,22.65,BID
974,1712453165.095724,169037523.21757618,22.33,8.300916008277153e-06,22.65,BID
975,1712453173.648464,169042491.7490849,22.33,9.8132762985239e-07,22.65,BID
976,1712453173.728765,169087523.2175759,22.33,-8.89410164060754e-06,22.65,ASK
977,1712453173.7362576,169087523.21757618,22.33,-5.2975930830607504e-17,22.65,ASK
978,1712453190.3183384,169087523.21757618,22.33,-0.0,22.65,ASK
979,1712453202.580017,169087971.24625003,22.32,8.840895193492515e-08,22.65,BID
980,1712453205.089848,169087996.19054917,22.32,4.922228133283489e-09,22.65,BID
981,1712453205.09645,169097234.82830867,22.32,1.8230491244948475e-06,22.65,BID
982,1712453205.101359,169151331.87905306,22.33,1.067490506333798e-05,22.65,BID
983,1712453210.4090168,169214920.0423401,22.33,-1.2547774728952029e-05,22.65,ASK
984,1712453213.978456,169420685.98741516,22.33,4.060354305308119e-05,22.65,BID
985,1712453216.8887782,169421685.98741516,22.33,-1.973287807089201e-07,22.65,ASK
986,1712453217.9286952,169421687.3762672,22.34,2.7406047767267156e-10,22.65,BID
987,1712453217.9384017,169421912.03933996,22.34,4.4332490219011896e-08,22.65,BID
988,1712453219.2792096,169664330.73686582,22.33,-4.783618600382225e-05,22.65,ASK
989,1712453220.1434832,169692160.7441276,22.33,-5.49166140008801e-06,22.65,ASK
990,1712453220.4796183,169692160.7441276,22.33,-0.0,22.65,ASK
991,1712453229.1782804,169707713.95920518,22.29,-3.060941923675122e-06,22.65,ASK
992,1712453245.830241,169715378.38379183,22.29,1.5083928577541728e-06,22.65,BID
993,1712453245.950716,169741475.82266808,22.3,-5.1360920786077615e-06,22.65,ASK
994,1712453250.4796207,169741475.82266808,22.3,-0.0,22.65,ASK
995,1712453269.6585038,169741709.32064742,22.28,-4.5943499670370727e-08,22.65,ASK
996,1712453269.6626172,169769472.34836403,22.28,-5.462705323342666e-06,22.65,ASK
997,1712453269.8581913,169807814.34836403,22.28,-7.544243720302823e-06,22.65,ASK
998,1712453276.9782186,169812294.63510236,22.31,8.81549608545408e-07,22.65,BID
999,1712453277.4387517,169849393.59677234,22.27,-7.299661170739995e-06,22.65,ASK
1000,1712453277.4434023,169857053.9191455,22.28,-1.5072593750755184e-06,22.65,ASK
1201,1712453280.4785538,169857053.9191455,22.28,-0.0,22.65,ASK
1202,1712453287.3584569,169928824.2752704,22.27,-1.4114518817380248e-05,22.65,ASK
1203,1712453287.3615494,170075230.7469188,22.27,-2.879262429004948e-05,22.65,ASK
1204,1712453289.6593063,170100499.1064125,22.31,4.969332114466408e-06,22.65,BID
1205,1712453289.660679,170110815.90345174,22.31,2.028924388950027e-06,22.65,BID
1206,1712453289.6691284,170138531.81673026,22.32,5.450673518043018e-06,22.65,BID
1207,1712453289.6713953,170138754.68929273,22.34,4.383061679892309e-08,22.65,BID
1208,1712453289.6736426,170164023.04878646,22.33,4.969332114472269e-06,22.65,BID
1209,1712453289.6759372,170179247.1881726,22.36,2.9940133147760874e-06,22.65,BID
1210,1712453289.678227,170278993.50430873,22.32,1.961633370771377e-05,22.65,BID
1211,1712453289.6805336,170306063.30296645,22.35,5.323607171072939e-06,22.65,BID
1212,1712453310.4736328,170306063.30296645,22.35,0.0,22.65,BID
1213,1712453322.1910293,170418170.92628482,22.3,-2.2004009219714274e-05,22.65,ASK
1214,1712453325.958464,170430043.1684373,22.3,2.33023337797479e-06,22.65,BID
1215,1712453328.308309,170482786.53346282,22.3,1.035224417347978e-05,22.65,BID
1216,1712453335.6583705,170519729.2670918,22.3,-7.250963202254205e-06,22.65,ASK
1217,1712453338.758598,170519729.267092,22.3,-3.5096841258979704e-17,22.65,ASK
1218,1712453340.28167,170519729.267092,22.3,-0.0,22.65,ASK
1219,1712453342.4887326,170564261.48528782,22.3,8.73242845868757e-06,22.65,BID
1220,1712453344.8607044,170578816.98285034,22.27,-2.8542220957070607e-06,22.65,ASK
1221,1712453344.9382927,170605061.07313403,22.27,5.146266010327741e-06,22.65,BID
1222,1712453370.3385012,170605061.07313403,22.27,0.0,22.65,BID
1223,1712453389.5535707,170606061.07313403,22.27,-1.960192792651849e-07,22.65,ASK
1224,1712453400.4996862,170606061.07313403,22.27,-0.0,22.65,ASK
1225,1712453413.158633,170638863.57755882,22.28,-6.435490023626511e-06,22.65,ASK
1226,1712453427.898626,170660164.65576926,22.28,-4.1790368973241125e-06,22.65,ASK
1227,1712453427.9014902,170683746.88096994,22.28,-4.626572808241406e-06,22.65,ASK
1228,1712453430.3227332,170683746.88096994,22.28,-0.0,22.65,ASK
1229,1712453439.6613245,170842797.78841668,22.32,3.119344356370884e-05,22.65,BID
1230,1712453439.663008,171195268.20344093,22.33,6.912733901010642e-05,22.65,BID
1231,1712453439.6643686,171196208.20344093,22.3,1.843550434297565e-07,22.65,BID
1232,1712453439.6656735,171217469.4647022,22.35,4.169809301265937e-06,22.65,BID
1233,1712453439.93861,171218566.43705848,22.35,2.151408365798044e-07,22.65,BID
1234,1712453460.4810743,171218566.43705848,22.35,0.0,22.65,BID
1235,1712453460.80845,171238770.5429126,22.35,3.953219155352086e-06,22.65,BID
1236,1712453460.8099115,171255770.5429126,22.35,3.326290513730822e-06,22.65,BID
1237,1712453460.8113348,171263106.6972126,22.37,1.435422379727629e-06,22.65,BID
1238,1712453460.8127637,171263330.75803548,22.36,4.384066997797244e-08,22.65,BID
1239,1712453460.8142116,171284716.64012825,22.36,4.184450396056455e-06,22.65,BID
1240,1712453460.815643,171329459.3694347,22.35,8.754548002970707e-06,22.65,BID
1241,1712453460.817049,171376201.27611336,22.36,9.145715339933775e-06,22.65,BID
1242,1712453460.8185096,171402051.25847998,22.37,5.057914772129535e-06,22.65,BID
1243,1712453464.9210522,171411242.90426698,22.35,-1.7984755404043623e-06,22.65,ASK
1244,1712453464.9382071,171411242.90426782,22.35,-1.6327488840408715e-16,22.65,ASK
1245,1712453466.598117,171411502.13294223,22.37,5.072175768134698e-08,22.65,BID
1246,1712453467.6482024,171418565.74492258,22.37,1.3820956189946874e-06,22.65,BID
1247,1712453467.9681792,171425641.5160446,22.37,1.384474727086328e-06,22.65,BID
1248,1712453468.1283035,171432706.69262037,22.32,-1.3824017542264673e-06,22.65,ASK
1249,1712453468.3486593,171439808.9277567,22.37,1.3896527858976844e-06,22.65,BID
1250,1712453468.5086882,171446942.81242368,22.32,-1.3958454643425323e-06,22.65,ASK
1251,1712453468.7287538,171451170.69673946,22.38,8.272453819270254e-07,22.65,BID
1252,1712453468.7322335,171454043.82812133,22.37,5.621688035420137e-07,22.65,BID
1253,1712453468.7881308,171568563.48611072,22.38,2.2407391294457764e-05,22.65,BID
1254,1712453468.889028,171568563.4861111,22.38,-7.580619818761189e-17,22.65,ASK
1255,1712453468.8920598,171575551.99750993,22.32,-1.3674011277059744e-06,22.65,ASK
1256,1712453468.8950653,171615466.11174092,22.32,-7.809761148853636e-06,22.65,ASK
1257,1712453469.0487833,171615689.87234834,22.39,4.378192857720255e-08,22.65,BID
1258,1712453469.0584552,171749454.49941397,22.39,2.617294176947895e-05,22.65,BID
1259,1712453469.088939,171756541.63652876,22.39,1.386698644379164e-06,22.65,BID
1260,1712453469.2484312,171763480.16493395,22.32,-1.357621247849043e-06,22.65,ASK
1261,1712453469.2581296,171763593.67050284,22.32,-2.22089704153114e-08,22.65,ASK
1262,1712453469.4834485,171770674.82280296,22.39,1.3855276307159031e-06,22.65,BID
1263,1712453469.6589131,171777712.55190444,22.33,-1.377031267556301e-06,22.65,ASK
1264,1712453469.73838,171844740.24283788,22.39,1.3114916029951182e-05,22.65,BID
1265,1712453469.8581405,171851779.2334587,22.39,1.3772781016635e-06,22.65,BID
1266,1712453469.99846,171866042.58255768,22.37,-2.790826047174686e-06,22.65,ASK
1267,1712453470.001686,171869039.59058365,22.36,-5.864070215513277e-07,22.65,ASK
1268,1712453470.0402827,171876213.4394884,22.33,-1.4036650328727696e-06,22.65,ASK
1269,1712453470.1384473,171896311.69763938,22.39,3.932508554709881e-06,22.65,BID
1270,1712453470.2417564,171903312.4569069,22.39,1.3697975965016118e-06,22.65,BID
1271,1712453470.3982587,171910474.59369725,22.34,-1.4013733919843778e-06,22.65,ASK
1272,1712453470.6181045,171917495.5852113,22.39,1.373756321776008e-06,22.65,BID
1273,1712453470.6652598,171926428.1443895,22.39,1.7477815798704102e-06,22.65,BID
1274,1712453470.758256,171933537.8001785,22.34,-1.391104741576576e-06,22.65,ASK
1275,1712453470.808251,172028404.2058725,22.39,1.856195443127753e-05,22.65,BID
1276,1712453470.97889,172031720.5330074,22.4,6.488863228982404e-07,22.65,BID
1277,1712453470.981468,172035429.07194394,22.4,7.256281108450847e-07,22.65,BID
1278,1712453471.148181,172042458.75455457,22.34,-1.3754568577811989e-06,22.65,ASK
1279,1712453471.3582375,172049452.1474117,22.4,1.3683562540869914e-06,22.65,BID
1280,1712453471.4981496,172056526.48804647,22.34,-1.3841948320184383e-06,22.65,ASK
1281,1712453471.6591568,172056751.15111926,22.43,4.3958508695443966e-08,22.65,BID
1282,1712453471.670099,172289484.4274931,22.4,4.553755820186916e-05,22.65,BID
1283,1712453471.6726243,172289708.0882074,22.4,4.376238307443035e-08,22.65,BID
1284,1712453471.675126,172290588.3466744,22.44,1.722350228514835e-07,22.65,BID
1285,1712453471.6776216,172309835.93890628,22.43,3.766063732531014e-06,22.65,BID
1286,1712453471.6797864,172330144.16902217,22.42,3.973592540302892e-06,22.65,BID
1287,1712453471.681626,172330367.5305915,22.43,4.370385112618605e-08,22.65,BID
1288,1712453471.683132,172422349.37603244,22.44,1.799754940739411e-05,22.65,BID
1289,1712453471.6846075,172694407.17040062,22.43,5.323195650549412e-05,22.65,BID
1290,1712453471.748092,172701385.8340977,22.45,1.3654742855388545e-06,22.65,BID
1291,1712453471.8318036,172810270.49871972,22.44,-2.130482511899705e-05,22.65,ASK
1292,1712453471.8333452,172810270.4987203,22.44,-1.1079367427420199e-16,22.65,ASK
1293,1712453471.8883994,172817258.47368675,22.33,-1.3672961671262198e-06,22.65,ASK
1294,1712453472.11182,172820854.71611416,22.44,7.036557100803439e-07,22.65,BID
1295,1712453472.1134362,172824301.76559827,22.43,6.744639999609169e-07,22.65,BID
1296,1712453472.2681892,172831307.8004664,22.34,-1.3708298423940437e-06,22.65,ASK
1297,1712453472.4883077,172838389.03932557,22.44,1.3855445672200773e-06,22.65,BID
1298,1712453472.6498635,172845469.6383421,22.35,-1.3854193729572206e-06,22.65,ASK
1299,1712453472.869273,172852457.6133286,22.44,1.367296171044817e-06,22.65,BID
1300,1712453472.8719482,172852458.89801916,22.45,2.513678834813595e-10,22.65,BID
1301,1712453473.04811,172859515.62577957,22.37,-1.3807486239655255e-06,22.65,ASK
1302,1712453473.248926,172863981.90536866,22.43,8.738907899322894e-07,22.65,BID
1303,1712453473.2520268,172866612.84782928,22.44,5.147811146443001e-07,22.65,BID
1304,1712453473.408825,172873563.52971578,22.38,-1.359999248412128e-06,22.65,ASK
1305,1712453473.4121015,172873692.0610613,22.37,-2.5148976194611992e-08,22.65,ASK
1306,1712453473.702529,172880666.292002,22.43,1.3646069540362935e-06,22.65,BID
1307,1712453473.7052212,172888042.45737523,22.43,1.443251112276734e-06,22.65,BID
1308,1712453473.7075071,172892417.54978272,22.44,8.560487277497437e-07,22.65,BID
1309,1712453473.708989,172982157.6627918,22.45,1.7558922741363892e-05,22.65,BID
1310,1712453473.808756,172989217.87736487,22.37,-1.3814308681975156e-06,22.65,ASK
1311,1712453474.0307882,172996313.6011956,22.45,1.3883787568358827e-06,22.65,BID
1312,1712453474.1822608,173003348.82694438,22.38,-1.3765414511831209e-06,22.65,ASK
1313,1712453474.4202108,173010474.12761253,22.45,1.3941658835263443e-06,22.65,BID
1314,1712453474.5608811,173017547.88711184,22.38,-1.384081124645468e-06,22.65,ASK
1315,1712453474.7785373,173024579.9138379,22.45,1.3759155171304995e-06,22.65,BID
1316,1712453474.938601,173024821.32490376,22.38,-4.723549048443906e-08,22.65,ASK
1317,1712453474.940214,173031682.14897424,22.37,-1.3424172954132454e-06,22.65,ASK
1318,1712453475.1582832,173038678.40732613,22.45,1.36891692867701e-06,22.65,BID
1319,1712453475.299601,173045819.8020512,22.37,-1.3973149134562426e-06,22.65,ASK
1320,1712453475.538324,173052820.51474607,22.45,1.3697884839026714e-06,22.65,BID
1321,1712453475.697973,173059926.99664146,22.37,-1.3904837243897757e-06,22.65,ASK
1322,1712453475.9181125,173066893.0394222,22.44,1.3630048246985248e-06,22.65,BID
1323,1712453476.065933,173070634.14268976,22.37,-7.31999782925912e-07,22.65,ASK
1324,1712453476.068854,173073942.52534083,22.37,-6.473318722361902e-07,22.65,ASK
1325,1712453476.218257,173150550.9471878,22.44,1.4989521580089293e-05,22.65,BID
1326,1712453476.2981524,173157529.15574396,22.44,1.365385230773047e-06,22.65,BID
1327,1712453476.4379814,173164596.20983425,22.37,-1.382769116503437e-06,22.65,ASK
1328,1712453476.6382773,173171737.0297986,22.44,1.397202453392626e-06,22.65,BID
1329,1712453476.8282535,173178757.1907284,22.37,-1.3735938062149662e-06,22.65,ASK
1330,1712453477.048448,173185784.8199619,22.44,1.3750550854964352e-06,22.65,BID
1331,1712453477.1887434,173192795.99564362,22.37,-1.3718357153042949e-06,22.65,ASK
1332,1712453477.4082556,173199818.0990304,22.44,1.373973875406776e-06,22.65,BID
1333,1712453477.5712552,173200052.79190195,22.37,-4.5920980720374064e-08,22.65,ASK
1334,1712453477.572889,173206819.12719312,22.37,-1.3239292289273089e-06,22.65,ASK
1335,1712453477.788164,173213836.06123948,22.44,1.372962420816177e-06,22.65,BID
1336,1712453477.9688249,173220886.97764537,22.37,-1.3796115502358231e-06,22.65,ASK
1337,1712453478.195876,173227918.48388422,22.44,1.3758136764423e-06,22.65,BID
1338,1712453478.3288796,173374222.36899328,22.44,2.862642500942668e-05,22.65,BID
1339,1712453478.3375986,173381296.26260078,22.44,1.3841073648093582e-06,22.65,BID
1340,1712453478.3885286,173395344.70288578,22.44,-2.7487760972176585e-06,22.65,ASK
1341,1712453478.4088588,173395344.70288596,22.44,-3.49874760865901e-17,22.65,ASK
1342,1712453478.5692103,173402341.62664878,22.43,1.3690471257407598e-06,22.65,BID
1343,1712453478.6919315,173409413.10630903,22.37,-1.3836350418768277e-06,22.65,ASK
1344,1712453478.9382596,173416396.2092961,22.43,1.3663428954313102e-06,22.65,BID
1345,1712453479.1277666,173423440.2861848,22.38,-1.3782733019299018e-06,22.65,ASK
1346,1712453479.2980611,173430409.96964443,22.43,1.363717175029744e-06,22.65,BID
1347,1712453479.458103,173437567.6361621,22.38,-1.400498719893578e-06,22.65,ASK
1348,1712453479.520713,173438458.50475898,22.45,1.7431104486988513e-07,22.65,BID
1349,1712453479.6785293,173445445.7207946,22.45,1.3671476715658267e-06,22.65,BID
1350,1712453479.818392,173452456.0471245,22.38,-1.3716695276093752e-06,22.65,ASK
1351,1712453480.2266269,173459552.66182384,22.45,1.3885530678821813e-06,22.65,BID
1352,1712453480.2424097,173466573.85091636,22.38,-1.3737949807970166e-06,22.65,ASK
1353,1712453480.4583127,173473560.24699128,22.42,1.3669872346573891e-06,22.65,BID
1354,1712453480.599255,173480702.80398726,22.38,-1.3975423282080143e-06,22.65,ASK
1355,1712453480.8181398,173487717.83520937,22.42,1.3725901063302049e-06,22.65,BID
1356,1712453480.9591346,173494746.3108464,22.38,-1.375220696317849e-06,22.65,ASK
1357,1712453481.0803494,173508127.22074825,22.42,2.618164333625589e-06,22.65,BID
1358,1712453481.1980774,173515200.90495878,22.42,1.3840663933319367e-06,22.65,BID
1359,1712453481.3696375,173522286.01895073,22.38,-1.386302791771261e-06,22.65,ASK
1360,1712453481.588253,173529444.58273306,22.42,1.400674282418571e-06,22.65,BID
1361,1712453481.7482123,173536566.44236648,22.38,-1.3934925963972884e-06,22.65,ASK
1362,1712453481.7884169,173632894.94764936,22.42,1.8848034901429965e-05,22.65,BID
1363,1712453481.9481754,173639905.63807252,22.45,1.3717407676037214e-06,22.65,BID
1364,1712453482.1099424,173646974.1673528,22.38,-1.3830577582945672e-06,22.65,ASK
1365,1712453482.3112493,173654068.3321635,22.45,1.3880737125136071e-06,22.65,BID
1366,1712453482.46837,173661056.75415725,22.38,-1.3673836343352996e-06,22.65,ASK
1367,1712453482.6384225,173663713.77753863,22.45,5.198842157795702e-07,22.65,BID
1368,1712453482.688287,173670750.57041168,22.45,1.3768480812194498e-06,22.65,BID
1369,1712453482.8683505,173677812.52839112,22.38,-1.3817719903164264e-06,22.65,ASK
1370,1712453483.0685089,173684830.22001323,22.44,1.3731106512298145e-06,22.65,BID
1371,1712453483.2353458,173691910.99784067,22.38,-1.38545435983852e-06,22.65,ASK
1372,1712453483.4482296,173698906.76432908,22.44,1.3688206886265386e-06,22.65,BID
1373,1712453483.628266,173706047.57791868,22.38,-1.3972012060832723e-06,22.65,ASK
1374,1712453483.8282795,173713150.78933707,22.42,1.3898438092950603e-06,22.65,BID
1375,1712453483.908388,173713150.78933793,22.39,-1.691061344185188e-16,22.65,ASK
1376,1712453483.9181378,173721480.70209393,22.39,-1.6298652812044015e-06,22.65,ASK
1377,1712453483.998109,173728527.8634708,22.38,-1.3788768256818837e-06,22.65,ASK
1378,1712453484.238147,173735657.83670896,22.42,1.3950801379576466e-06,22.65,BID
1379,1712453484.3980737,173742644.9623236,22.38,-1.367129979425469e-06,22.65,ASK
1380,1712453484.5980732,173749708.74466082,22.42,1.3821289517264298e-06,22.65,BID
1381,1712453484.7381136,173756708.5658499,22.38,-1.369614048178502e-06,22.65,ASK
1382,1712453484.9794416,173763797.41509163,22.42,1.3870336462380142e-06,22.65,BID
1383,1712453485.1582303,173770812.03288332,22.38,-1.3725092128188756e-06,22.65,ASK
1384,1712453485.2194192,173816191.5667376,22.42,8.87914782217675e-06,22.65,BID
1385,1712453485.2225034,173941585.6860958,22.44,2.453513351169707e-05,22.65,BID
1386,1712453485.338075,173948552.12994608,22.44,1.3630832996247632e-06,22.65,BID
1387,1712453485.4980192,173955550.47594517,22.39,-1.3693254063873717e-06,22.65,ASK
1388,1712453485.738208,173962602.25847635,22.44,1.379781019901781e-06,22.65,BID
1389,1712453485.878132,173969682.41046563,22.39,-1.3853319057481405e-06,22.65,ASK
1390,1712453486.1098638,173974354.51039794,22.45,9.141624520032372e-07,22.65,BID
1391,1712453486.1130311,173976829.65997547,22.44,4.842980329292371e-07,22.65,BID
1392,1712453486.300903,173983931.7610036,22.39,-1.3896265457337942e-06,22.65,ASK
1393,1712453486.496884,173990906.86122632,22.45,1.3647770413594917e-06,22.65,BID
1394,1712453486.62827,173991027.34041026,22.39,-2.3573456861680587e-08,22.65,ASK
1395,1712453486.6322875,173997899.97700638,22.38,-1.3447285831747902e-06,22.65,ASK
1396,1712453486.8604312,174005042.56052533,22.45,1.397547517801211e-06,22.65,BID
1397,1712453487.0283463,174012065.31421328,22.38,-1.3741011160287965e-06,22.65,ASK
1398,1712453487.248746,174019134.1338124,22.45,1.383114563284317e-06,22.65,BID
1399,1712453487.3684766,174026274.32156384,22.38,-1.397078751992893e-06,22.65,ASK
1400,1712453487.6282732,174033366.70463732,22.45,1.387725090415179e-06,22.65,BID
1401,1712453487.7481751,174040508.50168696,22.38,-1.3973936339537443e-06,22.65,ASK
1402,1712453487.9681497,174047563.62646413,22.44,1.380434977616548e-06,22.65,BID
1403,1712453488.1294284,174054668.05203408,22.38,-1.3900813752256751e-06,22.65,ASK
1404,1712453488.3682992,174061760.4762765,22.44,1.3877331456984233e-06,22.65,BID
1405,1712453488.5404382,174068790.02477896,22.38,-1.3754306176231397e-06,22.65,ASK
1406,1712453488.7897196,174075901.07647234,22.44,1.3913778700199403e-06,22.65,BID
1407,1712453488.914534,174082890.8842506,22.38,-1.3676547826857802e-06,22.65,ASK
1408,1712453489.118759,174090011.42792264,22.44,1.3932351099331451e-06,22.65,BID
1409,1712453489.2584126,174097167.663953,22.38,-1.4002188248140256e-06,22.65,ASK
1410,1712453489.497997,174104124.74951452,22.44,1.36125221802808e-06,22.65,BID
1411,1712453489.6384387,174111210.9363719,22.38,-1.3865127130707203e-06,22.65,ASK
1412,1712453489.8613577,174118283.91898447,22.43,1.3839291157651823e-06,22.65,BID
1413,1712453490.0265186,174125279.94044176,22.39,-1.3688705768954908e-06,22.65,ASK
1414,1712453490.1604311,174252102.8398432,22.43,2.4814694541347168e-05,22.65,BID
1415,1712453490.163324,174377483.83775336,22.44,2.4532566114741715e-05,22.65,BID
1416,1712453490.2240348,174379548.34109837,22.44,4.03949287769481e-07,22.65,BID
1417,1712453490.226927,174384485.21921504,22.44,9.659700498185663e-07,22.65,BID
1418,1712453490.379175,174391581.95591596,22.39,-1.3885769392190031e-06,22.65,ASK
1419,1712453490.4609008,174391581.95591596,22.39,-0.0,22.65,ASK
1420,1712453490.7214775,174398722.68675375,22.44,1.3780123237455934e-06,22.65,BID
1421,1712453490.8567047,174405884.24240863,22.39,-1.3820310797025582e-06,22.65,ASK
1422,1712453490.9810054,174412905.76647282,22.44,1.355007899291214e-06,22.65,BID
1423,1712453491.1185043,174419954.13482326,22.39,-1.3601882874241453e-06,22.65,ASK
1424,1712453491.3582902,174426911.7997074,22.44,1.3426844076110186e-06,22.65,BID
1425,1712453491.464046,174504312.31966063,22.44,1.4936688244201234e-05,22.65,BID
1426,1712453491.508551,174511350.8981139,22.44,-1.358299041174716e-06,22.65,ASK
1427,1712453491.5384774,174535281.75159886,22.42,-4.618156288078074e-06,22.65,ASK
1428,1712453491.5515969,174542222.36209387,22.44,-1.3393932657160142e-06,22.65,ASK
1429,1712453491.748067,174549223.92250404,22.43,1.3511553298722372e-06,22.65,BID
1430,1712453491.9286337,174556396.51973245,22.39,-1.3841618734176416e-06,22.65,ASK
1431,1712453492.1488411,174563538.8291395,22.43,1.378316954734776e-06,22.65,BID
1432,1712453492.2884836,174570543.657034,22.39,-1.351785886293763e-06,22.65,ASK
1433,1712453492.4885278,174577658.23572326,22.43,1.3729655037763526e-06,22.65,BID
1434,1712453492.5503676,174590496.08853132,22.43,2.4774382037071785e-06,22.65,BID
1435,1712453492.6285703,174621713.40190408,22.44,-6.024291283214573e-06,22.65,ASK
1436,1712453492.6481912,174628774.10820714,22.39,-1.3625692553023442e-06,22.65,ASK
1437,1712453492.8685248,174635924.4647134,22.44,1.3798698772750392e-06,22.65,BID
1438,1712453493.0336306,174642903.8567563,22.39,-1.3468772967150296e-06,22.65,ASK
1439,1712453493.2555752,174650054.2132623,22.4,-1.3798698772232783e-06,22.65,ASK
1440,1712453493.257816,174657074.1330484,22.44,1.3546983070343894e-06,22.65,BID
1441,1712453493.4090977,174664225.85410312,22.39,-1.3801332067096576e-06,22.65,ASK
1442,1712453493.411458,174664225.85410336,22.4,-4.60098199575114e-17,22.65,ASK
