,time,acc_trade_volume,trade_price,dev,high,ask_bid
0,1712451675.068607,119502.32924632,1472.0,0.0,1473.0,BID
1,1712451681.144546,119509.66320452,1472.0,2.192624348604784e-09,1473.0,BID
2,1712451681.1456976,119683.77341965,1473.0,5.205351416311357e-08,1473.0,BID
3,1712451681.147104,119683.77346492,1472.0,1.3534316769872532e-14,1473.0,BID
4,1712451690.234283,119683.77346492,1472.0,0.0,1473.0,BID
5,1712451717.9070003,119784.77092405,1472.0,3.019267209710224e-08,1473.0,BID
6,1712451718.4843507,120168.93459524,1472.0,1.1484375800909429e-07,1473.0,BID
7,1712451720.164946,120168.93459524,1472.0,0.0,1473.0,BID
8,1712451736.2134871,120391.58991007,1472.0,6.654745626384395e-08,1473.0,BID
9,1712451736.2221286,120473.75054649,1472.0,2.4556258012273085e-08,1473.0,BID
10,1712451750.1548705,120473.75054649,1472.0,0.0,1473.0,BID
11,1712451753.964322,120748.64139641,1472.0,8.214865178559592e-08,1473.0,BID
12,1712451756.9942107,120837.39794703,1472.0,2.652409482779794e-08,1473.0,BID
13,1712451759.2443218,121185.69923779,1472.0,1.0408670008275585e-07,1473.0,BID
14,1712451759.2643,121277.4234552,1472.0,2.7410955288300014e-08,1473.0,BID
15,1712451763.7358005,121587.60545125,1472.0,9.269509258342986e-08,1473.0,BID
16,1712451764.3842218,121797.65913878,1472.0,6.277265044727415e-08,1473.0,BID
17,1712451769.5141509,121971.98530119,1472.0,5.209580172314063e-08,1473.0,BID
18,1712451780.2361057,121971.98530119,1472.0,0.0,1473.0,BID
19,1712451780.9679544,122085.73190217,1472.0,3.39697577835845e-08,1473.0,BID
20,1712451780.9692495,122290.46190217,1473.0,6.11414183027465e-08,1473.0,BID
21,1712451780.9707694,122453.56544522,1473.0,4.870992014985095e-08,1473.0,BID
22,1712451780.9728796,123426.10794356,1472.0,2.904441347540716e-07,1473.0,BID
23,1712451780.9778185,124296.87416004,1473.0,2.600492428354456e-07,1473.0,BID
24,1712451800.934365,124301.87416004,1473.0,1.493220785980153e-09,1473.0,BID
25,1712451810.2346778,124301.87416004,1473.0,0.0,1473.0,BID
26,1712451822.8270164,124981.22198612,1472.0,-2.0267559748052889e-07,1473.0,ASK
27,1712451840.16451,124981.22198612,1472.0,-0.0,1473.0,ASK
28,1712451870.15684,124981.22198612,1472.0,-0.0,1473.0,ASK
29,1712451887.0344827,125049.15676872,1472.0,2.0261514956102224e-08,1473.0,BID
30,1712451898.7244654,151543.72198611,1472.0,7.901990833890795e-06,1473.0,BID
31,1712451900.2357235,151543.72198611,1472.0,0.0,1473.0,BID
32,1712451902.2945616,151867.70490211,1472.0,9.595185193612522e-08,1473.0,BID
33,1712451902.3789334,154863.62881477,1472.0,8.872827346224661e-07,1473.0,BID
34,1712451902.7343478,155848.21751477,1472.0,2.915990457977697e-07,1473.0,BID
35,1712451903.292128,155848.21759609,1472.0,2.4084000810218853e-14,1473.0,BID
36,1712451903.2935286,158984.35164177,1473.0,9.288078313454056e-07,1473.0,BID
37,1712451930.2362645,158984.35164177,1473.0,0.0,1473.0,BID
38,1712451960.145748,158984.35164177,1473.0,0.0,1473.0,BID
39,1712451963.5759828,158988.0677751,1472.0,1.0970228396449462e-09,1473.0,BID
40,1712451963.584267,159569.80364177,1472.0,1.71731602637267e-07,1473.0,BID
41,1712451967.2143085,160203.38864177,1472.0,1.870377497605e-07,1473.0,BID
42,1712451967.4741578,160502.79744427,1471.0,-8.83871125075336e-08,1473.0,ASK
43,1712451982.7667992,160519.92671813,1471.0,-5.056655125687862e-09,1473.0,ASK
44,1712451990.154608,160519.92671813,1471.0,-0.0,1473.0,ASK
45,1712451991.0943787,160525.92671813,1471.0,-1.770051803174191e-09,1473.0,ASK
46,1712451991.104643,160549.29346841,1471.0,-6.893393077904201e-09,1473.0,ASK
47,1712451991.2144618,161442.22190254,1471.0,2.6342159748955464e-07,1473.0,BID
48,1712452016.9743547,161614.95265011,1471.0,-5.09570618666486e-08,1473.0,ASK
49,1712452020.2403462,161614.95265011,1471.0,-0.0,1473.0,ASK
50,1712452050.288605,161614.95265011,1471.0,-0.0,1473.0,ASK
51,1712452078.5245104,161989.71065011,1473.0,1.1050433450890176e-07,1473.0,BID
52,1712452079.3943,162024.23745519,1471.0,-1.0180867701516203e-08,1473.0,ASK
53,1712452080.1445737,162024.23745519,1471.0,-0.0,1473.0,ASK
54,1712452093.077552,162702.36245519,1473.0,1.999221749914827e-07,1473.0,BID
55,1712452096.9241853,164797.81976204,1473.0,6.177745731056095e-07,1473.0,BID
56,1712452110.1583164,164797.81976204,1473.0,0.0,1473.0,BID
57,1712452123.744278,165442.45860203,1473.0,1.898212820099484e-07,1473.0,BID
58,1712452126.2742884,167438.69076715,1472.0,-5.878134007228597e-07,1473.0,ASK
59,1712452139.3443584,167575.56176536,1473.0,4.030323141963976e-08,1473.0,BID
60,1712452139.3460484,171082.77936915,1473.0,1.032740350937566e-06,1473.0,BID
61,1712452139.364419,171089.56823541,1473.0,1.9990593444347182e-09,1473.0,BID
62,1712452139.3661275,172414.22611962,1473.0,3.900606699547017e-07,1473.0,BID
63,1712452139.3678648,172474.66057223,1473.0,1.7795616026142493e-08,1473.0,BID
64,1712452139.704584,172481.46792556,1474.0,2.004503073710947e-09,1474.0,BID
65,1712452139.7143247,172511.46792556,1474.0,8.83384324218913e-09,1474.0,BID
66,1712452139.7160797,172689.87902541,1474.0,5.2535189624714034e-08,1474.0,BID
67,1712452140.2349591,172689.87902541,1474.0,0.0,1474.0,BID
68,1712452140.3552728,174339.87902541,1474.0,4.84204145672533e-07,1474.0,BID
69,1712452140.416569,174489.87902541,1474.0,4.4018558697503e-08,1474.0,BID
70,1712452140.731249,175380.24252541,1474.0,2.612834532457634e-07,1474.0,BID
71,1712452140.8369496,175480.68662541,1474.0,2.9476030077783785e-08,1474.0,BID
72,1712452141.1145177,175536.94531505,1474.0,1.650950954775371e-08,1474.0,BID
73,1712452141.11636,176360.68662541,1474.0,2.4173270147759724e-07,1474.0,BID
74,1712452141.1743815,176530.68662541,1474.0,4.988769985717006e-08,1474.0,BID
75,1712452141.2546391,176623.59482798,1474.0,2.7264567788719226e-08,1474.0,BID
76,1712452141.2556548,176630.40218131,1475.0,1.997665880872134e-09,1475.0,BID
77,1712452141.2564766,178412.4088472,1474.0,5.229424334788005e-07,1475.0,BID
78,1712452141.2572956,178470.227255,1475.0,1.6967219850275488e-08,1475.0,BID
79,1712452141.2581196,179266.01461565,1474.0,2.3352941763668455e-07,1475.0,BID
80,1712452141.2589617,179580.68662541,1475.0,9.234272221387573e-08,1475.0,BID
81,1712452141.3743303,179629.61847296,1472.0,-1.4359396023714137e-08,1475.0,ASK
82,1712452145.4145198,179636.39813397,1475.0,1.9895393741247668e-09,1475.0,BID
83,1712452145.9143353,179641.00873735,1475.0,1.353014103419347e-09,1475.0,BID
84,1712452152.874247,181473.24861151,1475.0,5.376837229907845e-07,1475.0,BID
85,1712452152.884531,182112.8282322,1475.0,1.876891538337958e-07,1475.0,BID
86,1712452152.8863554,184915.04832772,1475.0,8.22331265053129e-07,1475.0,BID
87,1712452165.1248715,185415.04832772,1475.0,1.4672852899167666e-07,1475.0,BID
88,1712452170.2458344,185415.04832772,1475.0,0.0,1475.0,BID
89,1712452180.114384,186420.29630487,1475.0,2.9338171753120224e-07,1475.0,BID
90,1712452180.1241827,186423.72204066,1475.0,9.99801315426449e-10,1475.0,BID
91,1712452197.0364954,186427.20015166,1476.0,1.0150870254306242e-09,1476.0,BID
92,1712452197.0374093,186470.78710818,1476.0,1.2720857396843429e-08,1476.0,BID
93,1712452197.0382996,187099.07298916,1476.0,1.833652939895564e-07,1476.0,BID
94,1712452199.8741057,187315.16197164,1475.0,-6.306559004404911e-08,1476.0,ASK
95,1712452200.2254496,187315.16197164,1475.0,-0.0,1476.0,ASK
96,1712452202.1443229,187518.27043838,1475.0,-5.963200633147031e-08,1476.0,ASK
97,1712452203.4842768,187625.19344018,1475.0,-3.139225667278965e-08,1476.0,ASK
98,1712452213.107229,187950.13204018,1475.0,-9.540094986460153e-08,1476.0,ASK
99,1712452227.8516808,188053.28032977,1475.0,-3.0284013052911835e-08,1476.0,ASK
100,1712452230.1555138,188053.28032977,1475.0,-0.0,1476.0,ASK
101,1712452240.6345828,188109.03606258,1476.0,1.6364476760285848e-08,1476.0,BID
102,1712452240.6361792,188215.95906439,1476.0,3.138222546947291e-08,1476.0,BID
103,1712452240.7343352,188684.29286364,1476.0,-1.3745739115292465e-07,1476.0,ASK
104,1712452243.3843927,188704.55299864,1476.0,5.946411098161891e-09,1476.0,BID
105,1712452246.6401896,188753.23099864,1475.0,-1.4287140704470126e-08,1476.0,ASK
106,1712452260.2354968,188753.23099864,1475.0,-0.0,1476.0,ASK
107,1712452274.264251,189784.04804505,1475.0,-3.024562226881145e-07,1476.0,ASK
108,1712452290.2354171,189784.04804505,1475.0,-0.0,1476.0,ASK
109,1712452320.1551833,189784.04804505,1475.0,-0.0,1476.0,ASK
110,1712452321.2442217,189918.9481102,1475.0,-3.956392647999216e-08,1476.0,ASK
111,1712452327.8743243,190536.31274434,1476.0,1.8106269236640565e-07,1476.0,BID
112,1712452341.1652665,190556.31274434,1477.0,5.865664547456072e-09,1477.0,BID
113,1712452341.1675265,190567.89009767,1477.0,3.39544354906029e-09,1477.0,BID
114,1712452341.169443,196085.74926507,1477.0,1.6182955448036805e-06,1477.0,BID
115,1712452342.7245588,196420.70071496,1475.0,-9.823564223694201e-08,1477.0,ASK
116,1712452342.726549,196604.85454545,1475.0,-5.4009229739176345e-08,1477.0,ASK
117,1712452343.6743407,196614.85454545,1472.0,-2.932832273728036e-09,1477.0,ASK
118,1712452343.6764054,196634.15742934,1472.0,-5.66121208485929e-09,1477.0,ASK
119,1712452347.9644086,196638.22522595,1475.0,1.193016518078338e-09,1477.0,BID
120,1712452348.994257,196641.69934039,1472.0,-1.018899495226592e-09,1477.0,ASK
121,1712452350.167234,196641.69934039,1472.0,-0.0,1477.0,ASK
122,1712452351.082499,196645.1569675,1475.0,1.0110612086833163e-09,1477.0,BID
123,1712452360.1744356,196653.5486241,1472.0,-2.453844268041572e-09,1477.0,ASK
124,1712452360.1763997,196757.73768717,1472.0,-3.046642008767183e-08,1477.0,ASK
125,1712452360.1780956,196764.86599674,1473.0,-2.084422946853461e-09,1477.0,ASK
126,1712452374.8044672,197388.38396284,1475.0,1.8232585770203253e-07,1477.0,BID
127,1712452378.314114,197799.35006453,1475.0,1.2017255484355722e-07,1477.0,BID
128,1712452380.2455566,197799.35006453,1475.0,0.0,1477.0,BID
129,1712452410.2407982,197799.35006453,1475.0,0.0,1477.0,BID
130,1712452439.7444522,198138.33311537,1474.0,9.907418978006893e-08,1477.0,BID
131,1712452440.1667955,198138.33311537,1474.0,0.0,1477.0,BID
132,1712452470.1672597,198138.33311537,1474.0,0.0,1477.0,BID
133,1712452487.2844057,198181.08074087,1474.0,1.2491975496418372e-08,1477.0,BID
134,1712452497.0643122,198372.12998165,1472.0,-5.5829590685301376e-08,1477.0,ASK
135,1712452500.1656857,198372.12998165,1472.0,-0.0,1477.0,ASK
136,1712452530.1579103,198372.12998165,1472.0,-0.0,1477.0,ASK
137,1712452539.6843169,198442.31419916,1472.0,-2.0725510658539012e-08,1477.0,ASK
138,1712452539.6869707,198579.45548268,1472.0,-4.049803836475103e-08,1477.0,ASK
139,1712452543.1358318,198829.45548268,1472.0,-7.382539619961379e-08,1477.0,ASK
140,1712452547.1141715,198916.82100214,1474.0,2.5799176353278164e-08,1477.0,BID
141,1712452547.5938413,199186.57500214,1474.0,7.965878370571842e-08,1477.0,BID
142,1712452548.593881,201255.3445896,1474.0,6.109109377597852e-07,1477.0,BID
143,1712452548.7540574,201498.07611744,1474.0,7.167900485170828e-08,1477.0,BID
144,1712452548.774136,201619.31738903,1474.0,3.5802739643506646e-08,1477.0,BID
145,1712452548.8939474,201695.27210214,1472.0,-2.2429547154294143e-08,1477.0,ASK
146,1712452549.0140083,201782.50613983,1474.0,2.5760349578219573e-08,1477.0,BID
147,1712452551.064099,202459.86613983,1474.0,2.000254814790861e-07,1477.0,BID
148,1712452557.4139633,202597.18758699,1474.0,4.055124097316758e-08,1477.0,BID
149,1712452560.2286763,202597.18758699,1474.0,0.0,1477.0,BID
150,1712452574.0141838,202617.54036855,1474.0,5.999177691544395e-09,1477.0,BID
151,1712452582.2455935,202643.87136855,1474.0,7.761314950025774e-09,1477.0,BID
152,1712452583.864376,202967.02164439,1474.0,9.5251645094434e-08,1477.0,BID
153,1712452583.8668897,203004.54506855,1474.0,1.106038938548039e-08,1477.0,BID
154,1712452590.2358034,203004.54506855,1474.0,0.0,1477.0,BID
155,1712452594.1238594,203004.54509654,1474.0,8.248860521371928e-15,1477.0,BID
156,1712452608.9042068,203072.29577404,1476.0,1.996662856822379e-08,1477.0,BID
157,1712452612.857155,203254.39848961,1476.0,5.3667024703222126e-08,1477.0,BID
158,1712452620.155828,203254.39848961,1476.0,0.0,1477.0,BID
159,1712452629.4139843,203261.17355736,1476.0,1.996445876523986e-09,1477.0,BID
160,1712452643.0838833,209359.82409658,1476.0,1.7971223566600355e-06,1477.0,BID
161,1712452650.155045,209359.82409658,1476.0,0.0,1477.0,BID
162,1712452675.1640122,209391.92684014,1474.0,-9.434834967619492e-09,1477.0,ASK
163,1712452680.1549263,209640.55791018,1476.0,7.307142173899324e-08,1477.0,BID
164,1712452680.1641996,210064.93992709,1476.0,1.2472374161074086e-07,1477.0,BID
165,1712452680.2358074,210064.93992709,1476.0,0.0,1477.0,BID
166,1712452707.2660162,210085.26513035,1476.0,5.971648629034713e-09,1477.0,BID
167,1712452707.2686317,210234.20194469,1477.0,4.375839748262972e-08,1477.0,BID
168,1712452710.244159,210234.20194469,1477.0,0.0,1477.0,BID
169,1712452727.1744263,210237.63365368,1474.0,-1.0081795995899736e-09,1477.0,ASK
170,1712452740.1540651,210237.63365368,1474.0,-0.0,1477.0,ASK
171,1712452770.1654434,210237.63365368,1474.0,-0.0,1477.0,ASK
172,1712452772.033931,210409.0054077,1476.0,5.0346124948473176e-08,1477.0,BID
173,1712452772.1140063,210715.32663538,1476.0,-8.999199950622704e-08,1477.0,ASK
174,1712452772.154045,210914.80184465,1476.0,-5.8602445119740174e-08,1477.0,ASK
175,1712452794.9243324,210933.18576703,1474.0,-5.400885685501885e-09,1477.0,ASK
176,1712452800.1832683,210933.18576703,1474.0,-0.0,1477.0,ASK
177,1712452804.6539545,210937.72253812,1477.0,1.334525818228548e-09,1477.0,BID
178,1712452825.5940616,212937.72253812,1474.0,-5.883152540666298e-07,1477.0,ASK
179,1712452826.1974227,213037.72253812,1477.0,2.941576270333149e-08,1477.0,BID
180,1712452826.1993732,213614.77060853,1477.0,1.6974309107596017e-07,1477.0,BID
181,1712452830.155283,213614.77060853,1477.0,0.0,1477.0,BID
182,1712452860.0040383,213690.33797481,1477.0,2.2202888405970323e-08,1477.0,BID
183,1712452860.2494235,213690.33797481,1477.0,0.0,1477.0,BID
184,1712452860.4239554,214100.271565,1477.0,1.204410281348011e-07,1477.0,BID
185,1712452860.5243566,214268.974181,1477.0,-4.9565873610535086e-08,1477.0,ASK
186,1712452860.531234,214356.078681,1475.0,-2.5591841669543315e-08,1477.0,ASK
187,1712452860.5362315,214356.07868141,1475.0,-1.2045632646293603e-16,1477.0,ASK
188,1712452863.414793,214356.07868161,1477.0,-5.876168633870208e-17,1477.0,ASK
189,1712452863.4173207,214694.60271661,1477.0,-9.94604584729102e-08,1477.0,ASK
190,1712452863.557634,214780.55763188,1476.0,2.5254086554745733e-08,1477.0,BID
191,1712452869.534402,214882.94671037,1476.0,3.0082545510347174e-08,1477.0,BID
192,1712452890.234156,214882.94671037,1476.0,0.0,1477.0,BID
193,1712452920.1657598,214882.94671037,1476.0,0.0,1477.0,BID
194,1712452942.0602314,214902.94671037,1478.0,5.873084990799081e-09,1478.0,BID
195,1712452942.062714,214921.66618689,1478.0,5.497053829268918e-09,1478.0,BID
196,1712452948.7739897,215045.91118135,1475.0,-3.648507060724526e-08,1478.0,ASK
197,1712452950.1538365,215045.91118135,1475.0,-0.0,1478.0,ASK
198,1712452954.6161394,215054.03026118,1478.0,2.384033932662135e-09,1478.0,BID
199,1712452980.225482,215054.03026118,1478.0,0.0,1478.0,BID
200,1712452989.283996,215686.35858882,1475.0,-1.856721339678756e-07,1478.0,ASK
201,1712452989.2940788,216366.35858882,1475.0,-1.996700852694344e-07,1478.0,ASK
202,1712452989.2964103,216569.74841932,1475.0,-5.972185999834056e-08,1478.0,ASK
203,1712452989.2987587,216813.02455544,1474.0,-7.14337747692618e-08,1478.0,ASK
204,1712452989.3011153,217248.04501131,1475.0,-1.2773613458457268e-07,1478.0,ASK
205,1712452992.9237692,217644.18394193,1475.0,1.1631925596388357e-07,1478.0,BID
206,1712452993.0241106,218661.08394193,1478.0,2.985948672213039e-07,1478.0,BID
207,1712453010.3257554,218661.08394193,1478.0,0.0,1478.0,BID
208,1712453017.8446517,218924.75562582,1475.0,-7.730174214277323e-08,1478.0,ASK
209,1712453017.8486326,219044.78007171,1475.0,-3.5188074161539765e-08,1478.0,ASK
210,1712453040.144214,219044.78007171,1475.0,-0.0,1478.0,ASK
211,1712453046.104047,219517.66142765,1475.0,-1.386136269393337e-07,1478.0,ASK
212,1712453046.1068945,219544.78007171,1475.0,-7.949168567585536e-09,1478.0,ASK
213,1712453046.3730214,220071.89871571,1475.0,-1.5451196405691368e-07,1478.0,ASK
214,1712453046.4638498,220071.89871577,1475.0,-1.758255073450043e-17,1478.0,ASK
215,1712453070.183815,220071.89871577,1475.0,-0.0,1478.0,ASK
216,1712453085.5538464,220078.67837678,1475.0,-1.986410005011271e-09,1478.0,ASK
217,1712453097.716251,220091.55820728,1475.0,-3.773732068642915e-09,1478.0,ASK
218,1712453100.2452557,220091.55820728,1475.0,-0.0,1478.0,ASK
219,1712453114.3076217,220362.42541595,1476.0,7.950685335600586e-08,1478.0,BID
220,1712453130.2358785,220362.42541595,1476.0,0.0,1478.0,BID
221,1712453131.366547,220445.38938224,1475.0,-2.4349311038359576e-08,1478.0,ASK
222,1712453131.4677925,221362.42541595,1475.0,-2.69143299395024e-07,1478.0,ASK
223,1712453133.3490005,221565.38694331,1475.0,5.9567708482430666e-08,1478.0,BID
224,1712453140.914281,221740.85111647,1475.0,-5.1497438218263227e-08,1478.0,ASK
225,1712453140.973568,222065.96512879,1475.0,-9.541856016426865e-08,1478.0,ASK
226,1712453158.9049325,222147.48314204,1474.0,-2.3924934506084305e-08,1478.0,ASK
227,1712453158.9079654,222856.41744869,1474.0,-2.080669802844852e-07,1478.0,ASK
228,1712453159.3439105,222994.18335705,1474.0,4.0433276073307284e-08,1478.0,BID
229,1712453159.345637,223880.81744869,1476.0,2.6022055405465764e-07,1478.0,BID
230,1712453160.2436483,223880.81744869,1476.0,0.0,1478.0,BID
231,1712453177.15399,224557.64705556,1476.0,1.983423917833678e-07,1478.0,BID
232,1712453183.113819,224625.39773306,1476.0,1.985408333781178e-08,1478.0,BID
233,1712453190.1571472,224625.39773306,1476.0,0.0,1478.0,BID
234,1712453220.251626,224625.39773306,1476.0,0.0,1478.0,BID
235,1712453231.644035,224634.39773306,1475.0,2.636567303272986e-09,1478.0,BID
236,1712453249.9537718,225649.98713382,1473.0,-2.97518867510487e-07,1478.0,ASK
237,1712453250.2487895,225649.98713382,1473.0,-0.0,1478.0,ASK
238,1712453273.623794,225767.78913382,1475.0,3.4495070932892126e-08,1478.0,BID
239,1712453273.704486,225955.5907016,1475.0,5.4992516272033134e-08,1478.0,BID
240,1712453273.7078705,225964.40426092,1475.0,2.58080808402692e-09,1478.0,BID
241,1712453276.6136816,225969.80426092,1476.0,1.5812412610768651e-09,1478.0,BID
242,1712453277.7140515,228846.19278291,1473.0,-8.422711507154375e-07,1478.0,ASK
243,1712453277.716566,231281.59278291,1473.0,-7.131398087464417e-07,1478.0,ASK
244,1712453277.721745,236125.69826856,1473.0,-1.418462864245703e-06,1478.0,ASK
245,1712453280.243809,236125.69826856,1473.0,-0.0,1478.0,ASK
246,1712453285.79151,236261.19962357,1476.0,3.949935573139168e-08,1478.0,BID
247,1712453294.0078497,236855.4560184,1476.0,1.7322885614917277e-07,1478.0,BID
248,1712453299.9469774,236999.99079708,1476.0,4.21326461142661e-08,1478.0,BID
249,1712453310.2348185,236999.99079708,1476.0,0.0,1478.0,BID
250,1712453340.1519573,236999.99079708,1476.0,0.0,1478.0,BID
251,1712453370.1538632,236999.99079708,1476.0,0.0,1478.0,BID
252,1712453372.5038202,237677.49757214,1476.0,1.9742251331968573e-07,1478.0,BID
253,1712453400.3833892,237677.49757214,1476.0,0.0,1478.0,BID
254,1712453425.1636193,238015.97308014,1475.0,-9.892932068416485e-08,1478.0,ASK
255,1712453430.1560354,238015.97308014,1475.0,-0.0,1478.0,ASK
256,1712453431.012653,238063.36095276,1476.0,1.384846451875204e-08,1478.0,BID
257,1712453437.448517,238090.47087076,1474.0,-7.9225066830853e-09,1478.0,ASK
258,1712453460.2413216,238090.47087076,1474.0,-0.0,1478.0,ASK
259,1712453490.2353554,238090.47087076,1474.0,-0.0,1478.0,ASK
260,1712453494.2777867,238090.47087134,1474.0,-1.6948619431696827e-16,1478.0,ASK
261,1712453502.9078329,238398.03826426,1474.0,8.987952180727632e-08,1478.0,BID
262,1712453502.9136827,239932.63839312,1475.0,4.484517179725846e-07,1478.0,BID
263,1712453502.9152367,241478.71302145,1475.0,4.518048774721998e-07,1478.0,BID
264,1712453520.155296,241478.71302145,1475.0,0.0,1478.0,BID
265,1712453550.153115,241478.71302145,1475.0,0.0,1478.0,BID
266,1712453553.393984,241499.0520045,1475.0,5.934934524958361e-09,1478.0,BID
267,1712453566.983627,241634.82932968,1473.0,-3.961995213509727e-08,1478.0,ASK
268,1712453566.9859722,242312.53911451,1473.0,-1.9775635733619821e-07,1478.0,ASK
269,1712453570.540391,242327.22932968,1473.0,-4.286618705429996e-09,1478.0,ASK
270,1712453570.5421815,243117.89135342,1473.0,-2.307159276711852e-07,1478.0,ASK
271,1712453574.2565362,243915.19006994,1473.0,-2.326525209125799e-07,1478.0,ASK
272,1712453577.1872718,244704.51579929,1473.0,-2.3032599570205865e-07,1478.0,ASK
273,1712453580.225925,244704.51579929,1473.0,-0.0,1478.0,ASK
274,1712453586.8739305,245485.94827135,1473.0,-2.277070119045561e-07,1478.0,ASK
275,1712453594.0495198,246259.56641869,1473.0,-2.2542994178568365e-07,1478.0,ASK
276,1712453610.2551987,246259.56641869,1473.0,-0.0,1478.0,ASK
277,1712453614.243923,246264.65116446,1475.0,1.4806909148146688e-09,1478.0,BID
278,1712453614.2465222,246478.51876376,1475.0,6.227878945788735e-08,1478.0,BID
279,1712453618.1157386,247617.33967055,1475.0,-3.316275476806992e-07,1478.0,ASK
280,1712453640.1617465,247617.33967055,1475.0,-0.0,1478.0,ASK
281,1712453670.167983,247617.33967055,1475.0,-0.0,1478.0,ASK
282,1712453674.19663,247917.33967055,1474.0,8.73098451080845e-08,1478.0,BID
283,1712453674.201753,247923.92569205,1474.0,1.916748390144854e-09,1478.0,BID
284,1712453678.093896,247942.97179993,1474.0,-5.543042429719768e-09,1478.0,ASK
285,1712453678.097426,248689.80765792,1473.0,-2.17353743607566e-07,1478.0,ASK
286,1712453681.4472504,249448.03080413,1473.0,-2.2066781817652855e-07,1478.0,ASK
287,1712453683.7937624,250198.67171888,1473.0,-2.1846113999538485e-07,1478.0,ASK
288,1712453690.0673344,250308.91007417,1473.0,-3.208297908446605e-08,1478.0,ASK
289,1712453690.070747,250376.75267932,1474.0,-1.9744424491246973e-08,1478.0,ASK
290,1712453700.2537465,250376.75267932,1474.0,-0.0,1478.0,ASK
291,1712453706.4884255,250382.75267932,1474.0,1.753751976322951e-09,1478.0,BID
292,1712453730.254175,250382.75267932,1474.0,0.0,1478.0,BID
293,1712453742.363897,250532.92480228,1475.0,4.389399610430633e-08,1478.0,BID
294,1712453746.613535,250554.90354695,1473.0,-6.424194543611063e-09,1478.0,ASK
295,1712453760.153991,250554.90354695,1473.0,-0.0,1478.0,ASK
296,1712453763.5043995,254963.31041449,1473.0,-1.288443100988067e-06,1478.0,ASK
297,1712453763.5070653,255828.94313732,1473.0,-2.529980882509135e-07,1478.0,ASK
298,1712453790.1605067,255828.94313732,1473.0,-0.0,1478.0,ASK
299,1712453807.04378,256502.76419236,1473.0,-1.9649123622791048e-07,1478.0,ASK
300,1712453809.182341,257733.01041449,1473.0,-3.587489575206226e-07,1478.0,ASK
301,1712453809.1855671,259925.07767628,1473.0,-6.392231334152625e-07,1478.0,ASK
302,1712453809.8136992,261127.44354415,1473.0,-3.506188386499742e-07,1478.0,ASK
303,1712453809.9337626,261259.24336526,1473.0,3.8433809081521714e-08,1478.0,BID
304,1712453810.7337165,261341.21448822,1475.0,2.3903389727775414e-08,1478.0,BID
305,1712453810.7372737,261391.04236526,1475.0,1.4530179911963708e-08,1478.0,BID
306,1712453811.58388,261404.62932178,1472.0,-3.962057675733411e-09,1478.0,ASK
307,1712453811.5875947,261424.98669655,1472.0,-5.936362043001851e-09,1478.0,ASK
308,1712453820.234701,261424.98669655,1472.0,-0.0,1478.0,ASK
309,1712453850.2382286,261424.98669655,1472.0,-0.0,1478.0,ASK
310,1712453880.1556356,261424.98669655,1472.0,-0.0,1478.0,ASK
311,1712453908.7335916,261437.68669655,1475.0,3.6945337085098e-09,1478.0,BID
312,1712453910.1563563,261437.68669655,1475.0,0.0,1478.0,BID
313,1712453924.1348317,261671.10200673,1475.0,6.790204977862013e-08,1478.0,BID
314,1712453924.1365724,261983.21054479,1475.0,9.0794427629176e-08,1478.0,BID
315,1712453940.2563777,261983.21054479,1475.0,0.0,1478.0,BID
316,1712453963.4540272,262249.79523461,1475.0,7.753309185807576e-08,1478.0,BID
317,1712453963.4577153,262321.97516856,1476.0,2.099270386846051e-08,1478.0,BID
318,1712453970.2463927,262321.97516856,1476.0,0.0,1478.0,BID
319,1712453986.5436642,262998.97516856,1476.0,1.968690516555583e-07,1478.0,BID
320,1712454000.1953976,262998.97516856,1476.0,0.0,1478.0,BID
321,1712454030.1659534,262998.97516856,1476.0,0.0,1478.0,BID
322,1712454060.2468383,262998.97516856,1476.0,0.0,1478.0,BID
323,1712454090.244392,262998.97516856,1476.0,0.0,1478.0,BID
324,1712454095.7236135,263676.48194362,1476.0,1.9750155366148226e-07,1478.0,BID
325,1712454095.9335876,264120.86778623,1475.0,-1.2954393604825702e-07,1478.0,ASK
326,1712454119.3537135,264354.44804523,1475.0,-6.809151694913435e-08,1478.0,ASK
327,1712454119.4539268,264354.44804531,1475.0,-2.3314373734601498e-17,1478.0,ASK
328,1712454120.1654873,264354.44804531,1475.0,-0.0,1478.0,ASK
329,1712454139.6700222,264724.55804531,1473.0,-1.0782874802788177e-07,1478.0,ASK
330,1712454142.7035365,265278.38804531,1473.0,-1.613541798931942e-07,1478.0,ASK
331,1712454145.5434234,266074.92746131,1473.0,-2.320657317611828e-07,1478.0,ASK
332,1712454145.6235662,267062.34175831,1473.0,-2.8767568406778054e-07,1478.0,ASK
333,1712454145.8536336,267422.34175831,1473.0,-1.0488327602613493e-07,1478.0,ASK
334,1712454148.0134344,267748.88117497,1473.0,-9.51347882526864e-08,1478.0,ASK
335,1712454148.0235522,267858.88117431,1473.0,-3.2047667482361474e-08,1478.0,ASK
336,1712454148.043507,267858.88117497,1473.0,-1.922908618807469e-16,1478.0,ASK
337,1712454148.1436377,269724.06065178,1472.0,-5.434059275126193e-07,1478.0,ASK
338,1712454150.1578956,269724.06065178,1472.0,-0.0,1478.0,ASK
339,1712454151.5546453,270105.76629316,1472.0,-1.109514391578075e-07,1478.0,ASK
340,1712454166.617657,270784.65291816,1473.0,-1.973338612351216e-07,1478.0,ASK
341,1712454180.243745,270784.65291816,1473.0,-0.0,1478.0,ASK
342,1712454188.1268325,270784.65291909,1473.0,-2.701983059596801e-16,1478.0,ASK
343,1712454188.2336586,270852.44952833,1473.0,1.969768612925325e-08,1478.0,BID
344,1712454210.2407002,270852.44952833,1473.0,0.0,1478.0,BID
345,1712454238.3133895,271802.02470533,1473.0,2.758823975816154e-07,1478.0,BID
346,1712454240.1507912,271802.02470533,1473.0,0.0,1478.0,BID
347,1712454270.1466272,271802.02470533,1473.0,0.0,1478.0,BID
348,1712454274.188687,271869.91336793,1473.0,-1.9715847088388864e-08,1478.0,ASK
349,1712454275.8779397,271878.09332703,1473.0,-2.375578139693408e-09,1478.0,ASK
350,1712454300.1762557,271878.09332703,1473.0,-0.0,1478.0,ASK
351,1712454325.2155282,273955.39332703,1473.0,-6.054964215696603e-07,1478.0,ASK
352,1712454325.2185988,274634.27995296,1473.0,-1.97883513528185e-07,1478.0,ASK
353,1712454326.826506,275312.32195296,1473.0,1.976373199219889e-07,1478.0,BID
354,1712454328.3934803,275989.17395296,1473.0,1.9729045584762825e-07,1478.0,BID
355,1712454330.1563368,275989.17395296,1473.0,0.0,1478.0,BID
356,1712454335.9141898,275997.54295296,1473.0,2.435118090107845e-09,1478.0,BID
357,1712454360.243733,275997.54295296,1473.0,0.0,1478.0,BID
358,1712454370.8687172,276065.39768818,1473.0,1.9743541707725893e-08,1478.0,BID
359,1712454390.2400446,276065.39768818,1473.0,0.0,1478.0,BID
360,1712454391.1839943,276133.47120758,1472.0,-1.9806624834064875e-08,1478.0,ASK
361,1712454394.2997146,277133.47120758,1472.0,-2.9095931881635857e-07,1478.0,ASK
362,1712454395.8624773,277136.8656407,1473.0,9.876419483554863e-10,1478.0,BID
363,1712454409.3335104,277998.92334606,1473.0,2.508237227319385e-07,1478.0,BID
364,1712454420.156743,277998.92334606,1473.0,0.0,1478.0,BID
365,1712454423.0639815,278202.58933384,1473.0,5.92094699818638e-08,1478.0,BID
366,1712454437.1842897,281661.95987798,1472.0,-1.0057030072720278e-06,1478.0,ASK
367,1712454437.1888387,281671.95987798,1472.0,-2.907184976109714e-09,1478.0,ASK
368,1712454437.1933763,282546.44058784,1472.0,-2.542277181602706e-07,1478.0,ASK
369,1712454437.263729,286848.74942084,1472.0,-1.2507607601881767e-06,1478.0,ASK
370,1712454437.268442,287956.94221584,1472.0,-3.221721444256977e-07,1478.0,ASK
371,1712454437.283397,289356.09335471,1472.0,-4.067591170229793e-07,1478.0,ASK
372,1712454444.6136942,289362.88683297,1472.0,-1.9749897932974928e-09,1478.0,ASK
373,1712454450.168796,289362.88683297,1472.0,-0.0,1478.0,ASK
374,1712454480.2599394,289362.88683297,1472.0,-0.0,1478.0,ASK
375,1712454510.253742,289362.88683297,1472.0,-0.0,1478.0,ASK
376,1712454528.573692,289369.68031123,1472.0,1.9654316499782563e-09,1478.0,BID
377,1712454535.5847976,292761.32823726,1472.0,9.812428809348818e-07,1478.0,BID
378,1712454540.166755,292761.32823726,1472.0,0.0,1478.0,BID
379,1712454570.1639185,292761.32823726,1472.0,0.0,1478.0,BID
380,1712454573.7336545,292831.0146484,1472.0,2.0131946232113825e-08,1478.0,BID
381,1712454573.737147,292944.80085911,1472.0,3.287208852479256e-08,1478.0,BID
382,1712454577.103769,293128.52095911,1473.0,5.307552956811656e-08,1478.0,BID
383,1712454591.2236762,293196.45574172,1472.0,1.9625912260662943e-08,1478.0,BID
384,1712454594.1134205,293218.35574172,1472.0,-6.326766083532151e-09,1478.0,ASK
385,1712454595.1235578,293286.29054172,1473.0,1.962591728452092e-08,1478.0,BID
386,1712454600.1757634,293286.29054172,1473.0,0.0,1478.0,BID
387,1712454630.1564617,293286.29054172,1473.0,0.0,1478.0,BID
388,1712454643.7037177,293502.81839456,1473.0,6.269482188269158e-08,1478.0,BID
389,1712454660.2251582,293502.81839456,1473.0,0.0,1478.0,BID
390,1712454681.893764,294810.30076976,1473.0,3.785416247670527e-07,1478.0,BID
391,1712454681.8986447,302572.84769251,1473.0,2.247408592424715e-06,1478.0,BID
392,1712454690.2335143,302572.84769251,1473.0,0.0,1478.0,BID
393,1712454720.1556754,302572.84769251,1473.0,0.0,1478.0,BID
394,1712454750.1569047,302572.84769251,1473.0,0.0,1478.0,BID
395,1712454753.6438136,302720.60128259,1474.0,4.2612716365061295e-08,1478.0,BID
396,1712454756.3549948,302929.30128259,1474.0,-6.018990063505568e-08,1478.0,ASK
397,1712454762.9286032,303016.40128259,1474.0,-2.5119982488316532e-08,1478.0,ASK
398,1712454775.99573,304297.73401029,1474.0,-3.695413970326016e-07,1478.0,ASK
399,1712454777.4836416,304570.23401029,1474.0,-7.85900715048e-08,1478.0,ASK
400,1712454778.4636047,305825.94008343,1474.0,-3.6215056909020826e-07,1478.0,ASK
401,1712454780.2435083,305825.94008343,1474.0,-0.0,1478.0,ASK
402,1712454781.033577,306704.76199973,1474.0,-2.5310567301460417e-07,1478.0,ASK
403,1712454781.038357,307056.53203511,1474.0,-1.0131175599951825e-07,1478.0,ASK
404,1712454783.2876587,307505.23203511,1474.0,-1.2922813299854186e-07,1478.0,ASK
405,1712454783.4543424,307784.83203511,1474.0,-8.05263783962299e-08,1478.0,ASK
406,1712454783.7835994,308990.81214776,1474.0,-3.47329080434878e-07,1478.0,ASK
407,1712454789.4242024,310172.67265815,1474.0,-3.4038249882416305e-07,1478.0,ASK
408,1712454789.5036137,310776.47184443,1474.0,-1.738975742121703e-07,1478.0,ASK
409,1712454794.7729917,310964.30223943,1474.0,-5.409621409901417e-08,1478.0,ASK
410,1712454795.7738855,312177.71011881,1474.0,-3.494683191842908e-07,1478.0,ASK
411,1712454795.7782462,313364.30623943,1474.0,-3.417463813038278e-07,1478.0,ASK
412,1712454810.2373033,313364.30623943,1474.0,-0.0,1478.0,ASK
413,1712454814.992055,313381.48543603,1474.0,-4.931922513473698e-09,1478.0,ASK
414,1712454814.9944332,313731.00623943,1474.0,-1.0034284835014561e-07,1478.0,ASK
415,1712454840.1564157,313731.00623943,1474.0,-0.0,1478.0,ASK
416,1712454845.9754243,314059.91148743,1474.0,-9.440974216519465e-08,1478.0,ASK
417,1712454856.8438854,314059.91148759,1474.0,-4.593047065536653e-17,1478.0,ASK
418,1712454870.1508515,314059.91148759,1474.0,-0.0,1478.0,ASK
419,1712454896.5646963,314159.91148759,1473.0,-2.8700243158566977e-08,1478.0,ASK
420,1712454900.1838465,314159.91148759,1473.0,-0.0,1478.0,ASK
421,1712454930.1737576,314159.91148759,1473.0,-0.0,1478.0,ASK
422,1712454939.473533,314392.60938079,1474.0,6.6866091531227e-08,1478.0,BID
423,1712454939.553777,316905.97220579,1474.0,-7.222186088432167e-07,1478.0,ASK
424,1712454939.6443846,316905.97220672,1474.0,-2.6723225093361653e-16,1478.0,ASK
425,1712454945.0337005,316975.57536992,1473.0,-2.00005742097374e-08,1478.0,ASK
426,1712454960.2538428,316975.57536992,1473.0,-0.0,1478.0,ASK
427,1712454964.1335866,317206.47536992,1473.0,-6.627043195983873e-08,1478.0,ASK
428,1712454980.5482297,317661.47536992,1473.0,-1.305892011334932e-07,1478.0,ASK
429,1712454989.4637375,317668.55752289,1473.0,-2.0326432937414278e-09,1478.0,ASK
430,1712454990.2336297,317668.55752289,1473.0,-0.0,1478.0,ASK
431,1712455020.2363153,317668.55752289,1473.0,-0.0,1478.0,ASK
432,1712455050.1638613,317668.55752289,1473.0,-0.0,1478.0,ASK
433,1712455058.1641655,317744.08904831,1475.0,2.167189601875624e-08,1478.0,BID
434,1712455080.2435994,317744.08904831,1475.0,0.0,1478.0,BID
435,1712455110.2362714,317744.08904831,1475.0,0.0,1478.0,BID
436,1712455140.1666882,317744.08904831,1475.0,0.0,1478.0,BID
437,1712455155.7381008,317750.86870932,1475.0,1.945193229898286e-09,1478.0,BID
438,1712455170.1654823,317750.86870932,1475.0,0.0,1478.0,BID
439,1712455200.3472216,317750.86870932,1475.0,0.0,1478.0,BID
440,1712455230.2337518,317750.86870932,1475.0,0.0,1478.0,BID
441,1712455260.1570876,317750.86870932,1475.0,0.0,1478.0,BID
442,1712455277.533769,317890.86870932,1473.0,-4.0292995009035774e-08,1478.0,ASK
443,1712455290.163915,317890.86870932,1473.0,-0.0,1478.0,ASK
444,1712455297.1038,317930.86870932,1474.0,1.1511601056565925e-08,1478.0,BID
445,1712455310.0999012,318019.42001264,1473.0,-2.548418192146493e-08,1478.0,ASK
446,1712455320.237383,318019.42001264,1473.0,-0.0,1478.0,ASK
447,1712455333.9440408,318613.81089831,1474.0,1.7105044536041221e-07,1478.0,BID
448,1712455333.9498217,319177.33520938,1474.0,1.6216783719908828e-07,1478.0,BID
449,1712455335.417218,319476.67680938,1473.0,-8.61428316438309e-08,1478.0,ASK
450,1712455346.0936298,319590.7303687,1474.0,3.2821687860564666e-08,1478.0,BID
451,1712455346.2336392,320344.9683627,1474.0,-2.170503416048023e-07,1478.0,ASK
452,1712455346.273702,320344.96836297,1474.0,-7.768961327921122e-17,1478.0,ASK
453,1712455350.6437044,320704.9683627,1474.0,1.0359876264617054e-07,1478.0,BID
454,1712455350.659648,320996.0785627,1474.0,-8.377404593415281e-08,1478.0,ASK
455,1712455350.6675513,320996.0786072,1474.0,-1.2805955176888768e-14,1478.0,ASK
456,1712455350.8175886,320996.0786072,1474.0,-0.0,1478.0,ASK
457,1712455376.8650358,321211.0786072,1473.0,-6.179346588819018e-08,1478.0,ASK
458,1712455380.1700275,321211.0786072,1473.0,-0.0,1478.0,ASK
459,1712455388.0638278,322575.25127026,1473.0,-3.920431849305442e-07,1478.0,ASK
460,1712455388.06855,322872.56199656,1473.0,-8.544273551942351e-08,1478.0,ASK
461,1712455410.1663747,322872.56199656,1473.0,-0.0,1478.0,ASK
462,1712455440.242508,322872.56199656,1473.0,-0.0,1478.0,ASK
463,1712455470.2324016,322872.56199656,1473.0,-0.0,1478.0,ASK
464,1712455478.0740027,324517.48563114,1473.0,-4.723946376593661e-07,1478.0,ASK
465,1712455478.0791082,325145.16788313,1473.0,-1.8025987575389786e-07,1478.0,ASK
466,1712455478.253991,325571.15814955,1473.0,1.223373008457493e-07,1478.0,BID
467,1712455478.3536737,325864.87214955,1473.0,8.434976292434435e-08,1478.0,BID
468,1712455479.8100245,325872.17214955,1473.0,2.096438267657577e-09,1478.0,BID
469,1712455480.6036797,325931.51514955,1473.0,1.7042320016135383e-08,1478.0,BID
470,1712455482.555322,326351.51514955,1473.0,1.2061699622158717e-07,1478.0,BID
471,1712455483.8337631,326366.93149602,1473.0,4.427317628390313e-09,1478.0,BID
472,1712455483.83841,326462.28879914,1473.0,2.73850273098294e-08,1478.0,BID
473,1712455485.9038088,326491.28879914,1473.0,-8.328316405776257e-09,1478.0,ASK
474,1712455496.193783,326498.0776654,1473.0,-1.9496491810189797e-09,1478.0,ASK
475,1712455497.884844,326966.62451027,1473.0,-1.3455884051743952e-07,1478.0,ASK
476,1712455500.1557896,326966.62451027,1473.0,-0.0,1478.0,ASK
477,1712455530.1450083,326966.62451027,1473.0,-0.0,1478.0,ASK
478,1712455559.4037778,327275.08928194,1473.0,-8.98839231455755e-08,1478.0,ASK
479,1712455560.226022,327275.08928194,1473.0,-0.0,1478.0,ASK
480,1712455585.1936562,327375.08928194,1473.0,-2.9135263547665094e-08,1478.0,ASK
481,1712455590.2873802,327375.08928194,1473.0,-0.0,1478.0,ASK
482,1712455595.0744836,327386.45575256,1473.0,-3.3115090536705635e-09,1478.0,ASK
483,1712455620.2221086,327386.45575256,1473.0,-0.0,1478.0,ASK
484,1712455625.8936496,327969.03835956,1475.0,1.6972886585906654e-07,1478.0,BID
485,1712455650.2335415,327969.03835956,1475.0,0.0,1478.0,BID
486,1712455661.2461283,328302.92883782,1475.0,9.725087483594602e-08,1478.0,BID
487,1712455680.3075595,328302.92883782,1475.0,0.0,1478.0,BID
488,1712455710.3575578,328302.92883782,1475.0,0.0,1478.0,BID
489,1712455740.2324526,328302.92883782,1475.0,0.0,1478.0,BID
490,1712455742.6543171,328912.79339706,1475.0,1.7760720743292917e-07,1478.0,BID
491,1712455758.5599318,329256.99011226,1475.0,1.0023835041412357e-07,1478.0,BID
492,1712455763.9337976,329934.95621395,1475.0,1.974400122633926e-07,1478.0,BID
493,1712455770.2283025,329934.95621395,1475.0,0.0,1478.0,BID
494,1712455800.2807562,329934.95621395,1475.0,0.0,1478.0,BID
495,1712455809.7859974,329946.35621395,1475.0,3.337085804440187e-09,1478.0,BID
496,1712455822.373808,330414.04503026,1475.0,1.369050622631781e-07,1478.0,BID
497,1712455830.248709,330414.04503026,1475.0,0.0,1478.0,BID
498,1712455860.3321016,330414.04503026,1475.0,0.0,1478.0,BID
499,1712455869.3840888,330417.43486076,1475.0,9.92089098644064e-10,1478.0,BID
500,1712455890.2826614,330417.43486076,1475.0,0.0,1478.0,BID
501,1712455898.3938327,330930.65278644,1475.0,1.502013638232279e-07,1478.0,BID
502,1712455898.396917,331022.49233202,1475.0,2.687829927364642e-08,1478.0,BID
503,1712455899.5838585,331699.33633202,1475.0,1.980891290203248e-07,1478.0,BID
504,1712455900.863992,331840.79212994,1475.0,4.139928226422823e-08,1478.0,BID
505,1712455900.8690245,332038.31938286,1475.0,5.7809482670594184e-08,1478.0,BID
506,1712455920.2340384,332038.31938286,1475.0,0.0,1478.0,BID
507,1712455921.5041692,332122.51417233,1474.0,-2.4623710798211827e-08,1478.0,ASK
508,1712455928.8438995,332422.51417233,1474.0,-8.773836582958387e-08,1478.0,ASK
509,1712455931.1739008,332624.98617233,1475.0,5.921520802082759e-08,1478.0,BID
510,1712455950.2836275,332624.98617233,1475.0,0.0,1478.0,BID
511,1712455980.3297305,332624.98617233,1475.0,0.0,1478.0,BID
512,1712456010.2977078,332624.98617233,1475.0,0.0,1478.0,BID
513,1712456040.2390847,332624.98617233,1475.0,0.0,1478.0,BID
514,1712456070.2210667,332624.98617233,1475.0,0.0,1478.0,BID
515,1712456100.285756,332624.98617233,1475.0,0.0,1478.0,BID
516,1712456107.8241465,332624.98691941,1475.0,2.1990859024675658e-13,1478.0,BID
517,1712456110.01489,334523.29125641,1475.0,-5.587800769329536e-07,1478.0,ASK
518,1712456114.3340187,334523.29125708,1475.0,-1.972107316059665e-16,1478.0,ASK
519,1712456130.31188,334523.29125708,1475.0,-0.0,1478.0,ASK
520,1712456136.093884,334591.08786724,1474.0,-1.9940004606623457e-08,1478.0,ASK
521,1712456136.0987253,334939.46523808,1474.0,-1.0246303411034137e-07,1478.0,ASK
522,1712456138.2444923,334945.00551878,1475.0,-1.629480034746204e-09,1478.0,ASK
523,1712456160.2353463,334945.00551878,1475.0,-0.0,1478.0,ASK
524,1712456162.3336549,334958.56484081,1475.0,3.9872719455147035e-09,1478.0,BID
525,1712456190.296101,334958.56484081,1475.0,0.0,1478.0,BID
526,1712456205.909392,334958.56484166,1474.0,-2.499354268665137e-16,1478.0,ASK
527,1712456220.2868917,334958.56484166,1474.0,-0.0,1478.0,ASK
528,1712456220.8442128,334965.34910217,1474.0,-1.994976773346989e-09,1478.0,ASK
529,1712456244.5169451,334972.13336268,1474.0,-1.994976773346989e-09,1478.0,ASK
530,1712456250.3075492,334972.13336268,1474.0,-0.0,1478.0,ASK
531,1712456253.0103688,335141.54014234,1475.0,4.98153929319212e-08,1478.0,BID
532,1712456280.2634497,335141.54014234,1475.0,0.0,1478.0,BID
533,1712456310.2329743,335141.54014234,1475.0,0.0,1478.0,BID
534,1712456340.2853153,335141.54014234,1475.0,0.0,1478.0,BID
535,1712456370.3042512,335141.54014234,1475.0,0.0,1478.0,BID
536,1712456373.6940496,335148.32440285,1473.0,-1.9948184658935776e-09,1478.0,ASK
537,1712456373.7135687,335240.12440285,1472.0,-2.69925270262022e-08,1478.0,ASK
538,1712456373.824148,335246.90866285,1472.0,-1.994818315930529e-09,1478.0,ASK
539,1712456373.829282,335355.10866285,1472.0,-3.181472139690372e-08,1478.0,ASK
540,1712456400.2777536,335355.10866285,1472.0,-0.0,1478.0,ASK
541,1712456422.783779,335368.69561937,1474.0,4.012540581897218e-09,1478.0,BID
542,1712456430.2851648,335368.69561937,1474.0,0.0,1478.0,BID
543,1712456433.244045,335382.28257589,1473.0,-4.012516849944418e-09,1478.0,ASK
544,1712456433.2492566,335395.86953292,1472.0,-4.0125170005456455e-09,1478.0,ASK
545,1712456433.2537858,335506.72802671,1471.0,-3.273886787196259e-08,1478.0,ASK
546,1712456433.2577908,335520.31498323,1472.0,-4.012516849944418e-09,1478.0,ASK
547,1712456460.3159986,335520.31498323,1472.0,-0.0,1478.0,ASK
548,1712456490.3053284,335520.31498323,1472.0,-0.0,1478.0,ASK
549,1712456520.237955,335520.31498323,1472.0,-0.0,1478.0,ASK
550,1712456541.4856796,335525.85526393,1472.0,1.6360547805035987e-09,1478.0,BID
551,1712456550.222288,335525.85526393,1472.0,0.0,1478.0,BID
552,1712456560.8938384,335864.83831477,1472.0,-1.0010205894944949e-07,1478.0,ASK
553,1712456580.2896814,335864.83831477,1472.0,-0.0,1478.0,ASK
554,1712456610.3227327,335864.83831477,1472.0,-0.0,1478.0,ASK
555,1712456630.233927,335878.42527129,1473.0,-4.011651733674553e-09,1478.0,ASK
556,1712456630.2383394,335905.59918433,1472.0,-8.023303467366291e-09,1478.0,ASK
557,1712456630.3538675,336265.28865997,1472.0,1.0620103968194269e-07,1478.0,BID
558,1712456638.0140605,336443.7090353,1472.0,5.267996603675479e-08,1478.0,BID
559,1712456638.114161,336608.28805937,1472.0,4.859320233091623e-08,1478.0,BID
560,1712456640.2367132,336608.28805937,1472.0,0.0,1478.0,BID
561,1712456648.5540574,336724.24412961,1474.0,3.422584814437455e-08,1478.0,BID
562,1712456648.5583267,336911.32978257,1474.0,5.5220611865742383e-08,1478.0,BID
563,1712456657.564003,336941.61885991,1474.0,8.940190533586136e-09,1478.0,BID
564,1712456665.094159,336946.61885991,1474.0,1.4758109719281695e-09,1478.0,BID
565,1712456670.2212234,336946.61885991,1474.0,0.0,1478.0,BID
566,1712456700.2680373,336946.61885991,1474.0,0.0,1478.0,BID
567,1712456730.2422006,336946.61885991,1474.0,0.0,1478.0,BID
568,1712456760.3034294,336946.61885991,1474.0,0.0,1478.0,BID
569,1712456790.3175702,336946.61885991,1474.0,0.0,1478.0,BID
570,1712456820.2769406,336946.61885991,1474.0,0.0,1478.0,BID
571,1712456828.8221412,336950.99504715,1474.0,-1.2944784736447067e-09,1478.0,ASK
572,1712456850.237109,336950.99504715,1474.0,-0.0,1478.0,ASK
573,1712456850.343031,337150.14667538,1474.0,5.8909043353038216e-08,1478.0,BID
574,1712456880.3379164,337150.14667538,1474.0,0.0,1478.0,BID
575,1712456910.3610852,337150.14667538,1474.0,0.0,1478.0,BID
576,1712456940.2505813,337150.14667538,1474.0,0.0,1478.0,BID
577,1712456970.2526534,337150.14667538,1474.0,0.0,1478.0,BID
578,1712456997.9842713,337163.71519641,1474.0,-4.013219481133286e-09,1478.0,ASK
579,1712456997.9895816,337168.90730863,1474.0,-1.5356932316634522e-09,1478.0,ASK
580,1712457000.2850428,337168.90730863,1474.0,-0.0,1478.0,ASK
581,1712457002.0602703,337227.97230863,1474.0,1.7548465723003182e-08,1478.0,BID
582,1712457016.115445,337241.54082966,1473.0,-4.031265998595544e-09,1478.0,ASK
583,1712457016.1239986,337260.44430325,1472.0,-5.616303366450359e-09,1478.0,ASK
584,1712457016.1272757,337274.01282428,1473.0,-4.031265998595544e-09,1478.0,ASK
585,1712457017.8016512,337345.49182428,1473.0,2.1236718554378332e-08,1478.0,BID
586,1712457019.0538974,337345.49245258,1473.0,1.8667063759532821e-13,1478.0,BID
587,1712457030.256754,337345.49245258,1473.0,0.0,1478.0,BID
588,1712457047.1445696,338024.37907852,1473.0,-2.016845500346892e-07,1478.0,ASK
589,1712457060.3399642,338024.37907852,1473.0,-0.0,1478.0,ASK
590,1712457076.2940116,338168.52290484,1474.0,4.2809723422646265e-08,1478.0,BID
591,1712457090.1601386,338217.92386589,1474.0,1.4671745112888884e-08,1478.0,BID
592,1712457090.3386545,338217.92386589,1474.0,0.0,1478.0,BID
593,1712457120.2735395,338217.92386589,1474.0,0.0,1478.0,BID
594,1712457142.3940449,338225.92386589,1474.0,-2.3757435974351907e-09,1478.0,ASK
595,1712457149.5353231,338728.73126689,1474.0,-1.493176829585968e-07,1478.0,ASK
596,1712457149.5939767,338728.73126741,1474.0,-1.5441413820290881e-16,1478.0,ASK
597,1712457150.2323756,338728.73126741,1474.0,-0.0,1478.0,ASK
598,1712457172.2041855,338732.1629764,1473.0,-1.0188797651078395e-09,1478.0,ASK
599,1712457176.35417,338735.55510665,1474.0,1.0071287753090182e-09,1478.0,BID
600,1712457180.286025,338735.55510665,1474.0,0.0,1478.0,BID
601,1712457188.9241035,338879.69901113,1473.0,-4.2796422869016335e-08,1478.0,ASK
602,1712457198.3139873,338883.15898399,1474.0,1.0272682855792411e-09,1478.0,BID
603,1712457210.316967,338883.15898399,1474.0,0.0,1478.0,BID
604,1712457240.221172,338883.15898399,1474.0,0.0,1478.0,BID
605,1712457243.1141336,338895.25920935,1474.0,3.5923332078225887e-09,1478.0,BID
606,1712457243.7339382,338979.83296801,1474.0,2.5108385398348083e-08,1478.0,BID
607,1712457244.3539696,339113.56419026,1474.0,3.9702327545175533e-08,1478.0,BID
608,1712457251.6839492,340113.56419026,1473.0,-2.96881512613003e-07,1478.0,ASK
609,1712457254.6939983,340120.69249983,1473.0,-2.116263327504021e-09,1478.0,ASK
610,1712457255.8040109,343672.46669337,1473.0,-1.054456095037996e-06,1478.0,ASK
611,1712457270.2441387,343672.46669337,1473.0,-0.0,1478.0,ASK
612,1712457271.7838876,343680.21569337,1474.0,2.295726525484506e-09,1478.0,BID
613,1712457286.5744476,343749.10469337,1474.0,2.0409124353481507e-08,1478.0,BID
614,1712457288.5242083,343847.26689337,1474.0,2.9081631996560084e-08,1478.0,BID
615,1712457300.2997522,343847.26689337,1474.0,0.0,1478.0,BID
616,1712457311.2971368,343947.26689337,1475.0,2.996455938322662e-08,1478.0,BID
617,1712457311.3133483,343947.26698278,1474.0,2.679131073511905e-14,1478.0,BID
618,1712457311.316069,344287.63473784,1475.0,1.0198969808629937e-07,1478.0,BID
619,1712457330.3155992,344287.63473784,1475.0,0.0,1478.0,BID
620,1712457345.2339013,344293.53215391,1475.0,1.7667908653392523e-09,1478.0,BID
621,1712457345.2438686,344294.41439885,1475.0,2.643093657331028e-10,1478.0,BID
622,1712457345.2490268,344377.41222197,1475.0,2.486509243874514e-08,1478.0,BID
623,1712457360.2637124,344377.41222197,1475.0,0.0,1478.0,BID
624,1712457361.1339266,344393.70458859,1474.0,4.880792241748577e-09,1478.0,BID
625,1712457390.262158,344393.70458859,1474.0,0.0,1478.0,BID
626,1712457396.4439075,344633.30175618,1475.0,7.177690085661149e-08,1478.0,BID
627,1712457396.453938,344686.55437749,1475.0,1.5953060541449605e-08,1478.0,BID
628,1712457397.43393,345070.06458859,1476.0,1.1488939821996305e-07,1478.0,BID
629,1712457420.3303752,345070.06458859,1476.0,0.0,1478.0,BID
630,1712457450.3426783,345070.06458859,1476.0,0.0,1478.0,BID
631,1712457480.2235413,345070.06458859,1476.0,0.0,1478.0,BID
632,1712457489.291237,345130.40704608,1476.0,1.80715827548158e-08,1478.0,BID
633,1712457508.7241206,345137.18670709,1475.0,-2.030397999824623e-09,1478.0,ASK
634,1712457508.728935,345171.13796267,1475.0,-1.0167847820015769e-08,1478.0,ASK
635,1712457510.269959,345171.13796267,1475.0,-0.0,1478.0,ASK
636,1712457518.4544933,345237.18670709,1475.0,-1.9779639229283173e-08,1478.0,ASK
637,1712457518.460535,345260.74597912,1475.0,-7.055302948608905e-09,1478.0,ASK
638,1712457522.6742342,348650.57648759,1476.0,1.0151536580255275e-06,1478.0,BID
639,1712457525.5092282,349328.54258929,1475.0,-2.030307316069149e-07,1478.0,ASK
640,1712457540.3071797,349328.54258929,1475.0,-0.0,1478.0,ASK
641,1712457570.3116405,349328.54258929,1475.0,-0.0,1478.0,ASK
642,1712457575.733893,349335.31765704,1476.0,2.02521060911344e-09,1478.0,BID
643,1712457589.595034,349501.40665704,1476.0,4.964750424174556e-08,1478.0,BID
644,1712457600.289137,349501.40665704,1476.0,0.0,1478.0,BID
645,1712457601.4842036,349732.60923756,1474.0,-6.99146595432947e-08,1478.0,ASK
646,1712457601.489684,349741.03591454,1474.0,-2.548190642215245e-09,1478.0,ASK
647,1712457604.6240544,350068.05067712,1476.0,9.888784865631033e-08,1478.0,BID
648,1712457630.2586665,350068.05067712,1476.0,0.0,1478.0,BID
649,1712457660.338432,350068.05067712,1476.0,0.0,1478.0,BID
650,1712457682.789494,350175.04078989,1476.0,3.2345171126805055e-08,1478.0,BID
651,1712457683.4339669,350253.36598809,1476.0,2.3679215524955974e-08,1478.0,BID
652,1712457684.8840475,350527.78898809,1476.0,8.29633567656214e-08,1478.0,BID
653,1712457685.0454316,350698.05486951,1476.0,5.1474654330211663e-08,1478.0,BID
654,1712457685.4637926,350806.21055129,1476.0,3.269754508093028e-08,1478.0,BID
655,1712457685.489649,350913.90176533,1476.0,3.2557127540043785e-08,1478.0,BID
656,1712457685.8068068,351030.36963372,1476.0,3.5210479139769416e-08,1478.0,BID
657,1712457685.9639156,351116.80554852,1476.0,2.613124132056429e-08,1478.0,BID
658,1712457686.1099894,351311.90201204,1476.0,5.89814173984033e-08,1478.0,BID
659,1712457686.184117,351399.66867976,1476.0,2.653355355120709e-08,1478.0,BID
660,1712457686.5039935,351494.77349802,1476.0,2.875201775155214e-08,1478.0,BID
661,1712457686.5677872,351590.42021396,1476.0,2.8915843854152225e-08,1478.0,BID
662,1712457687.2569344,352266.93121396,1476.0,2.045223011513801e-07,1478.0,BID
663,1712457687.4981554,352364.66489024,1476.0,2.95467721482312e-08,1478.0,BID
664,1712457688.7176013,352551.83569024,1476.0,5.6585336711966623e-08,1478.0,BID
665,1712457688.7937653,353114.05669024,1476.0,1.6997023355957612e-07,1478.0,BID
666,1712457689.2938154,353207.40733925,1476.0,2.8221698611712725e-08,1478.0,BID
667,1712457689.434055,353346.54762752,1476.0,4.2064788214587954e-08,1478.0,BID
668,1712457689.4400778,353409.89334379,1476.0,1.9150629715747745e-08,1478.0,BID
669,1712457689.931077,353495.13051297,1476.0,2.5768837438434403e-08,1478.0,BID
670,1712457689.9359918,353751.97031853,1476.0,7.764761853156381e-08,1478.0,BID
671,1712457690.0023973,353837.12998021,1476.0,2.5745405428833352e-08,1478.0,BID
672,1712457690.0743473,353856.54762752,1476.0,5.870328658054201e-09,1478.0,BID
673,1712457690.0857775,353964.39532315,1476.0,3.260443493767038e-08,1478.0,BID
674,1712457690.2904654,353964.39532315,1476.0,0.0,1478.0,BID
675,1712457690.749859,354049.70532083,1476.0,2.5746091725455066e-08,1478.0,BID
676,1712457690.830808,354092.46632083,1476.0,1.290503643431766e-08,1478.0,BID
677,1712457692.893725,354512.46632083,1476.0,1.2675370787431526e-07,1478.0,BID
678,1712457693.144379,354653.14694124,1476.0,4.245664348340081e-08,1478.0,BID
679,1712457693.1578636,354746.09323027,1476.0,2.805068278026868e-08,1478.0,BID
680,1712457693.1641734,354848.06223385,1476.0,3.0773688790506304e-08,1478.0,BID
681,1712457693.2137036,354953.46094493,1476.0,3.1808755796569446e-08,1478.0,BID
682,1712457693.5660224,355084.71237125,1476.0,3.9610964166315215e-08,1478.0,BID
683,1712457693.57431,355216.13156567,1476.0,3.966159566332373e-08,1478.0,BID
684,1712457693.6204612,355346.80537092,1476.0,3.9436641279714366e-08,1478.0,BID
685,1712457694.0139215,355517.59815379,1476.0,5.1544329778442784e-08,1478.0,BID
686,1712457694.094082,355686.02062358,1476.0,5.082898222675437e-08,1478.0,BID
687,1712457694.174368,357389.21092358,1476.0,5.140135374775289e-07,1478.0,BID
688,1712457694.613967,357473.00799228,1476.0,2.528949801601483e-08,1478.0,BID
689,1712457694.982277,357893.00799228,1476.0,1.2675370787431526e-07,1478.0,BID
690,1712457695.6939645,358076.80205062,1476.0,5.5468043761584986e-08,1478.0,BID
691,1712457695.8337915,358223.99480209,1476.0,4.44219690977154e-08,1478.0,BID
692,1712457695.9137845,358352.59510013,1476.0,3.881086811979739e-08,1478.0,BID
693,1712457695.9387698,358481.02997224,1476.0,3.8760943476908994e-08,1478.0,BID
694,1712457696.0477104,358564.32803771,1476.0,2.5138901564478442e-08,1478.0,BID
695,1712457696.064099,358647.25537167,1476.0,2.502701681800948e-08,1478.0,BID
696,1712457696.0840302,358730.39562401,1476.0,2.5091274423099013e-08,1478.0,BID
697,1712457696.0886886,358813.29061434,1476.0,2.5017255686977294e-08,1478.0,BID
698,1712457696.2871964,359012.83045413,1476.0,6.022003467150687e-08,1478.0,BID
699,1712457696.4240336,359247.18344114,1476.0,7.0726452511751e-08,1478.0,BID
700,1712457696.4864464,359483.20902139,1476.0,7.12312320235155e-08,1478.0,BID
701,1712457696.5439837,359667.00307973,1476.0,5.5468043761584986e-08,1478.0,BID
702,1712457696.563972,359842.72258234,1476.0,5.303118690867944e-08,1478.0,BID
703,1712457696.5866995,360019.72521976,1476.0,5.3418429991699336e-08,1478.0,BID
704,1712457696.7256472,360162.24286294,1476.0,4.301104692994791e-08,1478.0,BID
705,1712457697.3047135,360787.89268354,1476.0,1.8881770140940402e-07,1478.0,BID
706,1712457697.307684,360823.68218566,1476.0,1.0801076420678569e-08,1478.0,BID
707,1712457697.310444,360838.85086294,1476.0,4.577824020930955e-09,1478.0,BID
708,1712457698.6938963,361023.68218566,1476.0,5.5781084490647774e-08,1478.0,BID
709,1712457699.838526,361028.48987598,1477.0,1.4509347008882227e-09,1478.0,BID
710,1712457699.8447173,361117.63818566,1477.0,2.6904473339682906e-08,1478.0,BID
711,1712457700.7337413,361526.33185163,1477.0,1.233415179677248e-07,1478.0,BID
712,1712457702.7040808,362114.12151158,1477.0,1.773917115448728e-07,1478.0,BID
713,1712457713.6337495,362234.35951158,1477.0,3.628717220807965e-08,1478.0,BID
714,1712457720.234797,362234.35951158,1477.0,0.0,1478.0,BID
715,1712457720.523354,362338.1840106,1477.0,3.1218651104482845e-08,1478.0,BID
716,1712457726.864009,362461.46814616,1477.0,3.706990595762238e-08,1478.0,BID
717,1712457728.8041,362905.96389891,1477.0,1.336539829569495e-07,1478.0,BID
718,1712457729.0338504,363141.81356194,1477.0,7.091686849198434e-08,1478.0,BID
719,1712457729.4394577,363415.17846524,1477.0,8.219720413670642e-08,1478.0,BID
720,1712457729.4583445,363659.37445945,1477.0,7.342649968280089e-08,1478.0,BID
721,1712457737.0439763,363805.65018339,1477.0,4.3983171928053954e-08,1478.0,BID
722,1712457738.283808,363873.35499043,1477.0,2.035793833853944e-08,1478.0,BID
723,1712457738.7439675,364333.13699043,1477.0,1.382503549510416e-07,1478.0,BID
724,1712457738.7639604,365567.00169043,1477.0,3.710067656771138e-07,1478.0,BID
725,1712457741.574184,366380.86639043,1477.0,2.447183309853934e-07,1478.0,BID
726,1712457744.9173567,366463.99585594,1477.0,2.4995928752414312e-08,1478.0,BID
727,1712457745.0995877,367278.57655594,1477.0,2.4493362269785485e-07,1478.0,BID
728,1712457745.8540137,367391.01954569,1477.0,3.3810117065685027e-08,1478.0,BID
729,1712457745.9212532,367398.366953,1477.0,2.209268019588566e-09,1478.0,BID
730,1712457745.9242592,367815.49830023,1477.0,1.2542586881555217e-07,1478.0,BID
731,1712457745.9314246,369039.56024569,1477.0,3.6805920728062933e-07,1478.0,BID
732,1712457746.0170546,369152.00329964,1477.0,3.38101363697813e-08,1478.0,BID
733,1712457746.804164,369249.33824569,1478.0,2.9267328517747925e-08,1478.0,BID
734,1712457750.226801,369249.33824569,1478.0,0.0,1478.0,BID
735,1712457771.4806516,369494.98685055,1478.0,7.363387545541878e-08,1478.0,BID
736,1712457771.483828,369787.0443588,1478.0,8.754507765495464e-08,1478.0,BID
737,1712457775.1745782,370930.28456173,1478.0,3.4268953721984266e-07,1478.0,BID
738,1712457775.1815856,372919.47002688,1478.0,5.96264061349167e-07,1478.0,BID
739,1712457780.3033907,372919.47002688,1478.0,0.0,1478.0,BID
740,1712457807.1544333,372953.29952621,1478.0,1.0124028043232993e-08,1478.0,BID
741,1712457807.1613357,373230.18562688,1478.0,8.286267025762663e-08,1478.0,BID
742,1712457808.604535,373254.75416979,1478.0,7.352536168984636e-09,1478.0,BID
743,1712457808.60916,373264.0151262,1478.0,2.7714918712521833e-09,1478.0,BID
744,1712457810.3161385,373264.0151262,1478.0,0.0,1478.0,BID
745,1712457815.4038534,373812.7171262,1478.0,1.6418297917689877e-07,1478.0,BID
746,1712457816.1138425,374298.6908262,1478.0,1.454133753250891e-07,1478.0,BID
747,1712457816.2190368,374886.76279274,1478.0,1.75963286878776e-07,1478.0,BID
748,1712457817.0138369,374941.63279274,1478.0,1.6418238073555102e-08,1478.0,BID
749,1712457840.248734,374941.63279274,1478.0,0.0,1478.0,BID
750,1712457870.248843,374941.63279274,1478.0,0.0,1478.0,BID
751,1712457897.9779923,375009.29179138,1478.0,2.0229961714339337e-08,1478.0,BID
752,1712457900.265758,375009.29179138,1478.0,0.0,1478.0,BID
753,1712457919.276066,375076.95079002,1477.0,-2.0273964723469192e-08,1478.0,ASK
754,1712457919.3342364,376883.56449463,1478.0,5.413503488438135e-07,1478.0,BID
755,1712457919.3417168,377187.73559961,1478.0,9.114462785762341e-08,1478.0,BID
756,1712457930.2741113,377187.73559961,1478.0,0.0,1478.0,BID
757,1712457960.3338945,377187.73559961,1478.0,0.0,1478.0,BID
758,1712457979.1339471,377201.31082246,1477.0,-4.063883926068028e-09,1478.0,ASK
759,1712457990.3063953,377201.31082246,1477.0,-0.0,1478.0,ASK
760,1712457992.4810953,377340.49643772,1478.0,4.166640914326112e-08,1478.0,BID
761,1712457997.9639275,379336.966403,1478.0,5.976604281999516e-07,1478.0,BID
762,1712458004.924265,379730.99143682,1478.0,1.1795477744707517e-07,1478.0,BID
763,1712458013.5039475,381083.49515789,1478.0,4.04883603126668e-07,1478.0,BID
764,1712458020.238161,381083.49515789,1478.0,0.0,1478.0,BID
765,1712458027.853992,381285.12573637,1478.0,6.025634398223173e-08,1478.0,BID
766,1712458032.5138516,381295.12573637,1478.0,2.9884526660830802e-09,1478.0,BID
767,1712458050.249272,381295.12573637,1478.0,0.0,1478.0,BID
768,1712458073.404204,381443.76683533,1477.0,-4.441653697590997e-08,1478.0,ASK
769,1712458080.2953017,381443.76683533,1477.0,-0.0,1478.0,ASK
770,1712458083.793848,381863.76683533,1478.0,1.25495047574904e-07,1478.0,BID
771,1712458084.5438974,382085.68699771,1478.0,6.630924127550627e-08,1478.0,BID
772,1712458085.2841237,385061.72119771,1478.0,8.89232270270335e-07,1478.0,BID
773,1712458087.6742036,385481.72019771,1478.0,1.2549474877715748e-07,1478.0,BID
774,1712458088.0975475,385584.38476454,1478.0,3.067593975855228e-08,1478.0,BID
775,1712458088.1126297,387924.71339771,1478.0,6.992848884775674e-07,1478.0,BID
776,1712458092.1539884,387930.3294588,1478.0,1.6780663182771107e-09,1478.0,BID
777,1712458092.158701,388335.88229771,1478.0,1.2117826860272206e-07,1478.0,BID
778,1712458110.236264,388335.88229771,1478.0,0.0,1478.0,BID
779,1712458111.2438717,388399.88129771,1478.0,1.9064728432031952e-08,1478.0,BID
780,1712458116.5439851,388403.26492423,1478.0,1.0079520104858663e-09,1478.0,BID
781,1712458120.5508258,388642.20092423,1478.0,7.117689264886912e-08,1478.0,BID
782,1712458121.146725,388881.13712423,1478.0,7.117695222707921e-08,1478.0,BID
783,1712458123.833881,388981.13712423,1478.0,2.9789103629789152e-08,1478.0,BID
784,1712458140.3274584,388981.13712423,1478.0,0.0,1478.0,BID
785,1712458148.423921,389048.79612287,1477.0,-2.0149284914708883e-08,1478.0,ASK
786,1712458148.43378,389214.85712739,1477.0,-4.945403509588376e-08,1478.0,ASK
787,1712458148.4390764,389249.99018079,1477.0,-1.046284924563082e-08,1478.0,ASK
788,1712458170.3317597,389249.99018079,1477.0,-0.0,1478.0,ASK
789,1712458171.7139466,389309.72713416,1477.0,-1.7787945323998082e-08,1478.0,ASK
790,1712458175.6999006,389460.88713416,1477.0,4.5011097210160607e-08,1478.0,BID
791,1712458182.3836424,389460.88728778,1477.0,4.574362300093076e-14,1478.0,BID
792,1712458200.2713664,389460.88728778,1477.0,0.0,1478.0,BID
793,1712458213.8639812,389528.54628642,1478.0,2.0227873253706127e-08,1478.0,BID
794,1712458230.2425482,389528.54628642,1478.0,0.0,1478.0,BID
795,1712458260.300788,389528.54628642,1478.0,0.0,1478.0,BID
796,1712458290.3298345,389528.54628642,1478.0,0.0,1478.0,BID
797,1712458295.833723,389542.08724782,1477.0,-4.0481926691861105e-09,1478.0,ASK
798,1712458320.264985,389542.08724782,1477.0,-0.0,1478.0,ASK
799,1712458350.2465446,389542.08724782,1477.0,-0.0,1478.0,ASK
800,1712458353.9545715,389555.62820922,1477.0,-4.048168464473274e-09,1478.0,ASK
801,1712458380.3513606,389555.62820922,1477.0,-0.0,1478.0,ASK
802,1712458387.8063374,389579.62820922,1477.0,7.174930890845744e-09,1478.0,BID
803,1712458396.864301,390016.02089711,1477.0,1.3046197403670938e-07,1478.0,BID
804,1712458396.8711758,390219.13531824,1477.0,6.07221639392404e-08,1478.0,BID
805,1712458409.484059,393054.72445151,1477.0,-8.477148360852344e-07,1478.0,ASK
806,1712458409.4939396,398738.54180077,1477.0,-1.699208194880432e-06,1478.0,ASK
807,1712458410.2855706,398738.54180077,1477.0,-0.0,1478.0,ASK
808,1712458440.2269366,398738.54180077,1477.0,-0.0,1478.0,ASK
809,1712458441.603846,399010.40907765,1477.0,-8.094797874925864e-08,1478.0,ASK
810,1712458470.269927,399010.40907765,1477.0,-0.0,1478.0,ASK
811,1712458475.3146448,399049.62307052,1477.0,-1.16744980280825e-08,1478.0,ASK
812,1712458482.7338707,399134.92307052,1478.0,2.5394880982829294e-08,1478.0,BID
813,1712458487.613788,399170.2156641,1477.0,-1.0507048224388732e-08,1478.0,ASK
814,1712458496.1955502,399173.59471815,1478.0,1.005986816334413e-09,1478.0,BID
815,1712458500.3134756,399173.59471815,1478.0,0.0,1478.0,BID
816,1712458515.7040658,400561.8011562,1478.0,4.162623345512481e-07,1478.0,BID
817,1712458517.1762404,400624.76242142,1478.0,1.887932697070496e-08,1478.0,BID
818,1712458517.4162505,400634.91814248,1477.0,-3.045256124460281e-09,1478.0,ASK
819,1712458517.4218693,401851.21656025,1477.0,-3.647146454695136e-07,1478.0,ASK
820,1712458517.427802,402052.80214142,1477.0,-6.044669029743374e-08,1478.0,ASK
821,1712458520.0641224,402052.8021418,1477.0,-1.1393924951616264e-16,1478.0,ASK
1022,1712458521.2438114,402059.6331418,1477.0,2.048317836154163e-09,1478.0,BID
822,1712458521.2438114,402059.6331418,1477.0,2.0483178361541632e-09,1478.0,BID
823,1712458530.3231096,402059.6331418,1477.0,0.0,1478.0,BID
824,1712458560.2669206,402059.6331418,1477.0,0.0,1478.0,BID
825,1712458571.8737717,402222.0434728,1477.0,-4.863755863808871e-08,1478.0,ASK
826,1712458571.977954,402222.04347353,1477.0,-2.186102048530809e-16,1478.0,ASK
827,1712458590.2305248,402222.04347353,1477.0,-0.0,1478.0,ASK
828,1712458590.2923238,402281.31447353,1477.0,1.7748807244911084e-08,1478.0,BID
829,1712458599.5439427,402957.64847353,1477.0,2.02529429217976e-07,1478.0,BID
830,1712458601.163963,403013.45547353,1477.0,1.6711506232662122e-08,1478.0,BID
831,1712458620.334069,403013.45547353,1477.0,0.0,1478.0,BID
832,1712458630.5539525,403013.45603469,1477.0,1.679815797391366e-13,1478.0,BID
833,1712458650.309327,403013.45603469,1477.0,0.0,1478.0,BID
834,1712458680.264642,403013.45603469,1477.0,0.0,1478.0,BID
835,1712458688.1738782,403018.45603469,1478.0,1.496735058549964e-09,1478.0,BID
836,1712458708.9078956,403245.72505797,1478.0,6.8032302973102e-08,1478.0,BID
837,1712458709.004023,403614.24853201,1477.0,-1.1031640069886928e-07,1478.0,ASK
838,1712458709.0136592,404289.24853197,1477.0,-2.0205923289227482e-07,1478.0,ASK
839,1712458710.25628,404289.24853197,1477.0,-0.0,1478.0,ASK
840,1712458740.3536096,404289.24853197,1477.0,-0.0,1478.0,ASK
841,1712458743.016699,404289.24853201,1477.0,-1.196373753002302e-17,1478.0,ASK
842,1712458756.0883594,404296.01901271,1477.0,2.025580448906417e-09,1478.0,BID
843,1712458770.3156252,404296.01901271,1477.0,0.0,1478.0,BID
844,1712458793.264274,404363.67801135,1476.0,-2.0242039065064868e-08,1478.0,ASK
845,1712458800.2790644,404363.67801135,1476.0,-0.0,1478.0,ASK
846,1712458815.8939266,404369.45676646,1478.0,1.734212503612302e-09,1478.0,BID
847,1712458815.899726,404370.81086256,1477.0,4.063661364879441e-10,1478.0,BID
848,1712458830.2714026,404370.81086256,1477.0,0.0,1478.0,BID
849,1712458851.0241754,404431.77147156,1477.0,1.8294306285247143e-08,1478.0,BID
850,1712458852.1459224,404833.53947156,1477.0,1.2057075820240993e-07,1478.0,BID
851,1712458854.273962,404848.56047156,1477.0,4.507808882139533e-09,1478.0,BID
852,1712458855.1739085,404981.06347665,1477.0,3.976421165398737e-08,1478.0,BID
853,1712458860.3103468,404981.06347665,1477.0,0.0,1478.0,BID
854,1712458866.4046564,405078.95688764,1477.0,2.9369912468321227e-08,1478.0,BID
855,1712458885.6979003,405082.95591272,1477.0,1.1997846981786387e-09,1478.0,BID
856,1712458885.7036555,405374.80988764,1477.0,8.756182474636952e-08,1478.0,BID
857,1712458889.1127732,405374.81086256,1477.0,2.924948131151104e-13,1478.0,BID
858,1712458889.1213005,405713.10488153,1478.0,1.0149473417285042e-07,1478.0,BID
859,1712458890.341607,405713.10488153,1478.0,0.0,1478.0,BID
860,1712458899.5040555,406389.69486799,1478.0,2.029242060825518e-07,1478.0,BID
861,1712458911.6844854,406394.44114674,1478.0,1.423513304167946e-09,1478.0,BID
862,1712458913.7938542,406414.73884633,1478.0,6.087726181331151e-09,1478.0,BID
863,1712458920.2761612,406414.73884633,1478.0,0.0,1478.0,BID
864,1712458946.064136,406455.33424552,1478.0,1.2171666690229873e-08,1478.0,BID
865,1712458950.251256,406455.33424552,1478.0,0.0,1478.0,BID
866,1712458980.3775842,406455.33424552,1478.0,0.0,1478.0,BID
867,1712459010.311925,406455.33424552,1478.0,0.0,1478.0,BID
868,1712459018.721132,406876.29687603,1478.0,1.2621441728497468e-07,1478.0,BID
869,1712459018.874118,407163.37648322,1478.0,8.607316352996632e-08,1478.0,BID
870,1712459020.8338432,407375.12557706,1478.0,6.348731823832976e-08,1478.0,BID
871,1712459040.2901666,407375.12557706,1478.0,0.0,1478.0,BID
872,1712459041.5140178,407381.8847144,1478.0,2.025721384267151e-09,1478.0,BID
873,1712459047.9439926,407924.8227144,1478.0,1.6271915506457842e-07,1478.0,BID
874,1712459055.9137924,407984.0617144,1478.0,1.775399774351835e-08,1478.0,BID
875,1712459070.2873063,409258.11067972,1478.0,3.81833968423209e-07,1478.0,BID
876,1712459070.293862,410373.30938482,1478.0,3.3422635922144736e-07,1478.0,BID
877,1712459070.2973342,412900.5532144,1478.0,7.574179383123172e-07,1478.0,BID
878,1712459070.30947,412900.5532144,1478.0,0.0,1478.0,BID
879,1712459074.113954,413333.7125144,1478.0,1.2964617073055173e-07,1478.0,BID
880,1712459077.27449,413392.9147524,1478.0,1.7719447453577734e-08,1478.0,BID
881,1712459078.7537432,413452.1107524,1478.0,1.7717580397247085e-08,1478.0,BID
882,1712459080.6241682,413906.0567524,1478.0,1.3586770644991497e-07,1478.0,BID
883,1712459088.4541795,414583.10482281,1478.0,2.026429762195165e-07,1478.0,BID
884,1712459090.2246392,414589.86482281,1478.0,2.023292848935111e-09,1478.0,BID
885,1712459090.96445,414796.06102281,1478.0,6.171528061198681e-08,1478.0,BID
886,1712459093.800962,415164.97402281,1478.0,1.1041701697901941e-07,1478.0,BID
887,1712459094.557145,415693.2570534,1478.0,1.5811705295932118e-07,1478.0,BID
888,1712459094.563995,415840.63992281,1478.0,4.4112234575807015e-08,1478.0,BID
889,1712459095.613965,415961.11089357,1478.0,3.6057404385001336e-08,1478.0,BID
890,1712459100.3324883,415961.11089357,1478.0,0.0,1478.0,BID
891,1712459121.5143373,416695.68222555,1478.0,2.2218252080999453e-07,1478.0,BID
892,1712459128.9805987,416705.68222555,1478.0,3.024655484595531e-09,1478.0,BID
1092,1712459128.9805987,416705.68222555,1478.0,3.0246554845955312e-09,1478.0,BID
893,1712459130.3532617,416705.68222555,1478.0,0.0,1478.0,BID
894,1712459133.5139542,417053.42513352,1478.0,1.051452511326296e-07,1478.0,BID
895,1712459143.914595,417121.08413216,1476.0,-2.0457706657245285e-08,1478.0,ASK
896,1712459143.9240594,417325.71268993,1476.0,-6.18724943126396e-08,1478.0,ASK
897,1712459159.1740758,417384.98968993,1478.0,1.7923284439569782e-08,1478.0,BID
898,1712459160.2476802,417384.98968993,1478.0,0.0,1478.0,BID
899,1712459170.2177107,417596.53373737,1478.0,6.394409410940544e-08,1478.0,BID
900,1712459173.3840916,418271.61173737,1478.0,2.0405798076372802e-07,1478.0,BID
901,1712459176.6939476,418332.77673737,1478.0,1.848853968490819e-08,1478.0,BID
902,1712459180.6742349,420518.37533737,1478.0,6.606478615448875e-07,1478.0,BID
903,1712459180.893926,420531.07533737,1478.0,3.838869516858165e-09,1478.0,BID
904,1712459181.2339842,420965.54460981,1478.0,1.3132841306928858e-07,1478.0,BID
905,1712459181.2408433,421756.96986193,1478.0,2.392266358450797e-07,1478.0,BID
906,1712459181.6346023,421760.48752675,1479.0,1.0632957675640834e-09,1479.0,BID
907,1712459181.6418967,421784.48752675,1479.0,7.254556567284372e-09,1479.0,BID
908,1712459181.6477573,424396.26686193,1479.0,7.894708720136553e-07,1479.0,BID
909,1712459183.9525611,424408.96686193,1478.0,3.838869516840571e-09,1479.0,BID
910,1712459185.2540803,424421.66686193,1478.0,3.838869516858165e-09,1479.0,BID
1111,1712459185.8742526,424602.30986193,1478.0,5.4603535916010054e-08,1479.0,BID
911,1712459185.8742526,424602.30986193,1478.0,5.460353591601005e-08,1479.0,BID
912,1712459187.9038908,424602.31081797,1478.0,2.8898525848828253e-13,1479.0,BID
913,1712459190.2413542,424602.31081797,1478.0,0.0,1479.0,BID
914,1712459220.260996,424602.31081797,1478.0,0.0,1479.0,BID
915,1712459221.884941,424614.47525412,1476.0,-3.665162018737747e-09,1479.0,ASK
916,1712459221.8938437,424615.72707254,1476.0,-3.7717468122753925e-10,1479.0,ASK
917,1712459235.8474674,424628.42707254,1478.0,3.82652817311544e-09,1479.0,BID
918,1712459237.2658105,424641.12707254,1478.0,3.82652817311544e-09,1479.0,BID
919,1712459237.935661,424849.61998216,1478.0,6.281921201220314e-08,1479.0,BID
920,1712459245.39401,424936.64431464,1478.0,2.6220555904026043e-08,1479.0,BID
921,1712459250.2313569,424936.64431464,1478.0,0.0,1479.0,BID
922,1712459250.838616,424954.02201464,1478.0,5.2351464760032305e-09,1479.0,BID
923,1712459250.8540606,424966.81330903,1479.0,3.8534616059513525e-09,1479.0,BID
924,1712459250.8599875,424966.81336017,1478.0,1.5406252573826823e-14,1479.0,BID
925,1712459251.0139248,425518.27466017,1479.0,1.6613134542286918e-07,1479.0,BID
926,1712459251.455619,426018.27466017,1479.0,1.5062829016547653e-07,1479.0,BID
927,1712459251.7539165,426032.29896017,1479.0,4.224912659532382e-09,1479.0,BID
928,1712459251.8741426,426047.28881818,1479.0,4.51579336372977e-09,1479.0,BID
1128,1712459251.8741426,426047.28881818,1479.0,4.5157933637297705e-09,1479.0,BID
929,1712459280.3175883,426047.28881818,1479.0,0.0,1479.0,BID
930,1712459309.9441864,426073.89981818,1478.0,8.012773723342772e-09,1479.0,BID
931,1712459310.3126075,426073.89981818,1478.0,0.0,1479.0,BID
1132,1712459329.3125372,426073.90069688,1478.0,2.6458009333742597e-13,1479.0,BID
932,1712459329.3125372,426073.90069688,1478.0,2.64580093337426e-13,1479.0,BID
933,1712459329.3319852,426135.13256513,1478.0,-1.843716111596236e-08,1479.0,ASK
934,1712459340.250852,426135.13256513,1478.0,-0.0,1479.0,ASK
935,1712459343.3287337,426249.33114413,1478.0,-3.438471315800864e-08,1479.0,ASK
936,1712459343.3438373,426249.33114429,1478.0,-4.8179200965148586e-17,1479.0,ASK
937,1712459370.2474744,426249.33114429,1478.0,-0.0,1479.0,ASK
938,1712459400.2792406,426249.33114429,1478.0,-0.0,1479.0,ASK
939,1712459412.3141456,426489.33114429,1477.0,7.292153261629783e-08,1479.0,BID
940,1712459416.0940127,426722.67424429,1479.0,7.089890198932465e-08,1479.0,BID
941,1712459430.259179,426722.67424429,1479.0,0.0,1479.0,BID
942,1712459460.310187,426722.67424429,1479.0,0.0,1479.0,BID
943,1712459484.084089,426837.43524429,1479.0,3.4861539690545966e-08,1479.0,BID
944,1712459486.4572268,426899.61524429,1479.0,1.8888738665207962e-08,1479.0,BID
945,1712459490.3484728,426899.61524429,1479.0,0.0,1479.0,BID
946,1712459496.9940355,427076.37048431,1479.0,5.368958094801404e-08,1479.0,BID
947,1712459517.6542273,427191.2555705,1479.0,3.4896459839128225e-08,1479.0,BID
948,1712459520.2221506,427191.2555705,1479.0,0.0,1479.0,BID
949,1712459542.6445515,427258.86882269,1479.0,2.0534902522648323e-08,1479.0,BID
950,1712459550.292549,427258.86882269,1479.0,0.0,1479.0,BID
951,1712459580.3250153,427258.86882269,1479.0,0.0,1479.0,BID
952,1712459595.5041122,427326.59155361,1479.0,2.056752778115608e-08,1479.0,BID
1152,1712459595.5041122,427326.59155361,1479.0,2.0567527781156082e-08,1479.0,BID
953,1712459601.064085,427426.59155361,1477.0,-3.0370198457367686e-08,1479.0,ASK
954,1712459601.0739443,428326.59155361,1477.0,-2.733317861163091e-07,1479.0,ASK
955,1712459610.289446,428326.59155361,1477.0,-0.0,1479.0,ASK
956,1712459615.424201,428358.04955361,1479.0,9.549283046319682e-09,1479.0,BID
957,1712459617.0238814,428389.50755361,1479.0,9.54928304633735e-09,1479.0,BID
958,1712459619.4239895,428809.50755361,1479.0,1.2749376563851118e-07,1479.0,BID
959,1712459623.7340934,428820.40355361,1479.0,3.307552548567207e-09,1479.0,BID
960,1712459637.6340122,428917.89618789,1479.0,2.9594531110400763e-08,1479.0,BID
961,1712459637.643789,429274.36918789,1479.0,1.0820972647253377e-07,1479.0,BID
962,1712459638.1436286,429555.78108489,1479.0,8.54244343904875e-08,1479.0,BID
963,1712459638.2743604,429641.48163166,1479.0,2.6014965297589482e-08,1479.0,BID
964,1712459639.1138673,429910.60733166,1479.0,8.16948783883264e-08,1479.0,BID
965,1712459639.3139622,429969.67302566,1479.0,1.7929780352644587e-08,1479.0,BID
966,1712459640.2634616,429969.67302566,1479.0,0.0,1479.0,BID
967,1712459641.3038027,430916.17302566,1479.0,2.8710451682986454e-07,1479.0,BID
968,1712459643.0142462,431007.47020834,1479.0,2.769343214079953e-08,1479.0,BID
969,1712459643.022302,431259.67181373,1479.0,7.650102489087406e-08,1479.0,BID
970,1712459643.0339277,433134.69821373,1479.0,5.687570508349174e-07,1479.0,BID
971,1712459643.214064,433247.43089842,1479.0,3.4195523474749686e-08,1479.0,BID
972,1712459643.2571652,433357.40365804,1479.0,3.3358347612409554e-08,1479.0,BID
973,1712459643.293701,433467.06795857,1479.0,3.3264781845919754e-08,1479.0,BID
974,1712459643.336962,433891.62295857,1479.0,1.2878146660612904e-07,1479.0,BID
975,1712459643.378189,434021.5258846,1479.0,3.9403821249471696e-08,1479.0,BID
976,1712459643.5338998,434390.50686285,1479.0,1.1192404171143281e-07,1479.0,BID
977,1712459643.7538874,434645.73544056,1479.0,7.74192049493926e-08,1479.0,BID
978,1712459643.8939114,434739.29421149,1479.0,2.837944608881841e-08,1479.0,BID
979,1712459643.9137776,434989.895686,1479.0,7.601565267410457e-08,1479.0,BID
980,1712459643.953931,435935.795686,1479.0,2.869225171361601e-07,1479.0,BID
981,1712459644.019771,436003.639151,1479.0,2.057914975053788e-08,1479.0,BID
982,1712459644.0338447,436252.59476903,1479.0,7.551641038201681e-08,1479.0,BID
983,1712459644.233966,436419.07731144,1479.0,5.049961954488991e-08,1479.0,BID
984,1712459644.3140194,436543.6777034,1479.0,3.7795388621752544e-08,1479.0,BID
985,1712459644.494006,436581.69467298,1479.0,1.1531794698988988e-08,1479.0,BID
986,1712459644.502329,436917.7095034,1479.0,1.0192432703160125e-07,1479.0,BID
987,1712459644.633726,436917.70959029,1479.0,2.635657426293532e-14,1479.0,BID
1187,1712459644.633726,436917.70959029,1479.0,2.6356574262935322e-14,1479.0,BID
988,1712459650.564277,436980.06444793,1480.0,1.8914274986520346e-08,1480.0,BID
989,1712459650.573373,437239.2912226,1480.0,7.86319893195778e-08,1480.0,BID
990,1712459650.5796034,437341.10959029,1480.0,3.0884852889645455e-08,1480.0,BID
991,1712459653.315302,437345.87798266,1478.0,-1.4464099180676379e-09,1480.0,ASK
992,1712459662.2041664,437369.82867349,1478.0,-7.265030658716084e-09,1480.0,ASK
993,1712459665.3539715,437393.77936432,1479.0,7.265030658733741e-09,1480.0,BID
994,1712459670.2404578,437393.77936432,1479.0,0.0,1480.0,BID
995,1712459670.9147975,437417.73005515,1479.0,-7.240912692332241e-09,1480.0,ASK
996,1712459683.1378229,437454.36176698,1480.0,1.10747130015636e-08,1480.0,BID
997,1712459683.1460624,437899.85615515,1480.0,1.346844645341578e-07,1480.0,BID
998,1712459700.253191,437899.85615515,1480.0,0.0,1480.0,BID
999,1712459705.0703187,438319.85615515,1480.0,1.2823020575432816e-07,1480.0,BID
1000,1712459706.864124,438745.21608919,1480.0,1.2986664728951464e-07,1480.0,BID
1201,1712459706.8755925,438980.66725515,1480.0,7.188559870511125e-08,1480.0,BID
1202,1712459709.8866608,438988.2702591,1480.0,2.3212732401516302e-09,1480.0,BID
1203,1712459709.8888476,439875.91845515,1480.0,2.7100788289748894e-07,1480.0,BID
1204,1712459710.126327,439918.3154512,1480.0,1.2944227444905208e-08,1480.0,BID
1205,1712459710.1289947,440081.39580927,1480.0,4.979006635667152e-08,1480.0,BID
1206,1712459710.1315596,441434.18095515,1480.0,4.130188514228407e-07,1480.0,BID
1207,1712459710.2641494,441453.92395515,1480.0,6.027735600499644e-09,1480.0,BID
1208,1712459728.1676614,441459.83237345,1480.0,1.803899272116697e-09,1480.0,BID
1209,1712459730.2590785,441459.83237345,1480.0,0.0,1480.0,BID
1210,1712459740.4975777,441628.89715759,1480.0,5.15342731873444e-08,1480.0,BID
1211,1712459742.6238272,441691.00515759,1480.0,1.8931740607014072e-08,1480.0,BID
1212,1712459748.2042737,441753.11315759,1480.0,1.8931740606996327e-08,1480.0,BID
1213,1712459751.5843108,441756.61315759,1480.0,1.0668688755803004e-09,1480.0,BID
1214,1712459760.3283386,441756.61315759,1480.0,0.0,1480.0,BID
1215,1712459762.9839847,441768.71915759,1480.0,3.689653031855798e-09,1480.0,BID
1216,1712459768.8044224,441830.85115759,1480.0,1.893652091315512e-08,1480.0,BID
1217,1712459778.785357,441887.95415759,1480.0,1.7403787962792788e-08,1480.0,BID
1218,1712459788.7939646,442562.64615759,1480.0,2.0563186712067122e-07,1480.0,BID
1219,1712459790.3016026,442562.64615759,1480.0,0.0,1480.0,BID
1220,1712459805.7290118,442624.75415759,1480.0,1.892232645009849e-08,1480.0,BID
1221,1712459813.4087052,442686.87715759,1480.0,1.8926896471625772e-08,1480.0,BID
1222,1712459815.2739902,442749.00615759,1480.0,1.8928724480233133e-08,1480.0,BID
1223,1712459816.1185634,442819.67215759,1480.0,2.1529676063017657e-08,1480.0,BID
1224,1712459819.6391995,442881.80415759,1480.0,1.8929638484545682e-08,1480.0,BID
1225,1712459820.246989,442881.80415759,1480.0,0.0,1480.0,BID
1226,1712459820.4387183,443037.59361559,1480.0,4.7457248780784726e-08,1480.0,BID
1227,1712459821.7486997,443457.59361559,1480.0,1.2794219033698374e-07,1480.0,BID
1228,1712459823.263979,443640.2148913,1480.0,5.56308714677896e-08,1480.0,BID
1229,1712459827.9441576,443707.78245886,1480.0,2.0582720450879545e-08,1480.0,BID
1230,1712459830.63387,443769.95045886,1480.0,1.8937881163976813e-08,1480.0,BID
1231,1712459832.9295683,443832.09145886,1480.0,1.892965630888315e-08,1480.0,BID
1232,1712459846.3354645,444283.25532925,1479.0,-1.374354613776314e-07,1480.0,ASK
1233,1712459846.338924,444286.75532925,1479.0,-1.0661849194748643e-09,1480.0,ASK
1234,1712459846.8939793,444722.39372925,1479.0,1.3270602640690138e-07,1480.0,BID
1235,1712459849.5045729,445237.72372925,1479.0,1.5698202130085696e-07,1480.0,BID
1236,1712459850.2521298,445237.72372925,1479.0,0.0,1480.0,BID
1237,1712459853.1389492,445764.02366415,1479.0,1.6015369064686697e-07,1480.0,BID
1238,1712459853.1438432,445764.02372924,1479.0,1.980696931100901e-14,1480.0,BID
1239,1712459853.3143618,446291.94772924,1479.0,1.6064789557142533e-07,1480.0,BID
1240,1712459853.374018,446291.94804595,1479.0,9.637521982985313e-14,1480.0,BID
1241,1712459853.3768356,446304.63914837,1480.0,3.86191742800203e-09,1480.0,BID
1242,1712459879.3138149,446369.86514837,1480.0,1.9848348695146167e-08,1480.0,BID
1243,1712459880.317356,446369.86514837,1480.0,0.0,1480.0,BID
1244,1712459910.3460357,446369.86514837,1480.0,0.0,1480.0,BID
1245,1712459940.246752,446369.86514837,1480.0,0.0,1480.0,BID
1246,1712459955.2438788,446389.33814837,1479.0,5.922638935181341e-09,1480.0,BID
1247,1712459955.383816,446402.86114837,1479.0,4.112969050517624e-09,1480.0,BID
1248,1712459957.6439078,446439.86514837,1479.0,1.1254625951687852e-08,1480.0,BID
1249,1712459963.2321155,446559.61814837,1479.0,3.6422419781491984e-08,1480.0,BID
1250,1712459970.2638476,446559.61814837,1479.0,0.0,1480.0,BID
1251,1712459987.98404,446624.87514837,1479.0,1.9845974521882227e-08,1480.0,BID
1252,1712459989.4239314,446683.55392342,1479.0,1.7845403169293618e-08,1480.0,BID
1253,1712459997.4840734,446744.64595922,1480.0,1.857932460849789e-08,1480.0,BID
1254,1712459997.4870374,446986.34592342,1480.0,7.350585119533109e-08,1480.0,BID
1255,1712459998.8087718,447336.8875445,1480.0,1.066068020413919e-07,1480.0,BID
1256,1712460000.3080423,447336.8875445,1480.0,0.0,1480.0,BID
1257,1712460006.0540135,448012.56322017,1480.0,2.067358331249834e-07,1480.0,BID
1258,1712460030.2523932,448012.56322017,1480.0,0.0,1480.0,BID
1259,1712460042.923748,448295.1458831,1479.0,-8.643509766379657e-08,1480.0,ASK
1260,1712460050.4339457,448970.48388977,1480.0,2.0656931305461089e-07,1480.0,BID
1261,1712460051.2238238,449252.59351063,1480.0,8.62904057103167e-08,1480.0,BID
1262,1712460060.3005652,449256.65030576,1479.0,1.2408740140825474e-09,1480.0,BID
1263,1712460060.307272,449256.65030576,1479.0,0.0,1480.0,BID
1264,1712460060.9642537,449300.52051063,1480.0,1.3411266466740326e-08,1480.0,BID
1265,1712460090.305314,449300.52051063,1480.0,0.0,1480.0,BID
1266,1712460120.2742634,449300.52051063,1480.0,0.0,1480.0,BID
1267,1712460150.2873297,449300.52051063,1480.0,0.0,1480.0,BID
1268,1712460160.1939013,449307.27389069,1480.0,2.064489603327533e-09,1480.0,BID
1269,1712460180.327593,449307.27389069,1480.0,0.0,1480.0,BID
1270,1712460186.0073514,449320.8922015,1480.0,4.1630672239877734e-09,1480.0,BID
1271,1712460210.3184686,449320.8922015,1480.0,0.0,1480.0,BID
1272,1712460233.7038405,451345.1836015,1480.0,6.188145779467478e-07,1480.0,BID
1273,1712460234.483936,453133.2471015,1480.0,5.466010279421654e-07,1480.0,BID
1274,1712460236.353987,453801.7661214,1480.0,2.04362531574653e-07,1480.0,BID
1275,1712460236.355826,454019.0224015,1480.0,6.641403173297191e-08,1480.0,BID
1276,1712460240.2369826,454019.0224015,1480.0,0.0,1480.0,BID
1277,1712460258.7940469,454028.82972086,1480.0,2.991683750718871e-09,1480.0,BID
1278,1712460258.7975676,454694.69807717,1480.0,2.031204928251225e-07,1480.0,BID
1279,1712460270.257257,454694.69807717,1480.0,0.0,1480.0,BID
1280,1712460278.5061903,454794.69807717,1480.0,3.049529966365011e-08,1480.0,BID
1281,1712460278.5097716,455842.14124747,1480.0,3.194209335894178e-07,1480.0,BID
1282,1712460300.3282142,455842.14124747,1480.0,0.0,1480.0,BID
1283,1712460313.77916,456415.82400068,1480.0,1.7490101849057753e-07,1480.0,BID
1284,1712460320.5599008,456483.39156824,1478.0,-2.05996019874244e-08,1480.0,ASK
1285,1712460324.594832,456622.18500935,1480.0,4.231452675563398e-08,1480.0,BID
1286,1712460330.3160906,456622.18500935,1480.0,0.0,1480.0,BID
1287,1712460360.3006015,456622.18500935,1480.0,0.0,1480.0,BID
1288,1712460373.444005,457000.72311726,1480.0,1.1536586838271734e-07,1480.0,BID
1289,1712460373.4478931,457081.76602965,1480.0,2.469919347291608e-08,1480.0,BID
1290,1712460381.733789,457214.08717829,1480.0,4.032710022919135e-08,1480.0,BID
1291,1712460390.3226142,457214.08717829,1480.0,0.0,1480.0,BID
1292,1712460404.4446645,457304.01451823,1478.0,-2.7399557364845564e-08,1480.0,ASK
1293,1712460420.2604873,457304.01451823,1478.0,-0.0,1480.0,ASK
1294,1712460450.2368991,457304.01451823,1478.0,-0.0,1480.0,ASK
1295,1712460480.3219528,457304.01451823,1478.0,-0.0,1480.0,ASK
1296,1712460500.283831,457313.68073444,1480.0,2.945036744619436e-09,1480.0,BID
1297,1712460510.3092446,457313.68073444,1480.0,0.0,1480.0,BID
1298,1712460540.2273371,457313.68073444,1480.0,0.0,1480.0,BID
1299,1712460570.262773,457313.68073444,1480.0,0.0,1480.0,BID
1300,1712460600.285492,457313.68073444,1480.0,0.0,1480.0,BID
1301,1712460604.2938485,457327.21253417,1478.0,-4.1239470422320725e-09,1480.0,ASK
1302,1712460611.5424466,457527.21253417,1478.0,-6.095193728119065e-08,1480.0,ASK
1303,1712460614.423953,457540.01253417,1479.0,3.9009239859926545e-09,1480.0,BID
1304,1712460614.4841094,457727.21253417,1479.0,5.7051013295198e-08,1480.0,BID
1305,1712460614.487567,457730.6270034,1479.0,1.0405925717741495e-09,1480.0,BID
1306,1712460615.8046343,457881.31761351,1480.0,4.59244230814463e-08,1480.0,BID
1307,1712460615.8446867,458149.2172102,1480.0,8.164499707551586e-08,1480.0,BID
1308,1712460616.1339896,458507.59672616,1480.0,1.0921962889828624e-07,1480.0,BID
1309,1712460616.1369605,458527.59672616,1480.0,6.095193728119066e-09,1480.0,BID
1310,1712460616.1388462,459499.8172102,1480.0,2.9629360983348585e-07,1480.0,BID
1311,1712460630.24887,459499.8172102,1480.0,0.0,1480.0,BID
1312,1712460649.4638853,459770.66024586,1480.0,8.24607444958331e-08,1480.0,BID
1313,1712460655.1439545,459838.22781342,1480.0,2.0571590150707453e-08,1480.0,BID
1314,1712460655.7042189,460249.54981342,1480.0,1.2523090455275426e-07,1480.0,BID
1315,1712460658.055166,460403.99396268,1480.0,4.702199375358304e-08,1480.0,BID
1316,1712460658.057629,460603.99396268,1480.0,6.089190685290776e-08,1480.0,BID
1317,1712460658.0592165,460923.56281342,1480.0,9.729578346176457e-08,1480.0,BID
1318,1712460659.9438682,462273.66281342,1480.0,4.1105081721054673e-07,1480.0,BID
1319,1712460660.2968495,462273.66281342,1480.0,0.0,1480.0,BID
1320,1712460667.7538588,462949.33848909,1480.0,2.0545909919964085e-07,1480.0,BID
1321,1712460669.23387,463566.74748909,1480.0,1.8774139952866842e-07,1480.0,BID
1322,1712460690.2985706,463566.74748909,1480.0,0.0,1480.0,BID
1323,1712460713.9237778,464512.93883589,1480.0,2.8755002431956905e-07,1480.0,BID
1324,1712460720.3039129,464512.93883589,1480.0,0.0,1480.0,BID
1325,1712460750.2630422,464512.93883589,1480.0,0.0,1480.0,BID
1326,1712460771.2536948,464580.50640345,1480.0,2.0525225448838413e-08,1480.0,BID
1327,1712460772.8639634,464594.01640345,1479.0,-4.1039777785064e-09,1480.0,ASK
1328,1712460772.8677633,464607.52991696,1479.0,-4.105045089159424e-09,1480.0,ASK
1329,1712460772.9138596,464662.73330345,1479.0,1.6769316909926422e-08,1480.0,BID
1330,1712460780.314678,464662.73330345,1479.0,0.0,1480.0,BID
1331,1712460783.8937013,464768.65424939,1480.0,3.2173793222807614e-08,1480.0,BID
1332,1712460804.553836,464859.37635869,1479.0,-2.7557102700037492e-08,1480.0,ASK
1333,1712460810.3139513,464859.37635869,1479.0,-0.0,1480.0,ASK
1334,1712460839.714327,464904.73741334,1479.0,-1.3777333789613618e-08,1480.0,ASK
1335,1712460840.2502277,464904.73741334,1479.0,-0.0,1480.0,ASK
1336,1712460844.003732,465630.28896602,1480.0,2.2036441426399938e-07,1480.0,BID
1337,1712460870.3042097,465630.28896602,1480.0,0.0,1480.0,BID
1338,1712460871.1939783,466113.50841841,1480.0,1.4671549357793825e-07,1480.0,BID
1339,1712460871.1976402,466305.62697269,1480.0,5.8331195851597225e-08,1480.0,BID
1340,1712460877.0565164,466390.72606966,1480.0,2.583785887185574e-08,1480.0,BID
1341,1712460877.060161,466933.02697269,1480.0,1.646538529487655e-07,1480.0,BID
1342,1712460879.3437784,466938.39077269,1479.0,-1.6285614342713847e-09,1480.0,ASK
1343,1712460900.340474,466938.39077269,1479.0,-0.0,1480.0,ASK
1344,1712460909.0340748,467107.42390318,1479.0,-5.130896044059265e-08,1480.0,ASK
1345,1712460909.0439398,467227.70787883,1479.0,-3.651145624750924e-08,1480.0,ASK
1346,1712460909.046858,467295.27544639,1479.0,-2.0509716887754227e-08,1480.0,ASK
1347,1712460910.7639427,467442.97244639,1479.0,4.4832510101594016e-08,1480.0,BID
1348,1712460930.3499112,467442.97244639,1479.0,0.0,1480.0,BID
1349,1712460938.708261,467632.1143438,1479.0,5.7399849518064064e-08,1480.0,BID
1350,1712460939.233739,467739.32833035,1479.0,3.253677148464823e-08,1480.0,BID
1351,1712460941.406952,468038.8936439,1479.0,9.091060285458784e-08,1480.0,BID
1352,1712460943.4838755,468312.11458784,1479.0,8.29157435877096e-08,1480.0,BID
1353,1712460946.093929,468315.49592658,1479.0,1.0261519922522906e-09,1480.0,BID
1354,1712460960.2670531,468315.49592658,1479.0,0.0,1480.0,BID
1355,1712460990.2843852,468315.49592658,1479.0,0.0,1480.0,BID
1356,1712461020.379551,468315.49592658,1479.0,0.0,1480.0,BID
1357,1712461022.9637992,468338.1764539,1478.0,-6.8802800149247074e-09,1480.0,ASK
1358,1712461041.5738585,469622.82824566,1478.0,-3.897071670456029e-07,1480.0,ASK
1359,1712461050.3235714,469622.82824566,1478.0,-0.0,1480.0,ASK
1360,1712461057.8539228,469645.50877299,1478.0,-6.8762494613857846e-09,1480.0,ASK
1361,1712461068.8048477,469746.99727097,1478.0,-3.0769135982473584e-08,1480.0,ASK
1362,1712461075.3242493,469760.5290707,1478.0,-4.102551464119219e-09,1480.0,ASK
1363,1712461080.275767,469760.5290707,1478.0,-0.0,1480.0,ASK
1364,1712461084.7539308,469801.12446989,1478.0,-1.2306895014502541e-08,1480.0,ASK
1365,1712461108.3539643,469834.95396922,1478.0,-1.0255745846915773e-08,1480.0,ASK
1366,1712461109.49947,469839.01147936,1478.0,-1.2300741539586792e-09,1480.0,ASK
1367,1712461109.501267,469918.62260173,1478.0,-2.4134895691206377e-08,1480.0,ASK
1368,1712461109.503009,469989.12826328,1478.0,-2.13744855805585e-08,1480.0,ASK
1369,1712461110.2975025,469989.12826328,1478.0,-0.0,1480.0,ASK
1370,1712461119.1439948,470022.95776261,1478.0,-1.0254695473857731e-08,1480.0,ASK
1371,1712461120.474529,471247.68285774,1478.0,-3.712494461490656e-07,1480.0,ASK
1372,1712461120.57395,471389.7667548,1478.0,-4.3069720952058784e-08,1480.0,ASK
1373,1712461140.3263578,471389.7667548,1478.0,-0.0,1480.0,ASK
1374,1712461143.897118,471411.01849226,1478.0,-6.437973676497232e-09,1480.0,ASK
1375,1712461143.901022,471431.53200577,1478.0,-6.214337074238811e-09,1480.0,ASK
1376,1712461143.9064634,471436.53200577,1478.0,-1.5146934900278583e-09,1480.0,ASK
1377,1712461169.6955717,471558.36003556,1477.0,-3.690642472515505e-08,1480.0,ASK
1378,1712461169.7002912,471605.56513626,1477.0,-1.4300251745287892e-08,1480.0,ASK
1379,1712461170.33684,471605.56513626,1477.0,-0.0,1480.0,ASK
1380,1712461194.307763,471673.2699433,1478.0,2.050842557233147e-08,1480.0,BID
1381,1712461200.2792222,471673.2699433,1478.0,0.0,1480.0,BID
1382,1712461207.4194088,471750.3699433,1478.0,2.337807412758432e-08,1480.0,BID
1383,1712461230.3150506,471750.3699433,1478.0,0.0,1480.0,BID
1384,1712461239.4339836,471766.12538632,1478.0,4.777161976372405e-09,1480.0,BID
1385,1712461252.484196,471953.34693924,1478.0,-5.67669016117201e-08,1480.0,ASK
1386,1712461260.310471,471953.34693924,1478.0,-0.0,1480.0,ASK
1387,1712461290.3628702,471953.34693924,1478.0,-0.0,1480.0,ASK
1388,1712461317.4840171,472034.24693924,1478.0,2.4527222258581162e-08,1480.0,BID
1389,1712461320.2528152,472034.24693924,1478.0,0.0,1480.0,BID
1390,1712461321.023956,472173.95955886,1478.0,4.2356467909514106e-08,1480.0,BID
1391,1712461321.0261714,472318.58793924,1478.0,4.384677181655585e-08,1480.0,BID
1392,1712461350.23936,472318.58793924,1478.0,0.0,1480.0,BID
1393,1712461380.3430974,472318.58793924,1478.0,0.0,1480.0,BID
1394,1712461410.3353066,472318.58793924,1478.0,0.0,1480.0,BID
1395,1712461440.2790253,472318.58793924,1478.0,0.0,1480.0,BID
1396,1712461470.270244,472318.58793924,1478.0,0.0,1480.0,BID
1397,1712461500.2547274,472318.58793924,1478.0,0.0,1480.0,BID
1398,1712461530.2772834,472318.58793924,1478.0,0.0,1480.0,BID
1399,1712461544.4740126,472373.06701865,1478.0,-1.6592271190946102e-08,1480.0,ASK
1400,1712461557.3839812,472378.06701865,1479.0,1.522811267245135e-09,1480.0,BID
1401,1712461560.3448238,472378.06701865,1479.0,0.0,1480.0,BID
1402,1712461584.6039124,472382.12655856,1479.0,1.2363495189370447e-09,1480.0,BID
1403,1712461590.2883153,472382.12655856,1479.0,0.0,1480.0,BID
1404,1712461620.2517507,472382.12655856,1479.0,0.0,1480.0,BID
1405,1712461650.2635467,472382.12655856,1479.0,0.0,1480.0,BID
1406,1712461680.3225944,472382.12655856,1479.0,0.0,1480.0,BID
1407,1712461681.1039915,472882.12655856,1479.0,1.5227677096555794e-07,1480.0,BID
1408,1712461710.328677,472882.12655856,1479.0,0.0,1480.0,BID
1409,1712461714.1843429,472940.74817907,1478.0,-1.7849402165111953e-08,1480.0,ASK
1410,1712461740.2383263,472940.74817907,1478.0,-0.0,1480.0,ASK
1411,1712461742.9940476,475940.74817907,1479.0,9.134308023083426e-07,1480.0,BID
1412,1712461770.3232837,475940.74817907,1479.0,0.0,1480.0,BID
1413,1712461770.4418657,476440.74817907,1478.0,-1.5203307581534412e-07,1480.0,ASK
1414,1712461770.7175171,476467.81177853,1478.0,-8.229124537077051e-09,1480.0,ASK
1415,1712461779.664061,477467.81177853,1479.0,3.0406615163068825e-07,1480.0,BID
1416,1712461800.2916744,477467.81177853,1479.0,0.0,1480.0,BID
1417,1712461830.247599,477467.81177853,1479.0,0.0,1480.0,BID
1418,1712461860.3517604,477467.81177853,1479.0,0.0,1480.0,BID
1419,1712461890.2904787,477467.81177853,1479.0,0.0,1480.0,BID
1420,1712461920.280964,477467.81177853,1479.0,0.0,1480.0,BID
1421,1712461937.6842897,477486.56177853,1478.0,-5.718098118364117e-09,1480.0,ASK
1422,1712461947.3943384,477711.56177853,1479.0,6.861717742036942e-08,1480.0,BID
1423,1712461950.2756958,477711.56177853,1479.0,0.0,1480.0,BID
1424,1712461963.7921717,478017.52238848,1479.0,9.32970919724194e-08,1480.0,BID
1425,1712461980.2638714,478017.52238848,1479.0,0.0,1480.0,BID
1426,1712462010.2367084,478017.52238848,1479.0,0.0,1480.0,BID
1427,1712462018.2043602,478036.49990149,1479.0,5.786047097113217e-09,1480.0,BID
1428,1712462018.2088346,478384.76034196,1479.0,1.0618100009004849e-07,1480.0,BID
1429,1712462018.3463893,478434.50321517,1479.0,-1.5166086672553023e-08,1480.0,ASK
1430,1712462027.144133,478905.98275132,1479.0,-1.437492257312818e-07,1480.0,ASK
1431,1712462032.8941534,478930.98275132,1480.0,7.622240983410801e-09,1480.0,BID
1432,1712462040.3245578,478930.98275132,1480.0,0.0,1480.0,BID
1433,1712462067.7840202,478939.48052945,1480.0,2.589817722049304e-09,1480.0,BID
1434,1712462070.338668,478939.48052945,1480.0,0.0,1480.0,BID
1435,1712462100.262743,478939.48052945,1480.0,0.0,1480.0,BID
1436,1712462102.8543284,481231.85219346,1480.0,7.001364989902796e-07,1480.0,BID
1437,1712462102.8597405,482337.97992839,1480.0,3.378336994513552e-07,1480.0,BID
1438,1712462117.144179,482565.87078817,1479.0,-6.960246072801373e-08,1480.0,ASK
1439,1712462117.1485472,482568.36992839,1479.0,-7.632877825111692e-10,1480.0,ASK
1440,1712462123.2255754,483335.87078817,1479.0,-2.344102282255659e-07,1480.0,ASK
1441,1712462130.2610853,483335.87078817,1479.0,-0.0,1480.0,ASK
1442,1712462160.3146472,483335.87078817,1479.0,-0.0,1480.0,ASK
1443,1712462190.304964,483335.87078817,1479.0,-0.0,1480.0,ASK
1444,1712462220.2443745,483335.87078817,1479.0,-0.0,1480.0,ASK
1445,1712462245.6841402,483363.04896152,1479.0,8.28430122766547e-09,1480.0,BID
1446,1712462250.2787042,483363.04896152,1479.0,0.0,1480.0,BID
1447,1712462267.9243376,483386.71359979,1479.0,-7.213236420986626e-09,1480.0,ASK
1448,1712462280.3311417,483386.71359979,1479.0,-0.0,1480.0,ASK
1449,1712462300.131148,483794.01359979,1479.0,-1.2414809886017336e-07,1480.0,ASK
1450,1712462310.3096545,483794.01359979,1479.0,-0.0,1480.0,ASK
1451,1712462337.463963,483891.21359979,1479.0,-2.9621850963578964e-08,1480.0,ASK
1452,1712462338.9586709,483898.71858944,1479.0,-2.287157252006211e-09,1480.0,ASK
1453,1712462338.960924,484019.50829979,1479.0,-3.681085183045998e-08,1480.0,ASK
1454,1712462340.267314,484019.50829979,1479.0,-0.0,1480.0,ASK
1455,1712462342.1042178,484019.50838113,1479.0,-2.478597998177602e-14,1480.0,ASK
1456,1712462359.7741582,484026.26970634,1479.0,2.060314955356171e-09,1480.0,BID
1457,1712462370.2773426,484026.26970634,1479.0,0.0,1480.0,BID
1458,1712462400.31997,484026.26970634,1479.0,0.0,1480.0,BID
1459,1712462430.2403853,484026.26970634,1479.0,0.0,1480.0,BID
1460,1712462460.3063457,484026.26970634,1479.0,0.0,1480.0,BID
1461,1712462473.6442015,484059.46729902,1479.0,1.0183233119799528e-08,1480.0,BID
1462,1712462476.7200031,485691.39404731,1478.0,-5.005872164426181e-07,1480.0,ASK
1463,1712462490.3359466,485691.39404731,1478.0,-0.0,1480.0,ASK
1464,1712462496.137182,486361.86002113,1478.0,2.055076998683215e-07,1480.0,BID
1465,1712462500.384295,486453.30902113,1478.0,2.8030465943221555e-08,1480.0,BID
1466,1712462502.454141,486555.17802113,1478.0,3.122434947535048e-08,1480.0,BID
1467,1712462504.484019,486628.57202113,1478.0,2.249634241422469e-08,1480.0,BID
1468,1712462515.9449058,487563.54777649,1480.0,2.865838452948198e-07,1480.0,BID
1469,1712462520.293652,487563.54777649,1480.0,0.0,1480.0,BID
1470,1712462550.2833457,487563.54777649,1480.0,0.0,1480.0,BID
1471,1712462552.784193,487585.26631505,1478.0,-6.6514069441609355e-09,1480.0,ASK
1472,1712462580.332276,487585.26631505,1478.0,-0.0,1480.0,ASK
1473,1712462610.3094313,487585.26631505,1478.0,-0.0,1480.0,ASK
1474,1712462640.273291,487585.26631505,1478.0,-0.0,1480.0,ASK
1475,1712462652.75422,487593.76409318,1479.0,-2.6024598596236716e-09,1480.0,ASK
1476,1712462670.2689252,487593.76409318,1479.0,-0.0,1480.0,ASK
1477,1712462695.954921,487600.52084994,1480.0,2.0692609642434912e-09,1480.0,BID
1478,1712462695.960003,489015.5773271,1480.0,4.333619270889202e-07,1480.0,BID
1479,1712462695.9652078,489036.55013681,1480.0,6.422936030541444e-09,1480.0,BID
1480,1712462700.3935337,489036.55013681,1480.0,0.0,1480.0,BID
1481,1712462730.3157573,489036.55013681,1480.0,0.0,1480.0,BID
1482,1712462760.25181,489036.55013681,1480.0,0.0,1480.0,BID
1483,1712462790.2766776,489036.55013681,1480.0,0.0,1480.0,BID
1484,1712462796.0844128,489041.36013681,1481.0,1.483348382210562e-09,1481.0,BID
1485,1712462796.0898652,489074.85979411,1481.0,1.0330906956466097e-08,1481.0,BID
1486,1712462796.095218,489264.15814239,1481.0,5.837742176225235e-08,1481.0,BID
1487,1712462801.29356,489491.76614797,1480.0,-7.019167710091106e-08,1481.0,ASK
1488,1712462807.7042022,489512.02273135,1481.0,6.2468960885311065e-09,1481.0,BID
1489,1712462808.814218,489739.2494286,1481.0,7.007408602100916e-08,1481.0,BID
1490,1712462820.3032372,489739.2494286,1481.0,0.0,1481.0,BID
1491,1712462850.315996,489739.2494286,1481.0,0.0,1481.0,BID
1492,1712462855.3444896,489946.43174904,1480.0,-6.387213740051156e-08,1481.0,ASK
1493,1712462880.3046043,489946.43174904,1480.0,-0.0,1481.0,ASK
1494,1712462910.339995,489946.43174904,1480.0,-0.0,1481.0,ASK
1495,1712462940.2481215,489946.43174904,1480.0,-0.0,1481.0,ASK
1496,1712462943.7242458,490272.49096432,1480.0,-1.0051113644200085e-07,1481.0,ASK
1497,1712462955.224262,490280.98874245,1480.0,-2.619528285205798e-09,1481.0,ASK
1498,1712462959.3142452,491116.54302205,1480.0,-2.575682767605679e-07,1481.0,ASK
1499,1712462959.324092,492422.89862802,1480.0,-4.026976708530451e-07,1481.0,ASK
1500,1712462960.3442645,492439.08062802,1480.0,4.988269411446981e-09,1481.0,BID
1501,1712462962.9635105,492730.74462802,1480.0,8.990845443225652e-08,1481.0,BID
1502,1712462963.1140432,492872.35662802,1480.0,4.36533684275852e-08,1481.0,BID
1503,1712462964.574206,493075.05933072,1480.0,6.248521143849619e-08,1481.0,BID
1504,1712462964.974418,493749.93033072,1480.0,2.080359885044165e-07,1481.0,BID
1505,1712462969.434096,494419.37233072,1480.0,2.0636244292077285e-07,1481.0,BID
1506,1712462970.2513316,494419.37233072,1480.0,0.0,1481.0,BID
1507,1712462971.424466,494692.60933072,1480.0,8.405660876714902e-08,1481.0,BID
1508,1712462975.2543194,495091.81733072,1480.0,1.2280939504065676e-07,1481.0,BID
1509,1712462977.481633,495766.68833072,1480.0,2.0761232049576255e-07,1481.0,BID
1510,1712462979.8244476,496324.03833072,1480.0,1.71459029693543e-07,1481.0,BID
1511,1712462981.9142463,496998.90933072,1480.0,2.076123204957805e-07,1481.0,BID
1512,1712462985.985028,497526.35733072,1480.0,1.6226019968385994e-07,1481.0,BID
1513,1712462986.8545482,497695.27624963,1480.0,5.1964966238803335e-08,1481.0,BID
1514,1712462991.7342143,498002.43324963,1480.0,9.449150656422881e-08,1481.0,BID
1515,1712462993.7143972,498596.96624963,1480.0,1.8289773266492288e-07,1481.0,BID
1516,1712463000.2694354,498596.96624963,1480.0,0.0,1481.0,BID
1517,1712463005.294285,500596.96551275,1480.0,6.14717333040233e-07,1481.0,BID
1518,1712463005.3039544,500596.96624963,1480.0,2.264865375550077e-13,1481.0,BID
1519,1712463012.444407,500636.96624963,1479.0,-1.2294351190535413e-08,1481.0,ASK
1520,1712463018.534088,501636.96624963,1480.0,3.0735877976338525e-07,1481.0,BID
1521,1712463030.2526762,501636.96624963,1480.0,0.0,1481.0,BID
