,time,acc_trade_volume,trade_price,dev,high,ask_bid
0,1712451675.0594225,789962.49190841,186.4,0.0,186.5,BID
1,1712451689.7843711,790262.49190841,186.4,9.436007362792849e-08,186.5,BID
2,1712451690.1761491,790262.49190841,186.4,0.0,186.5,BID
3,1712451719.7573023,792891.24727321,186.4,8.268172899185411e-07,186.5,BID
4,1712451720.1174765,792891.24727321,186.4,0.0,186.5,BID
5,1712451750.1174755,792891.24727321,186.4,0.0,186.5,BID
6,1712451778.4340818,792941.24727321,186.1,-1.5723978970865222e-08,186.5,ASK
7,1712451780.1745925,792941.24727321,186.1,-0.0,186.5,ASK
8,1712451810.1762,792941.24727321,186.1,-0.0,186.5,ASK
9,1712451840.1246746,792941.24727321,186.1,-0.0,186.5,ASK
10,1712451855.494243,793069.06030332,186.1,-4.0194470334670897e-08,186.5,ASK
11,1712451870.115823,793069.06030332,186.1,-0.0,186.5,ASK
12,1712451879.2245717,794143.75132965,186.1,-3.379648649509624e-07,186.5,ASK
13,1712451891.7542608,814209.23882565,186.3,6.310120402622393e-06,186.5,BID
14,1712451892.1779494,828648.24800465,186.3,4.540726280994845e-06,186.5,BID
15,1712451894.14425,828802.73208317,186.1,-4.858158247805152e-08,186.5,ASK
16,1712451895.0096462,835211.1699149,186.1,-2.015301861915794e-06,186.5,ASK
17,1712451900.1744733,835211.1699149,186.1,-0.0,186.5,ASK
18,1712451901.5342672,835211.16991586,186.3,3.0620375315678024e-16,186.5,BID
19,1712451930.1866968,835211.16991586,186.3,0.0,186.5,BID
20,1712451956.9942307,835747.93856857,186.4,1.7119517371873889e-07,186.5,BID
21,1712451960.1149452,835747.93856857,186.4,0.0,186.5,BID
22,1712451976.275628,859862.19165867,186.4,7.690672685039335e-06,186.5,BID
23,1712451990.1204362,859862.19165867,186.4,0.0,186.5,BID
24,1712452019.3159,861616.67695447,186.5,5.587507421013712e-07,186.5,BID
25,1712452019.514935,862347.78678584,186.5,2.328364688000171e-07,186.5,BID
26,1712452019.517737,865303.34746037,186.5,9.412570878607618e-07,186.5,BID
27,1712452020.177014,865303.34746037,186.5,0.0,186.5,BID
28,1712452037.8444157,865356.96676331,186.5,1.7070616794595865e-08,186.5,BID
29,1712452050.2682755,865356.96676331,186.5,0.0,186.5,BID
30,1712452061.3246496,865399.96676331,186.5,1.3689737557139452e-08,186.5,BID
31,1712452061.424393,866532.23762831,186.5,3.604765345452292e-07,186.5,BID
32,1712452067.544412,872218.74470785,186.4,-1.8103904543190427e-06,186.5,ASK
33,1712452080.104466,872218.74470785,186.4,-0.0,186.5,ASK
34,1712452087.918938,874600.90193843,186.4,-7.580891210401039e-07,186.5,ASK
35,1712452110.120137,874600.90193843,186.4,-0.0,186.5,ASK
36,1712452140.1745102,874600.90193843,186.4,-0.0,186.5,ASK
37,1712452165.8247018,874800.90193843,186.4,-6.36382857126307e-08,186.5,ASK
38,1712452170.1968915,874800.90193843,186.4,-0.0,186.5,ASK
39,1712452187.4644938,874800.90193912,186.5,2.1954744894014102e-16,186.5,BID
40,1712452200.1360817,874800.90193912,186.5,0.0,186.5,BID
41,1712452203.584289,883103.58705612,186.5,-2.6663997810208835e-06,186.5,ASK
42,1712452230.115254,883103.58705612,186.5,-0.0,186.5,ASK
43,1712452235.3341324,884442.68171029,186.6,4.298352813886476e-07,186.6,BID
44,1712452235.414232,884442.68171116,186.5,-2.7925175364612016e-16,186.6,ASK
45,1712452260.1760774,884442.68171116,186.5,-0.0,186.6,ASK
46,1712452262.272875,885229.09457979,186.5,2.524100036517243e-07,186.6,BID
47,1712452265.7341692,885307.21241493,186.4,-2.507299135032537e-08,186.6,ASK
48,1712452276.564415,887167.78788663,186.4,-5.971772339181543e-07,186.6,ASK
49,1712452290.1743402,887167.78788663,186.4,-0.0,186.6,ASK
50,1712452319.4141629,893151.84398692,186.4,-1.920351799936697e-06,186.6,ASK
51,1712452320.116194,893151.84398692,186.4,-0.0,186.6,ASK
52,1712452329.5943797,893257.51768754,186.6,3.389976029993147e-08,186.6,BID
53,1712452343.2142217,895935.84030275,186.6,8.5919669822047e-07,186.6,BID
54,1712452350.124585,895935.84030275,186.6,0.0,186.6,BID
55,1712452380.1841955,895935.84030275,186.6,0.0,186.6,BID
56,1712452381.544491,898616.84244637,186.6,8.599129756890252e-07,186.6,BID
57,1712452410.1663997,898616.84244637,186.6,0.0,186.6,BID
58,1712452418.9884002,899616.84244637,186.4,-3.20691655708352e-07,186.6,ASK
59,1712452440.162136,899616.84244637,186.4,-0.0,186.6,ASK
60,1712452470.13104,899616.84244637,186.4,-0.0,186.6,ASK
61,1712452500.127216,899616.84244637,186.4,-0.0,186.6,ASK
62,1712452517.53414,900139.03565785,186.4,-1.677845825449129e-07,186.6,ASK
63,1712452523.1337984,901080.55762714,186.4,-3.025180471543849e-07,186.6,ASK
64,1712452530.1168036,901080.55762714,186.4,-0.0,186.6,ASK
65,1712452560.1658602,901080.55762714,186.4,-0.0,186.6,ASK
66,1712452580.7838364,902152.36898834,186.6,3.4435081545255565e-07,186.6,BID
67,1712452584.9040208,902158.14414685,186.6,1.8554389459413006e-09,186.6,BID
68,1712452584.9050796,902191.36898834,186.6,1.0674454175935151e-08,186.6,BID
69,1712452590.1738942,902191.36898834,186.6,0.0,186.6,BID
70,1712452617.8941095,910342.67671249,186.5,-2.6186721401790587e-06,186.6,ASK
71,1712452617.8960648,954544.18073393,186.5,-1.4200083109612606e-05,186.6,ASK
72,1712452617.8982608,962287.14230035,186.4,-2.487487704137153e-06,186.6,ASK
73,1712452617.9001672,1035113.56057016,186.5,-2.33960634349705e-05,186.6,ASK
74,1712452617.902115,1078788.65462123,186.4,-1.403096973905044e-05,186.6,ASK
75,1712452619.5147097,1078788.76687974,186.6,3.606393507559784e-11,186.6,BID
76,1712452620.1140623,1078788.76687974,186.6,0.0,186.6,BID
77,1712452622.7839148,1079056.60746153,186.6,-8.514514743467445e-08,186.6,ASK
78,1712452637.9556153,1079855.97105163,186.6,2.5411358606712575e-07,186.6,BID
79,1712452650.118526,1079855.97105163,186.6,0.0,186.6,BID
80,1712452680.1782098,1079855.97105163,186.6,0.0,186.6,BID
81,1712452695.0854409,1079954.1925987,186.4,-3.1222149583086097e-08,186.6,ASK
82,1712452700.3690677,1080003.30337223,186.4,-1.5611074789914806e-08,186.6,ASK
83,1712452710.1740303,1080003.30337223,186.4,-0.0,186.6,ASK
84,1712452710.6485555,1081705.09920034,186.6,5.409531986822349e-07,186.6,BID
85,1712452710.654246,1081731.46774884,186.6,8.381822554817244e-09,186.6,BID
86,1712452740.1172872,1081731.46774884,186.6,0.0,186.6,BID
87,1712452746.1939197,1083010.3325991,186.6,4.064736280712958e-07,186.6,BID
88,1712452746.2539794,1083106.06119295,186.4,-3.0426318187167354e-08,186.6,ASK
89,1712452751.233893,1084058.22213569,186.6,3.026342563287194e-07,186.6,BID
90,1712452751.3573208,1085383.00350914,186.6,4.210677079427961e-07,186.6,BID
91,1712452751.9963129,1088889.48204862,186.6,1.1144970114761758e-06,186.6,BID
92,1712452752.0040555,1088898.54477387,186.6,2.8804910947361276e-09,186.6,BID
93,1712452762.4612508,1089709.60061852,186.6,2.577854975655832e-07,186.6,BID
94,1712452770.1164987,1089709.60061852,186.6,0.0,186.6,BID
95,1712452798.7875304,1090491.78381277,186.6,2.4849105395316573e-07,186.6,BID
96,1712452800.1381953,1090491.78381277,186.6,0.0,186.6,BID
97,1712452820.0770054,1090545.40311571,186.5,-1.7049752640971643e-08,186.6,ASK
98,1712452820.313949,1091263.73468228,186.5,2.284135535649574e-07,186.6,BID
99,1712452820.7540245,1092169.19641361,186.5,2.879168079131541e-07,186.6,BID
100,1712452821.4138422,1092228.19641361,186.5,1.8760695321632482e-08,186.6,BID
101,1712452822.3641024,1093027.40109963,186.5,2.5412941718716656e-07,186.6,BID
102,1712452822.5280187,1093741.39097436,186.5,2.2703299156851373e-07,186.6,BID
103,1712452826.5140257,1095853.71410768,186.5,6.716720461872838e-07,186.6,BID
104,1712452829.711794,1096153.71410768,186.6,9.539336604219905e-08,186.6,BID
105,1712452829.7138183,1098986.14022623,186.6,9.006488717144566e-07,186.6,BID
106,1712452830.1192205,1098986.14022623,186.6,0.0,186.6,BID
107,1712452844.768693,1101306.14022623,186.9,7.373371978849456e-07,186.9,BID
108,1712452844.770492,1132329.26487251,186.9,9.859699912208387e-06,186.9,BID
109,1712452844.7719762,1136966.28596306,186.8,1.4737276454481105e-06,186.9,BID
110,1712452844.773435,1147140.23332414,186.9,3.233461137348124e-06,186.9,BID
111,1712452859.66412,1147674.99268242,187.0,1.6995602016242805e-07,187.0,BID
112,1712452859.6657662,1153440.97398478,187.0,1.832531248508261e-06,187.0,BID
113,1712452859.6673806,1153492.02329189,187.0,1.6224376318306393e-08,187.0,BID
114,1712452859.8041096,1157140.23332389,187.0,-1.1594659320218138e-06,187.0,ASK
115,1712452859.8063486,1157140.23332414,187.0,-7.947354386083231e-17,187.0,ASK
116,1712452859.8240354,1157926.07546009,186.8,-2.497545855608997e-07,187.0,ASK
117,1712452860.176502,1157926.07546009,186.8,-0.0,187.0,ASK
118,1712452882.1041036,1163279.00750909,186.9,-1.6953212263606334e-06,187.0,ASK
119,1712452882.123813,1163279.00750931,186.9,-6.968386272060998e-17,187.0,ASK
120,1712452890.174162,1163279.00750931,186.9,-0.0,187.0,ASK
121,1712452920.1171317,1163279.00750931,186.9,-0.0,187.0,ASK
122,1712452950.1207285,1163279.00750931,186.9,-0.0,187.0,ASK
123,1712452965.857241,1183895.74031715,186.8,-6.527434535982685e-06,187.0,ASK
124,1712452965.8588195,1189430.9705607,186.8,-1.7525013974388792e-06,187.0,ASK
125,1712452966.083892,1189583.9705607,186.8,4.844111301794497e-08,187.0,BID
126,1712452966.2339516,1189736.9705607,186.8,4.844111301794497e-08,187.0,BID
127,1712452970.1045165,1190836.72283017,186.7,3.481910063865633e-07,187.0,BID
128,1712452970.106194,1191788.45485245,186.7,3.013265258435077e-07,187.0,BID
129,1712452970.888574,1191876.45485245,186.7,2.786155519986377e-08,187.0,BID
130,1712452971.7038968,1192249.45485245,186.7,1.180950010176044e-07,187.0,BID
131,1712452972.4138114,1192669.45485245,186.7,1.329756043629862e-07,187.0,BID
132,1712452980.170614,1192669.45485245,186.7,0.0,187.0,BID
133,1712452988.713981,1192699.45485245,186.7,9.481776882364725e-09,187.0,BID
134,1712452991.268011,1197699.58329781,186.6,-1.5803367434023255e-06,187.0,ASK
135,1712453010.3054984,1197699.58329781,186.6,-0.0,187.0,ASK
136,1712453026.6639583,1197939.86274473,186.6,-7.59200143233363e-08,187.0,ASK
137,1712453040.106274,1197939.86274473,186.6,-0.0,187.0,ASK
138,1712453056.4286978,1200658.73169525,186.6,-8.590566031250404e-07,187.0,ASK
139,1712453062.564248,1202433.98474276,186.6,-5.609107612155112e-07,187.0,ASK
140,1712453070.1072562,1202433.98474276,186.6,-0.0,187.0,ASK
141,1712453100.1838124,1202433.98474276,186.6,-0.0,187.0,ASK
142,1712453130.1740751,1202433.98474276,186.6,-0.0,187.0,ASK
143,1712453130.2842307,1215009.9065474,186.6,-3.9785616800231895e-06,187.0,ASK
144,1712453130.286412,1222865.11131371,186.6,-2.4850994748111337e-06,187.0,ASK
145,1712453130.7656815,1229229.26877271,186.6,2.013386643567519e-06,187.0,BID
146,1712453138.5336702,1229963.53607271,186.7,2.322953170395861e-07,187.0,BID
147,1712453139.757331,1230748.53457271,186.7,2.483448131669615e-07,187.0,BID
148,1712453153.5141454,1231356.53457271,186.6,-1.923489616929397e-07,187.0,ASK
149,1712453160.1972656,1231356.53457271,186.6,-0.0,187.0,ASK
150,1712453190.1141095,1231356.53457271,186.6,-0.0,187.0,ASK
151,1712453208.850475,1237420.79756708,186.7,1.915240835658776e-06,187.0,BID
152,1712453215.833795,1253641.37977003,186.7,5.122851934702e-06,187.0,BID
153,1712453215.8357146,1256489.55627088,186.7,8.995229835275593e-07,187.0,BID
154,1712453220.1763196,1256489.55627088,186.7,0.0,187.0,BID
155,1712453228.8438828,1260812.58539388,186.7,1.3632967494121837e-06,187.0,BID
156,1712453236.133834,1262080.90030525,186.7,3.999717667184428e-07,187.0,BID
157,1712453236.3339868,1262148.90030525,186.7,2.1444264269886185e-08,187.0,BID
158,1712453238.0737555,1262950.71150463,186.7,2.5285663608913145e-07,187.0,BID
159,1712453238.843674,1264012.13695018,186.7,3.347277611346102e-07,187.0,BID
160,1712453250.17892,1264012.13695018,186.7,0.0,187.0,BID
161,1712453280.184021,1264012.13695018,186.7,0.0,187.0,BID
162,1712453310.1746354,1264012.13695018,186.7,0.0,187.0,BID
163,1712453327.8639777,1271270.34214818,186.8,2.287911230653322e-06,187.0,BID
164,1712453329.3746712,1272147.46817559,186.8,2.764852238350884e-07,187.0,BID
165,1712453331.2466836,1284238.71700936,186.8,3.8113697869866e-06,187.0,BID
166,1712453335.078731,1284838.71700936,186.7,-1.8913032918527337e-07,187.0,ASK
167,1712453340.1434047,1284838.71700936,186.7,-0.0,187.0,ASK
168,1712453343.555699,1285374.33564888,186.7,-1.6862942511787726e-07,187.0,ASK
169,1712453343.5617723,1303475.09606299,186.7,-5.6986829763100745e-06,187.0,ASK
170,1712453343.7737672,1304224.04866299,186.7,2.3579359839254442e-07,187.0,BID
171,1712453345.0036411,1305014.38726299,186.7,2.48823199815922e-07,187.0,BID
172,1712453348.4968784,1306991.66477362,186.7,6.225085262431452e-07,187.0,BID
173,1712453348.9136136,1307952.1003212,186.7,3.023750151717827e-07,187.0,BID
174,1712453348.9936843,1308869.27951436,186.7,2.8875656794023864e-07,187.0,BID
175,1712453350.883788,1311605.31229836,186.7,8.613883114354282e-07,187.0,BID
176,1712453357.623794,1311605.31229843,186.7,2.1990700860048004e-17,187.0,BID
177,1712453365.6341588,1312194.49280184,186.7,-1.8549236761011525e-07,187.0,ASK
178,1712453365.6361566,1314284.97467784,186.6,-6.581487852720245e-07,187.0,ASK
179,1712453370.11967,1314284.97467784,186.6,-0.0,187.0,ASK
180,1712453393.1960375,1320116.04464476,186.8,1.8326305514169088e-06,187.0,BID
181,1712453400.377206,1320116.04464476,186.8,0.0,187.0,BID
182,1712453425.8937051,1320824.98990773,186.8,2.230444351327507e-07,187.0,BID
183,1712453425.896201,1321292.4692804,186.8,1.4707577306691654e-07,187.0,BID
184,1712453430.11574,1321292.4692804,186.8,0.0,187.0,BID
185,1712453443.063818,1329601.52853596,186.7,-2.613969512495801e-06,187.0,ASK
186,1712453460.1754625,1329601.52853596,186.7,-0.0,187.0,ASK
187,1712453479.43126,1348251.00193396,186.7,-5.8641266159026246e-06,187.0,ASK
188,1712453479.443939,1362912.00091096,186.7,-4.609993670167985e-06,187.0,ASK
189,1712453479.4458883,1364161.44186427,186.7,-3.928732888559917e-07,187.0,ASK
190,1712453482.2937207,1377540.13040627,186.6,-4.206784925810685e-06,187.0,ASK
191,1712453482.2959902,1379008.81676627,186.6,-4.61812652308584e-07,187.0,ASK
192,1712453482.3779304,1379008.81676712,186.6,-2.672937089819213e-16,187.0,ASK
193,1712453490.178615,1379008.81676712,186.6,-0.0,187.0,ASK
194,1712453494.5254862,1387620.35422252,186.5,-2.6999754610540244e-06,187.0,ASK
195,1712453494.5298276,1388156.25990312,186.6,-1.6802251567196917e-07,187.0,ASK
196,1712453494.6308734,1388156.25990421,186.5,-3.417101680943778e-16,187.0,ASK
197,1712453520.120264,1388156.25990421,186.5,-0.0,187.0,ASK
198,1712453522.493567,1388263.4985101,186.5,-3.36045466131263e-08,187.0,ASK
199,1712453550.1209102,1388263.4985101,186.5,-0.0,187.0,ASK
200,1712453579.273784,1436450.71857299,186.5,1.5099968157645847e-05,187.0,BID
201,1712453580.167784,1436450.71857299,186.5,0.0,187.0,BID
202,1712453610.2141776,1436450.71857299,186.5,0.0,187.0,BID
203,1712453640.1219342,1436450.71857299,186.5,0.0,187.0,BID
204,1712453663.2038982,1436952.49985393,186.5,1.567968371272817e-07,187.0,BID
205,1712453670.1258757,1436952.49985393,186.5,0.0,187.0,BID
206,1712453700.1957755,1436952.49985393,186.5,0.0,187.0,BID
207,1712453730.183703,1436952.49985393,186.5,0.0,187.0,BID
208,1712453733.4189932,1437488.98054062,186.4,-1.6803175045263786e-07,187.0,ASK
209,1712453733.4205875,1437528.98054062,186.4,-1.2528447313872896e-08,187.0,ASK
210,1712453760.1188662,1437528.98054062,186.4,-0.0,187.0,ASK
211,1712453762.3141468,1462808.01326562,186.4,7.91740926936228e-06,187.0,BID
212,1712453762.323428,1490132.88594704,186.4,8.558167656393936e-06,187.0,BID
213,1712453772.47387,1490186.56281231,186.3,-1.6811628643444508e-08,187.0,ASK
214,1712453772.4760358,1491371.1020283,186.3,-3.709984424889896e-07,187.0,ASK
215,1712453779.263955,1491713.30807425,186.3,-1.0717915316259416e-07,187.0,ASK
216,1712453790.1178074,1491713.30807425,186.3,-0.0,187.0,ASK
217,1712453800.9635808,1492662.72883021,186.3,-2.964215303823213e-07,187.0,ASK
218,1712453820.172086,1492662.72883021,186.3,-0.0,187.0,ASK
219,1712453829.9184,1492979.38835911,186.7,9.885977143667104e-08,187.0,BID
220,1712453829.919664,1495339.38835911,186.7,7.367820617963972e-07,187.0,BID
221,1712453850.1702352,1495339.38835911,186.7,0.0,187.0,BID
222,1712453858.1822276,1495389.38835911,186.7,1.5607354473883477e-08,187.0,BID
223,1712453880.1226163,1495389.38835911,186.7,0.0,187.0,BID
224,1712453910.117166,1495389.38835911,186.7,0.0,187.0,BID
225,1712453910.7768345,1495434.38835911,186.7,1.4046578096268414e-08,187.0,BID
226,1712453940.1821873,1495434.38835911,186.7,0.0,187.0,BID
227,1712453959.7922647,1495541.51208701,186.7,3.343817475096992e-08,187.0,BID
228,1712453970.183647,1495541.51208701,186.7,0.0,187.0,BID
229,1712454000.156855,1495541.51208701,186.7,0.0,187.0,BID
230,1712454004.4740348,1495558.34746974,186.7,5.276719507633841e-09,187.0,BID
231,1712454004.47781,1495595.07395096,186.7,1.1511193003940232e-08,187.0,BID
232,1712454030.1257849,1495595.07395096,186.7,0.0,187.0,BID
233,1712454046.4736278,1496914.49698648,186.5,-4.135458967787679e-07,187.0,ASK
234,1712454060.1762614,1496914.49698648,186.5,-0.0,187.0,ASK
235,1712454071.463732,1498273.1671486,186.5,-4.258142564495701e-07,187.0,ASK
236,1712454071.466555,1505333.66600056,186.5,-2.212796860217264e-06,187.0,ASK
237,1712454090.1779394,1505333.66600056,186.5,-0.0,187.0,ASK
238,1712454103.3270383,1505771.66600056,186.6,-1.372039473330978e-07,187.0,ASK
239,1712454120.1238687,1505771.66600056,186.6,-0.0,187.0,ASK
240,1712454121.0134082,1566010.84437493,186.6,1.8869501046745684e-05,187.0,BID
241,1712454135.1037688,1571008.61273954,186.5,-1.5655159637357094e-06,187.0,ASK
242,1712454139.184037,1591112.500139,186.5,-6.297402032448185e-06,187.0,ASK
243,1712454139.1868813,1599800.60965354,186.5,-2.721489502396772e-06,187.0,ASK
244,1712454139.2042797,1601224.65441408,186.5,-4.46072055176925e-07,187.0,ASK
245,1712454139.8069968,1601760.2730536,186.4,-1.6777879034581053e-07,187.0,ASK
246,1712454139.8140662,1628584.30738836,186.4,-8.402441029525202e-06,187.0,ASK
247,1712454139.8837545,1729504.55698578,186.3,-3.161256190417396e-05,187.0,ASK
248,1712454150.1322727,1729504.55698578,186.3,-0.0,187.0,ASK
249,1712454180.179967,1729504.55698578,186.3,-0.0,187.0,ASK
250,1712454210.17371,1729504.55698578,186.3,-0.0,187.0,ASK
251,1712454221.7673311,1733261.93755378,186.3,-1.1617941608308606e-06,187.0,ASK
252,1712454226.7235663,1733261.93755475,186.3,-2.9991860592741166e-16,187.0,ASK
253,1712454235.1668124,1733369.29128375,186.3,3.319411841268495e-08,187.0,BID
254,1712454240.1178803,1733369.29128375,186.3,0.0,187.0,BID
255,1712454270.1166592,1733369.29128375,186.3,0.0,187.0,BID
256,1712454273.4255483,1733369.29128433,186.3,1.7929211734918347e-16,187.0,BID
257,1712454273.4270716,1739194.45676251,186.3,1.8007590117190387e-06,187.0,BID
258,1712454275.6738143,1739258.86900083,186.2,-1.9912038388334512e-08,187.0,ASK
259,1712454300.1377082,1739258.86900083,186.2,-0.0,187.0,ASK
260,1712454330.1167006,1739258.86900083,186.2,-0.0,187.0,ASK
261,1712454358.3437877,1739781.26123503,186.2,-1.6184074773352162e-07,187.0,ASK
262,1712454360.1873512,1739781.26123503,186.2,-0.0,187.0,ASK
263,1712454387.213617,1739784.08887851,186.2,-8.75997220299194e-10,187.0,ASK
264,1712454387.2170117,1740741.87687841,186.2,-2.967204428131466e-07,187.0,ASK
265,1712454390.1678336,1740741.87687841,186.2,-0.0,187.0,ASK
266,1712454420.1135838,1740741.87687841,186.2,-0.0,187.0,ASK
267,1712454425.2134955,1741815.99073448,186.3,-3.327394782844885e-07,187.0,ASK
268,1712454427.5812593,1746612.15380402,186.3,-1.4857575744950462e-06,187.0,ASK
269,1712454450.1404886,1746612.15380402,186.3,-0.0,187.0,ASK
270,1712454480.1936238,1746612.15380402,186.3,-0.0,187.0,ASK
271,1712454504.6434257,1746814.20972802,186.3,-6.257177748492112e-08,187.0,ASK
272,1712454510.1834009,1746814.20972802,186.3,-0.0,187.0,ASK
273,1712454517.4135237,1746975.15393402,186.4,4.983990300074665e-08,187.0,BID
274,1712454533.8434825,1753668.42746892,186.4,2.0727189379946984e-06,187.0,BID
275,1712454540.1247437,1753668.42746892,186.4,0.0,187.0,BID
276,1712454544.843532,1753787.42746892,186.4,3.683638561805306e-08,187.0,BID
277,1712454570.113541,1753787.42746892,186.4,0.0,187.0,BID
278,1712454582.9135234,1753948.37167492,186.4,4.981984981437314e-08,187.0,BID
279,1712454589.5935588,1754048.37167492,186.4,3.095473335296741e-08,187.0,BID
280,1712454590.9636652,1776777.85167492,186.3,-7.035849926516051e-06,187.0,ASK
281,1712454595.5836306,1782844.56513081,186.4,1.877934973559366e-06,187.0,BID
282,1712454595.5868363,1785349.70681292,186.4,7.754599278112017e-07,187.0,BID
283,1712454595.6839075,1785349.70681298,186.4,1.852253096111264e-17,187.0,BID
284,1712454598.5738857,1785631.45355808,186.6,8.72139536763735e-08,187.0,BID
285,1712454598.5772548,1786959.14887306,186.6,4.109845444919345e-07,187.0,BID
286,1712454600.141237,1786959.14887306,186.6,0.0,187.0,BID
287,1712454630.1284473,1786959.14887306,186.6,0.0,187.0,BID
288,1712454660.1717432,1786959.14887306,186.6,0.0,187.0,BID
289,1712454690.171965,1786959.14887306,186.6,0.0,187.0,BID
290,1712454694.3235548,1787119.57668055,186.6,4.9647925206828473e-08,187.0,BID
291,1712454698.7438111,1787227.10171255,186.6,-3.3275993919833425e-08,187.0,ASK
292,1712454701.935247,1788040.25579003,186.7,2.516484732417408e-07,187.0,BID
293,1712454701.9368334,1792227.10171255,186.7,1.295711862339784e-06,187.0,BID
294,1712454706.0636158,1793833.95763113,186.7,4.972770226810116e-07,187.0,BID
295,1712454717.1276343,1798807.42297297,186.7,1.5391486000705063e-06,187.0,BID
296,1712454717.1608956,1800417.59136297,186.7,-4.983021400586346e-07,187.0,ASK
297,1712454717.162543,1800417.59136327,186.7,-9.287835436708226e-17,187.0,ASK
298,1712454720.1226652,1800417.59136327,186.7,-0.0,187.0,ASK
299,1712454728.4937465,1800417.59136408,186.6,-2.504831103072348e-16,187.0,ASK
300,1712454728.4973638,1800953.49704427,186.6,-1.6571897564318988e-07,187.0,ASK
301,1712454729.6836646,1800953.49704494,186.6,-2.0721195500552507e-16,187.0,ASK
302,1712454729.685527,1803097.65540494,186.6,-6.630415391568718e-07,187.0,ASK
303,1712454750.1138155,1803097.65540494,186.6,-0.0,187.0,ASK
304,1712454780.1769123,1803097.65540494,186.6,-0.0,187.0,ASK
305,1712454810.1735168,1803097.65540494,186.6,-0.0,187.0,ASK
306,1712454818.80355,1803097.65540518,186.6,-7.421907320621813e-17,187.0,ASK
307,1712454818.8075,1805277.33726818,186.6,-6.739223092699144e-07,187.0,ASK
308,1712454840.1244712,1805277.33726818,186.6,-0.0,187.0,ASK
309,1712454845.0237155,1806348.57454723,186.7,3.311675611650448e-07,187.0,BID
310,1712454853.4239523,1806509.26013908,186.7,4.9675134172424624e-08,187.0,BID
311,1712454859.1936898,1806616.38386698,186.7,3.311675611494974e-08,187.0,BID
312,1712454870.1138248,1806616.38386698,186.7,0.0,187.0,BID
313,1712454889.9934964,1810746.33446386,186.7,1.2766545722422215e-06,187.0,BID
314,1712454889.996422,1811972.57026226,186.7,3.790552700212181e-07,187.0,BID
315,1712454900.1375785,1811972.57026226,186.7,0.0,187.0,BID
316,1712454917.7837136,1817328.75665754,186.7,1.6596223276436986e-06,187.0,BID
317,1712454924.2570071,1822684.94305282,186.7,1.6596223276436264e-06,187.0,BID
318,1712454930.1235857,1822684.94305282,186.7,0.0,187.0,BID
319,1712454934.843414,1824960.14717545,186.7,7.04538779421751e-07,187.0,BID
320,1712454960.1764712,1824960.14717545,186.7,0.0,187.0,BID
321,1712454973.0836706,1825621.60005907,186.7,2.047982911720553e-07,187.0,BID
322,1712454990.17664,1825621.60005907,186.7,0.0,187.0,BID
323,1712455020.1178837,1825621.60005907,186.7,0.0,187.0,BID
324,1712455050.1286826,1825621.60005907,186.7,0.0,187.0,BID
325,1712455080.1737406,1825621.60005907,186.7,0.0,187.0,BID
326,1712455102.5138977,1830975.11371734,186.7,1.6574854480521192e-06,187.0,BID
327,1712455110.1687558,1830975.11371734,186.7,0.0,187.0,BID
328,1712455140.1386387,1830975.11371734,186.7,0.0,187.0,BID
329,1712455170.1207273,1830975.11371734,186.7,0.0,187.0,BID
330,1712455200.2835784,1830975.11371734,186.7,0.0,187.0,BID
331,1712455206.1550615,1833255.11371734,186.3,-7.153584809421773e-07,187.0,ASK
332,1712455206.2260537,1837810.86519345,186.3,-1.4293839717105713e-06,187.0,ASK
333,1712455206.2276618,1841029.74931361,186.4,-1.0099368660204234e-06,187.0,ASK
334,1712455206.229219,1863787.48364676,186.3,-7.140323799231528e-06,187.0,ASK
335,1712455206.230744,1881698.0946752,186.3,-5.619520832478549e-06,187.0,ASK
336,1712455230.179737,1881698.0946752,186.3,-0.0,187.0,ASK
337,1712455247.923864,1882475.2029484,186.4,-2.430998259895488e-07,187.0,ASK
338,1712455260.1207478,1882475.2029484,186.4,-0.0,187.0,ASK
339,1712455277.0855172,1888579.21260576,186.4,-1.909407606818593e-06,187.0,ASK
340,1712455290.127376,1888579.21260576,186.4,-0.0,187.0,ASK
341,1712455291.677086,1929255.57321597,186.4,-1.271952758144884e-05,187.0,ASK
342,1712455291.6803856,1929792.05390266,186.4,-1.6775790136826382e-07,187.0,ASK
343,1712455317.0737698,1930325.67183222,186.3,-1.668627151291672e-07,187.0,ASK
344,1712455320.1736195,1930325.67183222,186.3,-0.0,187.0,ASK
345,1712455331.53385,1938639.09130308,186.3,-2.593302100826388e-06,187.0,ASK
346,1712455331.5375595,1944186.61546422,186.3,-1.730504049735015e-06,187.0,ASK
347,1712455331.544341,1952367.62377757,186.3,-2.551997540873919e-06,187.0,ASK
348,1712455331.553763,1952683.78882977,186.3,-9.862505999510589e-08,187.0,ASK
349,1712455345.0038972,1954683.78882977,186.3,-6.238833755270788e-07,187.0,ASK
350,1712455350.7252872,1954683.78882977,186.3,-0.0,187.0,ASK
351,1712455376.7337513,1954844.81942558,186.3,-5.016114944352419e-08,187.0,ASK
352,1712455376.737628,1959298.94770177,186.3,-1.3874642454034075e-06,187.0,ASK
353,1712455380.128254,1959298.94770177,186.3,-0.0,187.0,ASK
354,1712455402.4945033,1962012.64986356,186.4,8.450938850793883e-07,187.0,BID
355,1712455410.1334677,1962012.64986356,186.4,0.0,187.0,BID
356,1712455419.6040816,2015660.71853308,186.4,1.6704307018398143e-05,187.0,BID
357,1712455426.59372,2015928.95887642,186.4,8.35215350896161e-08,187.0,BID
358,1712455428.6836843,2016421.26100861,186.4,1.532872695300867e-07,187.0,BID
359,1712455440.1764684,2016421.26100861,186.4,0.0,187.0,BID
360,1712455470.1757064,2016421.26100861,186.4,0.0,187.0,BID
361,1712455500.1172328,2016421.26100861,186.4,0.0,187.0,BID
362,1712455508.3894134,2016956.30648747,186.4,1.66223550491386e-07,187.0,BID
363,1712455530.1111252,2016956.30648747,186.4,0.0,187.0,BID
364,1712455542.7638056,2017488.20559635,186.3,-1.652409421794224e-07,187.0,ASK
365,1712455542.765885,2017488.20559686,186.3,-1.584787058950068e-16,187.0,ASK
366,1712455560.173914,2017488.20559686,186.3,-0.0,187.0,ASK
367,1712455590.1750348,2017488.20559686,186.3,-0.0,187.0,ASK
368,1712455592.1353686,2017563.97432871,186.3,-2.353775559682557e-08,187.0,ASK
369,1712455592.143625,2017603.23732396,186.3,-1.2197152619964073e-08,187.0,ASK
370,1712455601.9941547,2018205.78214601,186.3,-1.8718213188033602e-07,187.0,ASK
371,1712455601.9981008,2018474.16647196,186.3,-8.337429591321932e-08,187.0,ASK
372,1712455602.0134902,2018474.16647236,186.3,-1.2426199700170852e-16,187.0,ASK
373,1712455620.1149318,2018474.16647236,186.3,-0.0,187.0,ASK
374,1712455650.1198971,2018474.16647236,186.3,-0.0,187.0,ASK
375,1712455657.9342053,2020674.20939081,186.4,6.834101154215236e-07,187.0,BID
376,1712455680.1871202,2020674.20939081,186.4,0.0,187.0,BID
377,1712455689.433665,2020774.20939081,186.4,3.1059533556106e-08,187.0,BID
378,1712455694.9335997,2020843.95188008,186.4,2.1661691857658962e-08,187.0,BID
379,1712455705.5541615,2022098.04033947,186.4,3.895140258674845e-07,187.0,BID
380,1712455705.5574846,2026858.96260969,186.4,1.478720250099106e-06,187.0,BID
381,1712455708.7637925,2027394.96260969,186.4,1.664790998607282e-07,187.0,BID
382,1712455710.1836946,2027394.96260969,186.4,0.0,187.0,BID
383,1712455740.1072276,2027394.96260969,186.4,0.0,187.0,BID
384,1712455744.764514,2027448.63947496,186.3,-1.666529954888937e-08,187.0,ASK
385,1712455744.7712393,2034540.63642028,186.2,-2.201884422623664e-06,187.0,ASK
386,1712455744.7774389,2044540.64642028,186.3,-3.104748410757752e-06,187.0,ASK
387,1712455754.493715,2044598.64642028,186.4,1.800752277487217e-08,187.0,BID
388,1712455756.484042,2061744.33023088,186.2,-5.323298132933413e-06,187.0,ASK
389,1712455763.4539902,2062744.33023088,186.3,3.104745306012443e-07,187.0,BID
390,1712455770.1083388,2062744.33023088,186.3,0.0,187.0,BID
391,1712455799.103809,2062802.33023088,186.4,1.7970792158245407e-08,187.0,BID
392,1712455800.1336064,2062802.33023088,186.4,0.0,187.0,BID
393,1712455811.1938329,2063338.33023088,186.4,1.6724622702821116e-07,187.0,BID
394,1712455818.576836,2077867.19718366,186.4,4.5333921284464684e-06,187.0,BID
395,1712455829.9337974,2086826.53978889,186.4,2.795552700331735e-06,187.0,BID
396,1712455830.1239734,2086826.53978889,186.4,0.0,187.0,BID
397,1712455860.1962583,2086826.53978889,186.4,0.0,187.0,BID
398,1712455890.1688857,2086826.53978889,186.4,0.0,187.0,BID
399,1712455899.2438426,2087271.41391828,186.4,-1.386188459183187e-07,187.0,ASK
400,1712455899.2478304,2091387.32560489,186.4,-1.2824816958490377e-06,187.0,ASK
401,1712455916.3839374,2091387.32560495,186.4,-1.8717376332462733e-17,187.0,ASK
402,1712455920.1174054,2091387.32560495,186.4,-0.0,187.0,ASK
403,1712455935.2542348,2092189.94910195,186.4,2.5002415658664184e-07,187.0,BID
404,1712455942.2437627,2092189.94910217,186.4,6.853967622529815e-17,187.0,BID
405,1712455950.145946,2092189.94910217,186.4,0.0,187.0,BID
406,1712455971.843882,2094334.79942357,186.4,-6.681082767278556e-07,187.0,ASK
407,1712455980.1776378,2094334.79942357,186.4,-0.0,187.0,ASK
408,1712455981.5901606,2095291.99987775,186.4,2.9812519195309895e-07,187.0,BID
409,1712455995.1437137,2098152.84078203,186.4,8.910241736841922e-07,187.0,BID
410,1712456010.1737494,2098152.84078203,186.4,0.0,187.0,BID
411,1712456040.1204977,2098152.84078203,186.4,0.0,187.0,BID
412,1712456061.0942354,2099152.84078203,186.4,-3.113863179111678e-07,187.0,ASK
413,1712456062.893896,2099939.68744403,186.6,-2.450132848408177e-07,187.0,ASK
414,1712456062.9136922,2099939.68744444,186.6,-1.277454877643561e-16,187.0,ASK
415,1712456070.110326,2099939.68744444,186.6,-0.0,187.0,ASK
416,1712456095.3437405,2100039.68744444,186.6,-3.1135401123092885e-08,187.0,ASK
417,1712456100.14459,2100039.68744444,186.6,-0.0,187.0,ASK
418,1712456106.206354,2100620.08744444,186.6,1.816777788362541e-07,187.0,BID
419,1712456130.1850405,2100620.08744444,186.6,0.0,187.0,BID
420,1712456160.1182756,2100620.08744444,186.6,0.0,187.0,BID
421,1712456176.8839622,2101200.48744444,186.4,-1.8167161997330685e-07,187.0,ASK
422,1712456190.128747,2101200.48744444,186.4,-0.0,187.0,ASK
423,1712456192.7839158,2101223.27341311,186.3,-7.132018720232964e-09,187.0,ASK
424,1712456192.7881534,2102200.48744444,186.4,-3.058684432515329e-07,187.0,ASK
425,1712456196.7848463,2102710.17144036,186.4,1.595313261826487e-07,187.0,BID
426,1712456220.1735926,2102710.17144036,186.4,0.0,187.0,BID
427,1712456250.1737356,2102710.17144036,186.4,0.0,187.0,BID
428,1712456250.8238776,2102780.49744444,186.5,-2.201013313048644e-08,187.0,ASK
429,1712456280.1145086,2102780.49744444,186.5,-0.0,187.0,ASK
430,1712456291.8438432,2104145.87155694,186.4,-4.273233354043386e-07,187.0,ASK
431,1712456310.1139395,2104145.87155694,186.4,-0.0,187.0,ASK
432,1712456316.853834,2106524.36049145,186.4,-7.443402242428096e-07,187.0,ASK
433,1712456340.1712692,2106524.36049145,186.4,-0.0,187.0,ASK
434,1712456370.1721344,2106524.36049145,186.4,-0.0,187.0,ASK
435,1712456388.6038723,2107060.84117814,186.4,1.6786656111319505e-07,187.0,BID
436,1712456400.15335,2107060.84117814,186.4,0.0,187.0,BID
437,1712456421.8838103,2107223.0033403,186.3,-5.13278974141472e-08,187.0,ASK
438,1712456430.124546,2107223.0033403,186.3,-0.0,187.0,ASK
439,1712456439.7639108,2110887.67534508,186.4,1.1599383453288398e-06,187.0,BID
440,1712456460.176645,2110887.67534508,186.4,0.0,187.0,BID
441,1712456471.8175132,2110994.76772163,186.4,3.3889445401739924e-08,187.0,BID
442,1712456490.175481,2110994.76772163,186.4,0.0,187.0,BID
443,1712456493.1539855,2116126.75864574,186.4,1.6240112805494388e-06,187.0,BID
444,1712456493.1587038,2121772.79784763,186.4,1.7866811321153256e-06,187.0,BID
445,1712456494.873822,2121772.7978484,186.4,2.437298950856693e-16,187.0,BID
446,1712456501.3239946,2122272.7978484,186.4,-1.5822429390121844e-07,187.0,ASK
447,1712456520.1153705,2122272.7978484,186.4,-0.0,187.0,ASK
448,1712456532.4438813,2124334.92879932,186.4,-6.52124603949639e-07,187.0,ASK
449,1712456532.543925,2132272.7978484,186.4,2.510257511787276e-06,187.0,BID
450,1712456539.9341302,2141104.44852028,186.4,-2.792905413718846e-06,187.0,ASK
451,1712456540.033935,2142955.16001636,186.4,5.85265693659296e-07,187.0,BID
452,1712456550.12375,2142955.16001636,186.4,0.0,187.0,BID
453,1712456580.1703048,2142955.16001636,186.4,0.0,187.0,BID
454,1712456610.1752255,2142955.16001636,186.4,0.0,187.0,BID
455,1712456640.1169813,2142955.16001636,186.4,0.0,187.0,BID
456,1712456670.1139622,2142955.16001636,186.4,0.0,187.0,BID
457,1712456697.4743533,2144939.53274363,186.6,6.267703495790722e-07,187.0,BID
458,1712456700.1436398,2144939.53274363,186.6,0.0,187.0,BID
459,1712456702.5176558,2152097.59704744,186.6,-2.262872997812604e-06,187.0,ASK
460,1712456709.3440416,2152151.1876155,186.6,1.6941542329536544e-08,187.0,BID
461,1712456720.124338,2152187.71729586,186.6,1.1548097893116089e-08,187.0,BID
462,1712456724.2042072,2152224.31381919,186.6,1.1569228906393545e-08,187.0,BID
463,1712456729.0045626,2153295.58954252,186.6,3.386615158298976e-07,187.0,BID
464,1712456730.115888,2153295.58954252,186.6,0.0,187.0,BID
465,1712456735.8958354,2153327.74388335,186.6,1.0159917355792689e-08,187.0,BID
466,1712456746.5350597,2171763.56707839,186.6,5.825230286624439e-06,187.0,BID
467,1712456760.185752,2171763.56707839,186.6,0.0,187.0,BID
468,1712456775.454116,2171844.67810295,186.7,2.5601052055846284e-08,187.0,BID
469,1712456790.183749,2171844.67810295,186.7,0.0,187.0,BID
470,1712456790.3550165,2172390.56983822,186.6,-1.722988460468174e-07,187.0,ASK
471,1712456820.1253002,2172390.56983822,186.6,-0.0,187.0,ASK
472,1712456850.1157987,2172390.56983822,186.6,-0.0,187.0,ASK
473,1712456880.1999698,2172390.56983822,186.6,-0.0,187.0,ASK
474,1712456895.2243016,2175071.53498567,186.5,-8.461610983019062e-07,187.0,ASK
475,1712456895.234684,2176171.53498567,186.5,-3.471798986336584e-07,187.0,ASK
476,1712456910.194181,2176171.53498567,186.5,-0.0,187.0,ASK
477,1712456940.1211426,2176171.53498567,186.5,-0.0,187.0,ASK
478,1712456954.1802535,2177780.11407414,186.5,5.075836921210715e-07,187.0,BID
479,1712456970.120343,2177780.11407414,186.5,0.0,187.0,BID
480,1712457000.1657004,2177780.11407414,186.5,0.0,187.0,BID
481,1712457007.7140844,2191136.74463714,186.5,4.226975727157805e-06,187.0,BID
482,1712457018.7340117,2203157.04436904,186.5,3.8040668236083697e-06,187.0,BID
483,1712457029.48027,2203693.23739853,186.5,1.696891225698192e-07,187.0,BID
484,1712457030.138679,2203693.23739853,186.5,0.0,187.0,BID
485,1712457054.8545303,2204227.99675681,186.4,-1.689769687994395e-07,187.0,ASK
486,1712457060.190721,2204227.99675681,186.4,-0.0,187.0,ASK
487,1712457072.8042386,2208999.45531837,186.4,-1.5076710628314669e-06,187.0,ASK
488,1712457077.743901,2239479.11766102,186.5,9.630871635164358e-06,187.0,BID
489,1712457086.3941128,2245370.23265895,186.5,-1.861456721378042e-06,187.0,ASK
490,1712457090.1759243,2245370.23265895,186.5,-0.0,187.0,ASK
491,1712457120.150746,2245370.23265895,186.5,-0.0,187.0,ASK
492,1712457150.122789,2245370.23265895,186.5,-0.0,187.0,ASK
493,1712457152.201505,2249045.47329047,186.5,-1.1584828657915574e-06,187.0,ASK
494,1712457152.203837,2263726.43843695,186.5,-4.627628033282578e-06,187.0,ASK
495,1712457152.2694938,2263726.43843792,186.5,-3.0574772907556053e-16,187.0,ASK
496,1712457163.14793,2273245.63054892,186.4,-3.000571135994241e-06,187.0,ASK
497,1712457163.2240613,2273245.63054988,186.4,-3.026652987776312e-16,187.0,ASK
498,1712457163.2286055,2280155.38834188,186.4,-2.178044055170113e-06,187.0,ASK
499,1712457180.1663444,2280155.38834188,186.4,-0.0,187.0,ASK
500,1712457190.5043106,2280155.38834284,186.4,-3.020477911996966e-16,187.0,ASK
501,1712457190.50936,2281253.17401784,186.4,-3.453300950714381e-07,187.0,ASK
502,1712457210.1743443,2281253.17401784,186.4,-0.0,187.0,ASK
503,1712457240.116325,2281253.17401784,186.4,-0.0,187.0,ASK
504,1712457262.2639344,2291985.88993923,186.4,-3.375969767648353e-06,187.0,ASK
505,1712457270.1299262,2291985.88993923,186.4,-0.0,187.0,ASK
506,1712457300.1688318,2291985.88993923,186.4,-0.0,187.0,ASK
507,1712457330.1842403,2291985.88993923,186.4,-0.0,187.0,ASK
508,1712457360.1264994,2291985.88993923,186.4,-0.0,187.0,ASK
509,1712457390.1183984,2291985.88993923,186.4,-0.0,187.0,ASK
510,1712457420.181189,2291985.88993923,186.4,-0.0,187.0,ASK
511,1712457437.37421,2292271.42589125,186.4,-8.98762643412194e-08,187.0,ASK
512,1712457441.533851,2292414.19386726,186.4,-4.4938132170682986e-08,187.0,ASK
513,1712457445.9541428,2292485.57785527,186.4,-2.246906608680722e-08,187.0,ASK
514,1712457450.1849678,2292485.57785527,186.4,-0.0,187.0,ASK
515,1712457464.0492024,2293878.87421515,186.6,4.385458289514944e-07,187.0,BID
516,1712457464.0557787,2295580.60708663,186.6,5.356275048631144e-07,187.0,BID
517,1712457480.1080515,2295580.60708663,186.6,0.0,187.0,BID
518,1712457487.214051,2295612.76142746,186.6,1.0118873204211496e-08,187.0,BID
519,1712457499.17678,2333085.76142746,186.6,1.1792639058897246e-05,187.0,BID
520,1712457504.233934,2335622.76142746,186.6,7.983861791802715e-07,187.0,BID
521,1712457504.964717,2336702.67503437,186.6,3.398455256072875e-07,187.0,BID
522,1712457504.970164,2366823.49394791,186.6,9.478930045787278e-06,187.0,BID
523,1712457504.9742453,2373095.76142746,186.7,1.97386348750268e-06,187.0,BID
524,1712457510.1160371,2373095.76142746,186.7,0.0,187.0,BID
525,1712457515.6241338,2374166.99870651,186.7,3.3558749142374174e-07,187.0,BID
526,1712457540.1784563,2374166.99870651,186.7,0.0,187.0,BID
527,1712457570.1704447,2374166.99870651,186.7,0.0,187.0,BID
528,1712457581.2838943,2374704.63311511,186.7,1.6841467566690321e-07,187.0,BID
529,1712457581.286383,2379517.83159215,186.7,1.5077406644074797e-06,187.0,BID
530,1712457593.243732,2379549.98593298,186.5,-1.0072388960920782e-08,187.0,ASK
531,1712457600.160491,2379549.98593298,186.5,-0.0,187.0,ASK
532,1712457630.132083,2379549.98593298,186.5,-0.0,187.0,ASK
533,1712457648.7744844,2382198.7967396,186.5,-8.322977585656578e-07,187.0,ASK
534,1712457648.7786703,2384879.76188705,186.5,-8.424011550535579e-07,187.0,ASK
535,1712457648.7826326,2389930.91082151,186.5,-1.5871499488848898e-06,187.0,ASK
536,1712457660.1865425,2389930.91082151,186.5,-0.0,187.0,ASK
537,1712457667.6239476,2390362.57501084,186.7,1.3555317384467506e-07,187.0,BID
538,1712457690.1740866,2390362.57501084,186.7,0.0,187.0,BID
539,1712457702.7670455,2391564.71749744,186.7,3.774927584800233e-07,187.0,BID
540,1712457720.213852,2391564.71749744,186.7,0.0,187.0,BID
541,1712457720.5006497,2392385.5238681,186.7,2.5772870401183345e-07,187.0,BID
542,1712457746.0640073,2392439.08573205,186.7,1.6818131868534492e-08,187.0,BID
543,1712457750.1120565,2392439.08573205,186.7,0.0,187.0,BID
544,1712457770.975266,2402975.6920941,186.7,3.308267103374179e-06,187.0,BID
545,1712457776.4445028,2403082.815822,186.7,3.363453970138952e-08,187.0,BID
546,1712457777.3302352,2403669.61994571,186.5,-1.842438363822517e-07,187.0,ASK
547,1712457780.1744215,2403669.61994571,186.5,-0.0,187.0,ASK
548,1712457810.1738586,2403669.61994571,186.5,-0.0,187.0,ASK
549,1712457818.5639322,2404664.20105888,186.8,3.120715795519664e-07,187.0,BID
550,1712457818.5739744,2441142.61994571,186.7,1.1445901848356014e-05,187.0,BID
551,1712457834.036054,2451638.88844411,186.7,3.29343383493107e-06,187.0,BID
552,1712457834.1138248,2454022.47875009,186.7,-7.479035967425976e-07,187.0,ASK
553,1712457840.1101725,2454022.47875009,186.7,-0.0,187.0,ASK
554,1712457845.6336615,2479327.01355332,186.8,7.916499507789657e-06,187.0,BID
555,1712457845.6441991,2491495.47875009,186.8,3.8068926968967937e-06,187.0,BID
556,1712457865.43385,2491602.54513124,186.8,3.3495614926934664e-08,187.0,BID
557,1712457866.5940633,2491602.54513219,186.7,-2.9719064413101507e-16,187.0,ASK
558,1712457866.6000342,2495004.23306519,186.7,-1.0642148159076102e-06,187.0,ASK
559,1712457870.1223,2495004.23306519,186.7,-0.0,187.0,ASK
560,1712457888.193895,2495054.23306519,186.7,1.560507994737666e-08,187.0,BID
561,1712457900.1378217,2495054.23306519,186.7,0.0,187.0,BID
562,1712457930.1299124,2495054.23306519,186.7,0.0,187.0,BID
563,1712457960.1877463,2495054.23306519,186.7,0.0,187.0,BID
564,1712457990.1717038,2495054.23306519,186.7,0.0,187.0,BID
565,1712458013.88394,2495154.23306519,186.7,3.125482848191736e-08,187.0,BID
566,1712458020.1138575,2495154.23306519,186.7,0.0,187.0,BID
567,1712458050.1239798,2495154.23306519,186.7,0.0,187.0,BID
568,1712458065.57391,2496154.23306519,186.7,3.125464610241614e-07,187.0,BID
569,1712458065.5769806,2520241.9384249,186.7,7.528527064370204e-06,187.0,BID
570,1712458080.1455553,2520241.9384249,186.7,0.0,187.0,BID
571,1712458110.124095,2520241.9384249,186.7,0.0,187.0,BID
572,1712458118.938053,2520295.50028818,186.7,-1.6716099640537638e-08,187.0,ASK
573,1712458118.941883,2521988.7269049,186.7,-5.284383907853784e-07,187.0,ASK
574,1712458119.0138204,2521988.72690557,186.7,-2.091270460180001e-16,187.0,ASK
575,1712458140.1937308,2521988.72690557,186.7,-0.0,187.0,ASK
576,1712458154.3336897,2523060.53826677,186.6,-3.344671198902047e-07,187.0,ASK
577,1712458154.345576,2561989.10889369,186.6,-1.2147964996796344e-05,187.0,ASK
578,1712458163.4337864,2562524.72753321,186.7,1.6714398653054936e-07,187.0,BID
579,1712458170.1851664,2562524.72753321,186.7,0.0,187.0,BID
580,1712458175.8661602,2563275.73824558,186.7,2.338068836201497e-07,187.0,BID
581,1712458200.1521463,2563275.73824558,186.7,0.0,187.0,BID
582,1712458200.415979,2563310.98195206,186.7,1.1025369755981306e-08,187.0,BID
583,1712458230.115002,2563310.98195206,186.7,0.0,187.0,BID
584,1712458260.17388,2563310.98195206,186.7,0.0,187.0,BID
585,1712458261.9937105,2563651.65789154,186.7,1.0657421829954453e-07,187.0,BID
586,1712458290.179397,2563651.65789154,186.7,0.0,187.0,BID
587,1712458320.1268225,2563651.65789154,186.7,0.0,187.0,BID
588,1712458350.1325302,2563651.65789154,186.7,0.0,187.0,BID
589,1712458362.693709,2563801.65789154,186.8,4.6923814734571044e-08,187.0,BID
590,1712458362.703941,2573545.71265558,186.7,3.048188136742269e-06,187.0,BID
591,1712458362.708007,2604856.83136839,186.8,9.794914224080337e-06,187.0,BID
592,1712458379.5438993,2611678.47241272,186.8,2.1339828036658643e-06,187.0,BID
593,1712458379.7079797,2642314.98665872,186.8,-9.583880790615662e-06,187.0,ASK
594,1712458379.7104163,2642314.98665905,186.8,-1.032805214537024e-16,187.0,ASK
595,1712458380.174418,2642314.98665905,186.8,-0.0,187.0,ASK
596,1712458410.176819,2642314.98665905,186.8,-0.0,187.0,ASK
597,1712458414.0540764,2642850.05103264,186.8,1.6661590208782133e-07,187.0,BID
598,1712458440.1240394,2642850.05103264,186.8,0.0,187.0,BID
599,1712458442.6040635,2643690.6799687,186.8,2.617587645114512e-07,187.0,BID
600,1712458470.1163929,2643690.6799687,186.8,0.0,187.0,BID
601,1712458500.1691916,2643690.6799687,186.8,0.0,187.0,BID
602,1712458530.1770024,2643690.6799687,186.8,0.0,187.0,BID
603,1712458552.8446033,2653002.8084697,186.6,-2.909164134075356e-06,187.0,ASK
604,1712458552.8674755,2653002.80847036,186.6,-2.0613856527949647e-16,187.0,ASK
605,1712458560.1341736,2653002.80847036,186.6,-0.0,187.0,ASK
606,1712458589.6940546,2654075.19452934,186.5,-3.3483799374142946e-07,187.0,ASK
607,1712458589.6998873,2669018.29925281,186.5,-4.665781659482955e-06,187.0,ASK
608,1712458589.7056348,2670244.30461436,186.5,-3.828035362265468e-07,187.0,ASK
609,1712458589.7740548,2670244.30461473,186.5,-1.1559015195143482e-16,187.0,ASK
610,1712458590.11809,2670244.30461473,186.5,-0.0,187.0,ASK
611,1712458620.1788116,2670244.30461473,186.5,-0.0,187.0,ASK
612,1712458645.2139533,2670297.92391767,186.5,1.6725107535269736e-08,187.0,BID
613,1712458650.1862333,2670297.92391767,186.5,0.0,187.0,BID
614,1712458663.0743103,2670357.92391767,186.4,-1.871533695777279e-08,187.0,ASK
615,1712458680.129749,2670357.92391767,186.4,-0.0,187.0,ASK
616,1712458710.122341,2670357.92391767,186.4,-0.0,187.0,ASK
617,1712458722.2137454,2671242.95009367,186.5,2.760584219643046e-07,187.0,BID
618,1712458722.2239676,2672047.23963767,186.5,2.5087495527263e-07,187.0,BID
619,1712458728.550444,2672047.2396379,186.5,7.1753314730383e-17,187.0,BID
620,1712458740.3054242,2672047.2396379,186.5,0.0,187.0,BID
621,1712458768.2693136,2674669.64307137,186.4,-8.179028335509656e-07,187.0,ASK
622,1712458768.2754824,2736927.71214485,186.4,-1.9417703034056136e-05,187.0,ASK
623,1712458770.178496,2736927.71214485,186.4,-0.0,187.0,ASK
624,1712458787.757423,2737550.78243849,186.5,1.9359949165616854e-07,187.0,BID
625,1712458800.1495566,2737550.78243849,186.5,0.0,187.0,BID
626,1712458802.593747,2738315.41536428,186.5,2.382869997235672e-07,187.0,BID
627,1712458803.5938172,2739046.42455488,186.5,2.2780863983653242e-07,187.0,BID
628,1712458830.133111,2739046.42455488,186.5,0.0,187.0,BID
629,1712458855.2557878,2739153.66316077,186.5,3.3416484816184135e-08,187.0,BID
630,1712458860.1747208,2739153.66316077,186.5,0.0,187.0,BID
631,1712458868.9740584,2755041.64432197,186.5,4.950802633588241e-06,187.0,BID
632,1712458869.5939171,2762810.39159297,186.5,2.4207943135579023e-06,187.0,BID
633,1712458890.1852365,2762810.39159297,186.5,0.0,187.0,BID
634,1712458905.0165985,2762810.39159384,186.5,2.706806708587382e-16,187.0,BID
635,1712458920.2225926,2762810.39159384,186.5,0.0,187.0,BID
636,1712458950.129895,2762810.39159384,186.5,0.0,187.0,BID
637,1712458980.2020164,2762810.39159384,186.5,0.0,187.0,BID
638,1712459010.1686027,2762810.39159384,186.5,0.0,187.0,BID
639,1712459023.9138148,2763210.39159384,186.6,1.2447158768710517e-07,187.0,BID
640,1712459040.141118,2763210.39159384,186.6,0.0,187.0,BID
641,1712459070.2822397,2763210.39159384,186.6,0.0,187.0,BID
642,1712459100.1664095,2763210.39159384,186.6,0.0,187.0,BID
643,1712459130.1825223,2763210.39159384,186.6,0.0,187.0,BID
644,1712459160.1227462,2763210.39159384,186.6,0.0,187.0,BID
645,1712459175.5375724,2763260.39159384,186.5,-1.5584683825139702e-08,187.0,ASK
646,1712459190.116335,2763260.39159384,186.5,-0.0,187.0,ASK
647,1712459220.143427,2763260.39159384,186.5,-0.0,187.0,ASK
648,1712459221.6545267,2763860.39159384,186.6,1.8701566233251242e-07,187.0,BID
649,1712459221.6591969,2763927.30224984,186.6,2.0855567748244973e-08,187.0,BID
650,1712459224.784127,2763927.30225046,186.6,1.9318567477521643e-16,187.0,BID
651,1712459240.7842753,2766605.3954481,186.7,8.347422885747443e-07,187.0,BID
652,1712459250.1222396,2766605.3954481,186.7,0.0,187.0,BID
653,1712459258.4138017,2767676.63272715,186.7,3.3383193999603855e-07,187.0,BID
654,1712459280.1685686,2767676.63272715,186.7,0.0,187.0,BID
655,1712459302.916654,2772453.01261433,186.7,1.4883806055668832e-06,187.0,BID
656,1712459310.182003,2772453.01261433,186.7,0.0,187.0,BID
657,1712459340.117226,2772453.01261433,186.7,0.0,187.0,BID
658,1712459370.130201,2772453.01261433,186.7,0.0,187.0,BID
659,1712459394.1938426,2773023.37553142,186.7,1.776829506586185e-07,187.0,BID
660,1712459400.1442635,2773023.37553142,186.7,0.0,187.0,BID
661,1712459430.1322956,2773023.37553142,186.7,0.0,187.0,BID
662,1712459444.6855445,2773073.37553142,186.6,-1.5640886662402976e-08,187.0,ASK
663,1712459458.9439175,2773123.37553142,186.6,-1.5640886662402976e-08,187.0,ASK
664,1712459460.1697698,2773123.37553142,186.6,-0.0,187.0,ASK
665,1712459490.179099,2773123.37553142,186.6,-0.0,187.0,ASK
666,1712459520.1220891,2773123.37553142,186.6,-0.0,187.0,ASK
667,1712459522.3640847,2781625.35301512,186.6,-2.659553800285752e-06,187.0,ASK
668,1712459524.1349602,2782692.97336416,186.7,3.339686281214989e-07,187.0,BID
669,1712459550.1332655,2782692.97336416,186.7,0.0,187.0,BID
670,1712459580.1871662,2782692.97336416,186.7,0.0,187.0,BID
671,1712459610.1840606,2782692.97336416,186.7,0.0,187.0,BID
672,1712459622.95407,2782742.97336416,186.7,1.5632062908111157e-08,187.0,BID
673,1712459622.959615,2793521.29433648,186.7,3.3697478296624504e-06,187.0,BID
674,1712459640.1427531,2793521.29433648,186.7,0.0,187.0,BID
675,1712459670.122225,2793521.29433648,186.7,0.0,187.0,BID
676,1712459700.145202,2793521.29433648,186.7,0.0,187.0,BID
677,1712459715.5644326,2797021.29433648,186.8,1.0941113389542382e-06,187.0,BID
678,1712459723.1539495,2800521.29433648,186.8,1.0941113389542382e-06,187.0,BID
679,1712459730.1268685,2800521.29433648,186.8,0.0,187.0,BID
680,1712459734.0013628,2800788.96028937,186.8,8.363905573093088e-08,187.0,BID
681,1712459746.6640618,2820138.72426283,186.8,6.046327408788551e-06,187.0,BID
682,1712459746.668961,2838261.96028937,186.8,5.663067460332329e-06,187.0,BID
683,1712459760.179049,2838261.96028937,186.8,0.0,187.0,BID
684,1712459790.176347,2838261.96028937,186.8,0.0,187.0,BID
685,1712459804.985612,2838315.49347994,186.8,1.6691041801252272e-08,187.0,BID
686,1712459805.343827,2838350.68334169,186.8,1.0971799871973342e-08,187.0,BID
687,1712459806.5539253,2838415.11897908,186.7,-2.009030109569833e-08,187.0,ASK
688,1712459814.4239855,2842215.09397858,186.7,-1.1847891165214563e-06,187.0,ASK
689,1712459820.231383,2842215.09397858,186.7,-0.0,187.0,ASK
690,1712459836.7844405,2849127.59817833,186.7,-2.1547445814694745e-06,187.0,ASK
691,1712459836.7913284,2856013.17210846,186.7,-2.146349960524127e-06,187.0,ASK
692,1712459850.119671,2856013.17210846,186.7,-0.0,187.0,ASK
693,1712459862.2441845,2860013.17210846,186.7,-1.245867267066125e-06,187.0,ASK
694,1712459867.744035,2862194.28592294,186.7,-6.793445768014899e-07,187.0,ASK
695,1712459880.178266,2862194.28592294,186.7,-0.0,187.0,ASK
696,1712459891.6542573,2865694.28592294,186.8,1.0897421649724588e-06,187.0,BID
697,1712459899.4938393,2869194.28592294,186.8,1.0897421649724588e-06,187.0,BID
698,1712459907.4040518,2872694.28592294,186.8,1.0897421649724588e-06,187.0,BID
699,1712459910.1832354,2872694.28592294,186.8,0.0,187.0,BID
700,1712459940.119223,2872694.28592294,186.8,0.0,187.0,BID
701,1712459941.128253,2873224.19762661,186.8,1.6488991090331186e-07,187.0,BID
702,1712459955.7239718,2878577.51668442,186.8,1.6657648743480633e-06,187.0,BID
703,1712459970.121714,2878577.51668442,186.8,0.0,187.0,BID
704,1712459989.0938957,2884572.12856878,186.8,1.8646750227786168e-06,187.0,BID
705,1712460000.1394186,2884572.12856878,186.8,0.0,187.0,BID
706,1712460008.8441398,2889925.44762659,186.8,1.6651362259399295e-06,187.0,BID
707,1712460012.709263,2890981.54364752,186.8,3.284959711034009e-07,187.0,BID
708,1712460030.1180413,2890981.54364752,186.8,0.0,187.0,BID
709,1712460060.186582,2890981.54364752,186.8,0.0,187.0,BID
710,1712460081.7440257,2891511.52223424,186.8,1.647871179151108e-07,187.0,BID
711,1712460090.1740477,2891511.52223424,186.8,0.0,187.0,BID
712,1712460120.2562056,2891511.52223424,186.8,0.0,187.0,BID
713,1712460150.1240883,2891511.52223424,186.8,0.0,187.0,BID
714,1712460171.813986,2902311.52223424,186.8,3.3579584847276704e-06,187.0,BID
715,1712460173.8939517,2902472.12180597,186.8,4.9933953197631286e-08,187.0,BID
716,1712460178.4144394,2903382.67349317,186.7,-2.831106262793177e-07,187.0,ASK
717,1712460180.1939082,2903382.67349317,186.7,-0.0,187.0,ASK
718,1712460210.1757886,2903382.67349317,186.7,-0.0,187.0,ASK
719,1712460218.5841126,2915889.61564491,186.7,-3.886005281796403e-06,187.0,ASK
720,1712460218.5905595,2916929.18970614,186.7,-3.23003836089344e-07,187.0,ASK
721,1712460228.5950737,2920308.26876071,186.8,1.0499064355102489e-06,187.0,BID
722,1712460229.5739367,2922077.95994928,186.7,-5.498569692333155e-07,187.0,ASK
723,1712460230.0237205,2924756.05314692,186.7,-8.321046171725153e-07,187.0,ASK
724,1712460233.835405,2925668.70016586,186.8,2.8356660588872826e-07,187.0,BID
725,1712460240.11395,2925668.70016586,186.8,0.0,187.0,BID
726,1712460265.6641057,2949473.93816586,186.8,7.386923898927448e-06,187.0,BID
727,1712460267.9030216,2961364.65059968,186.8,3.689767262678072e-06,187.0,BID
728,1712460270.1249847,2961364.65059968,186.8,0.0,187.0,BID
729,1712460300.1768174,2961364.65059968,186.8,0.0,187.0,BID
730,1712460302.3144245,2973130.41384769,186.8,3.6458278011756e-06,187.0,BID
731,1712460330.184959,2973130.41384769,186.8,0.0,187.0,BID
732,1712460333.994398,2974892.85100651,186.7,-5.457503418081832e-07,187.0,ASK
733,1712460360.1647117,2974892.85100651,186.7,-0.0,187.0,ASK
734,1712460363.9624434,2976214.67887563,186.7,-4.0927105507944907e-07,187.0,ASK
735,1712460376.3072853,2977206.04977747,186.7,-3.0695329130976705e-07,187.0,ASK
736,1712460383.4342778,2977356.63864256,186.8,4.662608887170567e-08,187.0,BID
737,1712460387.7539213,2978100.16681894,186.7,-2.3021496848221722e-07,187.0,ASK
738,1712460390.1736898,2978100.16681894,186.7,-0.0,187.0,ASK
739,1712460396.896223,2985598.16681894,186.8,2.321138461282636e-06,187.0,BID
740,1712460411.5612009,3006285.74103195,186.8,6.404204344686034e-06,187.0,BID
741,1712460411.5643969,3030632.22080899,186.8,7.536883249843604e-06,187.0,BID
742,1712460420.1225786,3030632.22080899,186.8,0.0,187.0,BID
743,1712460422.0037246,3035830.55816994,186.8,1.6043635247904237e-06,187.0,BID
744,1712460429.8937652,3042634.3487847,186.8,2.099854767917011e-06,187.0,BID
745,1712460429.9738443,3049507.14994103,186.8,2.121153500191008e-06,187.0,BID
746,1712460429.9936206,3056447.99658958,186.8,2.142154389160736e-06,187.0,BID
747,1712460449.063979,3056677.60430654,186.7,-7.086385906157025e-08,187.0,ASK
748,1712460449.0742984,3057147.99658958,186.7,-1.451772304971146e-07,187.0,ASK
749,1712460449.273854,3075997.99658958,186.8,5.817677911687441e-06,187.0,BID
750,1712460450.125143,3075997.99658958,186.8,0.0,187.0,BID
751,1712460462.6836624,3092066.55577543,186.8,4.946304857242203e-06,187.0,BID
752,1712460462.7440343,3096152.33878417,186.8,1.2577063138034186e-06,187.0,BID
753,1712460462.7510073,3097135.09656097,186.8,3.0251745092113817e-07,187.0,BID
754,1712460462.7575102,3100902.30084209,186.8,1.1596398045654829e-06,187.0,BID
755,1712460480.1740448,3100902.30084209,186.8,0.0,187.0,BID
756,1712460510.16734,3100902.30084209,186.8,0.0,187.0,BID
757,1712460540.113305,3100902.30084209,186.8,0.0,187.0,BID
758,1712460568.606072,3102822.30084209,186.8,-5.901789148146701e-07,187.0,ASK
759,1712460570.1268797,3102822.30084209,186.8,-0.0,187.0,ASK
760,1712460600.1535366,3102822.30084209,186.8,-0.0,187.0,ASK
761,1712460630.1339762,3102822.30084209,186.8,-0.0,187.0,ASK
762,1712460660.171241,3102822.30084209,186.8,-0.0,187.0,ASK
763,1712460690.1838057,3102822.30084209,186.8,-0.0,187.0,ASK
764,1712460707.9938414,3102849.30084209,186.8,8.332276771839351e-09,187.0,BID
765,1712460720.130813,3102849.30084209,186.8,0.0,187.0,BID
766,1712460738.8344605,3103463.73759661,186.8,1.896166344027807e-07,187.0,BID
767,1712460750.128806,3103463.73759661,186.8,0.0,187.0,BID
768,1712460750.7640862,3104022.83670932,186.8,-1.7253319618076593e-07,187.0,ASK
769,1712460750.7736928,3106768.98004958,186.8,-8.474363076145969e-07,187.0,ASK
770,1712460751.5840824,3107905.13792917,186.8,3.506085877716575e-07,187.0,BID
771,1712460752.293679,3109203.15363805,186.8,4.005565271967843e-07,187.0,BID
772,1712460753.073997,3110501.08386992,186.8,4.00530149723847e-07,187.0,BID
773,1712460753.7604704,3111641.42916116,186.8,3.5190078713168045e-07,187.0,BID
774,1712460754.3937547,3112461.2465514,186.8,2.529886229601255e-07,187.0,BID
775,1712460755.0838466,3114324.71363791,186.8,5.750499779096761e-07,187.0,BID
776,1712460761.865296,3114332.16061194,186.8,2.2980723848461062e-09,187.0,BID
777,1712460761.8707397,3119997.85225687,186.9,1.7483839016240064e-06,187.0,BID
778,1712460780.179535,3119997.85225687,186.9,0.0,187.0,BID
779,1712460810.1811235,3119997.85225687,186.9,0.0,187.0,BID
780,1712460831.9641273,3120275.497939,186.9,8.559748028814273e-08,187.0,BID
781,1712460831.9709978,3125121.97370556,186.8,1.494156547699642e-06,187.0,BID
782,1712460831.9774113,3125657.87938616,186.9,1.6521840202791224e-07,187.0,BID
783,1712460840.1362753,3125657.87938616,186.9,0.0,187.0,BID
784,1712460867.9839995,3126095.51705025,186.7,-1.348786459145545e-07,187.0,ASK
785,1712460867.9901288,3127022.77523915,186.7,-2.857782572076096e-07,187.0,ASK
786,1712460870.1199474,3127022.77523915,186.7,-0.0,187.0,ASK
787,1712460900.1789136,3127022.77523915,186.7,-0.0,187.0,ASK
788,1712460930.17728,3127022.77523915,186.7,-0.0,187.0,ASK
789,1712460960.1200645,3127022.77523915,186.7,-0.0,187.0,ASK
790,1712460990.1243372,3127022.77523915,186.7,-0.0,187.0,ASK
791,1712461020.3624418,3127022.77523915,186.7,-0.0,187.0,ASK
792,1712461023.8038054,3127211.78571786,186.8,-5.83860236475915e-08,187.0,ASK
793,1712461043.604031,3128296.06770531,186.9,3.34938645688048e-07,187.0,BID
794,1712461043.612419,3131479.45490501,187.0,9.833598729013552e-07,187.0,BID
795,1712461043.6177964,3132560.53724958,186.9,3.3395026437647094e-07,187.0,BID
796,1712461050.1670744,3132560.53724958,186.9,0.0,187.0,BID
797,1712461073.4140644,3133462.93305862,187.0,2.786642246438836e-07,187.0,BID
798,1712461073.41988,3137694.22708915,187.0,1.3066442224641637e-06,187.0,BID
799,1712461080.127643,3137694.22708915,187.0,0.0,187.0,BID
800,1712461084.9245026,3137853.32115278,186.7,-4.911446225392128e-08,187.0,ASK
801,1712461110.1428304,3137853.32115278,186.7,-0.0,187.0,ASK
802,1712461111.503844,3137881.66339876,187.0,8.749549633744533e-09,187.0,BID
803,1712461127.8738396,3137935.13933458,187.0,1.6508584217473855e-08,187.0,BID
804,1712461140.1797402,3137935.13933458,187.0,0.0,187.0,BID
805,1712461170.1971316,3137935.13933458,187.0,0.0,187.0,BID
806,1712461200.1504428,3137935.13933458,187.0,0.0,187.0,BID
807,1712461230.1247947,3137935.13933458,187.0,0.0,187.0,BID
808,1712461260.1722963,3137935.13933458,187.0,0.0,187.0,BID
809,1712461290.177226,3137935.13933458,187.0,0.0,187.0,BID
810,1712461302.683979,3138469.89869286,187.0,1.6519175694269733e-07,187.0,BID
811,1712461313.086755,3138533.83638137,187.0,1.975090091711876e-08,187.0,BID
812,1712461313.092569,3165261.34254312,187.0,8.256356122047508e-06,187.0,BID
813,1712461320.1296377,3165261.34254312,187.0,0.0,187.0,BID
814,1712461343.2439885,3166355.79768517,186.7,-3.375537534903703e-07,187.0,ASK
815,1712461350.1092558,3166355.79768517,186.7,-0.0,187.0,ASK
816,1712461380.1797092,3166355.79768517,186.7,-0.0,187.0,ASK
817,1712461403.0539522,3172238.15062634,187.0,1.8141311695046589e-06,187.0,BID
818,1712461410.1740592,3172238.15062634,187.0,0.0,187.0,BID
819,1712461415.32389,3172355.73889103,187.0,3.625219285869632e-08,187.0,BID
820,1712461440.117825,3172355.73889103,187.0,0.0,187.0,BID
821,1712461459.553903,3177443.49860842,187.0,1.5685340422617367e-06,187.0,BID
822,1712461459.563885,3181432.88589663,187.0,1.2299106319694144e-06,187.0,BID
823,1712461459.6938145,3193196.39028221,187.0,-3.626636891284432e-06,187.0,ASK
824,1712461459.7047496,3220111.14359641,187.0,-8.297700590714388e-06,187.0,ASK
825,1712461459.7160425,3225831.6747199,187.0,-1.7636146959422636e-06,187.0,ASK
826,1712461470.1241648,3225831.6747199,187.0,-0.0,187.0,ASK
827,1712461500.1373217,3225831.6747199,187.0,-0.0,187.0,ASK
828,1712461530.1242688,3225831.6747199,187.0,-0.0,187.0,ASK
829,1712461537.0043042,3233428.6354728,186.8,2.337022183262339e-06,187.0,BID
830,1712461560.1847072,3233428.6354728,186.8,0.0,187.0,BID
831,1712461590.1680903,3233428.6354728,186.8,0.0,187.0,BID
832,1712461620.1141863,3233428.6354728,186.8,0.0,187.0,BID
833,1712461650.118077,3233428.6354728,186.8,0.0,187.0,BID
834,1712461650.824113,3235034.63119014,187.0,4.93830355697792e-07,187.0,BID
835,1712461680.1747024,3235034.63119014,187.0,0.0,187.0,BID
836,1712461691.293861,3235569.39054842,187.0,1.6441888148961845e-07,187.0,BID
837,1712461696.2643285,3236104.1499067,187.0,1.6441888148947525e-07,187.0,BID
838,1712461710.1741765,3236104.1499067,187.0,0.0,187.0,BID
839,1712461740.1189342,3236104.1499067,187.0,0.0,187.0,BID
840,1712461770.3074582,3236104.1499067,187.0,0.0,187.0,BID
841,1712461774.6645634,3236524.54095873,186.7,-1.2924687594047226e-07,187.0,ASK
842,1712461800.1397653,3236524.54095873,186.7,-0.0,187.0,ASK
843,1712461805.184721,3239333.09077135,186.7,-8.682663899961657e-07,187.0,ASK
844,1712461805.1921318,3241335.04042319,186.7,-6.189050268386607e-07,187.0,ASK
845,1712461805.1973796,3290000.4767876,186.7,-1.5044975367659917e-05,187.0,ASK
846,1712461830.1242657,3290000.4767876,186.7,-0.0,187.0,ASK
847,1712461860.186339,3290000.4767876,186.7,-0.0,187.0,ASK
848,1712461871.2572982,3303211.91384981,187.0,4.07176318515405e-06,187.0,BID
849,1712461884.154068,3303239.18657681,187.0,8.405450916104311e-09,187.0,BID
850,1712461890.168163,3303239.18657681,187.0,0.0,187.0,BID
851,1712461894.894091,3303639.18657681,187.0,1.231859581587525e-07,187.0,BID
852,1712461919.4339406,3303666.18657681,187.0,8.315052175715794e-09,187.0,BID
853,1712461920.1278956,3303666.18657681,187.0,0.0,187.0,BID
854,1712461950.1313615,3303666.18657681,187.0,0.0,187.0,BID
855,1712461960.6941998,3303696.18657681,187.0,9.238719675424764e-09,187.0,BID
856,1712461980.1401682,3303696.18657681,187.0,0.0,187.0,BID
857,1712462010.1242418,3303696.18657681,187.0,0.0,187.0,BID
858,1712462040.174098,3303696.18657681,187.0,0.0,187.0,BID
859,1712462070.1802473,3303696.18657681,187.0,0.0,187.0,BID
860,1712462070.9983163,3303724.12657681,187.0,8.604312725868566e-09,187.0,BID
861,1712462071.0040174,3304230.67868904,187.0,1.559961626908289e-07,187.0,BID
862,1712462082.0040529,3308560.41810849,187.0,1.33337265520914e-06,187.0,BID
863,1712462100.2183862,3308560.41810849,187.0,0.0,187.0,BID
864,1712462113.774079,3308873.65032841,187.0,-9.698376816053857e-08,187.0,ASK
865,1712462130.129819,3308873.65032841,187.0,-0.0,187.0,ASK
866,1712462160.174184,3308873.65032841,187.0,-0.0,187.0,ASK
867,1712462169.914252,3316446.93811329,187.0,-2.3448183796643024e-06,187.0,ASK
868,1712462183.2243266,3317255.99983734,187.1,2.504992355661963e-07,187.1,BID
869,1712462183.2308607,3318927.07983734,187.1,5.173947180130393e-07,187.1,BID
870,1712462183.23648,3326446.93811329,187.1,2.3282756972634307e-06,187.1,BID
871,1712462190.1715815,3326446.93811329,187.1,0.0,187.1,BID
872,1712462195.0441148,3327472.33983053,187.1,3.171589714089759e-07,187.1,BID
873,1712462195.0840335,3345220.20075446,187.1,-5.4894518125970725e-06,187.1,ASK
874,1712462196.2543087,3349948.73521246,187.1,-1.4625459463905398e-06,187.1,ASK
875,1712462196.274105,3358384.39313946,187.1,-2.609167262257575e-06,187.1,ASK
876,1712462196.2806273,3368920.91654446,187.1,-3.258969503533911e-06,187.1,ASK
877,1712462196.2856767,3377961.76429846,187.1,-2.7963537861450776e-06,187.1,ASK
878,1712462196.374406,3381749.66850275,187.1,-1.1716069722039908e-06,187.1,ASK
879,1712462214.6440644,3382938.69533333,187.1,-3.677685732568298e-07,187.1,ASK
880,1712462216.3442695,3384499.57166233,187.1,-4.827824282709186e-07,187.1,ASK
881,1712462217.4740026,3385740.75010832,187.1,-3.838991808251109e-07,187.1,ASK
882,1712462220.115611,3385740.75010832,187.1,-0.0,187.1,ASK
883,1712462236.5446186,3386521.81235546,187.1,-2.407581167887292e-07,187.1,ASK
884,1712462245.614268,3387395.02510439,187.1,-2.691629991821761e-07,187.1,ASK
885,1712462250.1161008,3387395.02510439,187.1,-0.0,187.1,ASK
886,1712462253.184099,3389299.37434682,187.1,-5.8694912037362e-07,187.1,ASK
887,1712462253.2442389,3390773.65133956,187.1,-4.543943751469345e-07,187.1,ASK
888,1712462253.504051,3391551.98602233,187.1,-2.3989447273084653e-07,187.1,ASK
889,1712462253.5640364,3392174.90076051,187.1,-1.919917048282637e-07,187.1,ASK
890,1712462264.4743671,3396458.90542961,187.1,-1.3203947659285203e-06,187.1,ASK
891,1712462264.514157,3413737.43478751,187.1,-5.3255030022892175e-06,187.1,ASK
892,1712462264.5212314,3421503.5181307,187.1,-2.393623861354726e-06,187.1,ASK
893,1712462264.5941465,3425211.08311764,187.1,-1.1427273733863209e-06,187.1,ASK
894,1712462264.6141083,3426377.41831482,187.1,-3.594820754474705e-07,187.1,ASK
895,1712462264.6542776,3427554.45528794,187.0,-3.627805239853074e-07,187.1,ASK
896,1712462264.661297,3427623.97508641,187.1,-2.1427049015736694e-08,187.1,ASK
897,1712462280.18573,3427623.97508641,187.1,-0.0,187.1,ASK
898,1712462293.4065895,3433511.80673097,187.0,-1.8105182696730136e-06,187.1,ASK
899,1712462293.5041006,3435394.71416582,187.0,-5.789972466432471e-07,187.1,ASK
900,1712462293.584523,3438989.44358855,187.0,-1.1053854266363207e-06,187.1,ASK
901,1712462294.1642802,3439758.58164598,187.0,-2.3651126406852385e-07,187.1,ASK
902,1712462294.88385,3441025.83069748,187.0,-3.896812440428244e-07,187.1,ASK
903,1712462295.0040617,3441886.90632146,187.0,-2.647822225395976e-07,187.1,ASK
904,1712462295.103896,3447060.51642126,187.0,-1.5908939268852e-06,187.1,ASK
905,1712462295.1142454,3448536.28422274,187.0,-4.538011151939401e-07,187.1,ASK
906,1712462295.3039908,3451383.31526099,187.0,-8.754668985551297e-07,187.1,ASK
907,1712462296.2141652,3452949.25706188,187.0,-4.815297737624164e-07,187.1,ASK
908,1712462296.7804718,3455470.04917307,187.0,-7.751478722347928e-07,187.1,ASK
909,1712462299.2444384,3456152.32330655,187.0,-2.098004593476561e-07,187.1,ASK
910,1712462300.126798,3458529.39842258,187.0,-7.309546511804102e-07,187.1,ASK
911,1712462300.2442155,3459620.80715421,187.0,-3.3561004586838985e-07,187.1,ASK
912,1712462300.253291,3461281.16437491,187.0,-5.105626763357727e-07,187.1,ASK
913,1712462300.3842783,3462419.98198198,187.0,-3.501883559002966e-07,187.1,ASK
914,1712462300.50405,3467117.13920208,187.0,-1.4443838540076917e-06,187.1,ASK
915,1712462310.1693842,3467117.13920208,187.0,-0.0,187.1,ASK
916,1712462316.3043687,3469001.21365717,187.0,5.780433891661732e-07,187.1,BID
917,1712462316.310346,3521295.95888314,187.0,1.604428725432681e-05,187.1,BID
918,1712462340.1257188,3521295.95888314,187.0,0.0,187.1,BID
919,1712462363.43414,3521322.75888314,186.7,-8.1968939201346e-09,187.1,ASK
920,1712462363.4440384,3533346.23937292,186.7,-3.6774326165860073e-06,187.1,ASK
921,1712462370.1256168,3533346.23937292,186.7,-0.0,187.1,ASK
922,1712462380.9248662,3533546.23937292,187.0,6.112878700157307e-08,187.1,BID
923,1712462399.4342177,3533668.46148766,186.7,-3.735644809424028e-08,187.1,ASK
924,1712462400.16404,3533668.46148766,186.7,-0.0,187.1,ASK
925,1712462430.1258757,3533668.46148766,186.7,-0.0,187.1,ASK
926,1712462460.1764605,3533668.46148766,186.7,-0.0,187.1,ASK
927,1712462463.4597588,3542493.00446289,187.0,2.700418947073286e-06,187.1,BID
928,1712462478.8442855,3542520.27718989,187.0,8.345790703954979e-09,187.1,BID
929,1712462490.1739151,3542520.27718989,187.0,0.0,187.1,BID
930,1712462513.419636,3545024.10598771,187.0,7.658145665661723e-07,187.1,BID
931,1712462516.9241848,3559957.92212881,187.1,4.567618179498856e-06,187.1,BID
932,1712462517.2239337,3565302.6575644,187.1,1.6347268849136158e-06,187.1,BID
933,1712462518.800681,3570647.39299999,187.1,1.6347268849134733e-06,187.1,BID
934,1712462520.2535338,3570647.39299999,187.1,0.0,187.1,BID
935,1712462520.4661858,3575992.12843558,187.1,1.6320999816621742e-06,187.1,BID
936,1712462532.0231647,3581336.86387117,187.1,1.6320999816621742e-06,187.1,BID
937,1712462541.9041991,3584543.70513252,187.1,9.792599889959394e-07,187.1,BID
938,1712462548.6041567,3584831.253195,186.8,-8.780737478147444e-08,187.1,ASK
939,1712462550.125602,3584831.253195,186.8,-0.0,187.1,ASK
940,1712462575.164473,3590175.98863059,187.1,1.6307784741699504e-06,187.1,BID
941,1712462580.1926172,3590175.98863059,187.1,0.0,187.1,BID
942,1712462582.654096,3590775.98863059,187.1,1.830153501135004e-07,187.1,BID
943,1712462591.0242295,3605694.87692561,187.1,4.550642607695472e-06,187.1,BID
944,1712462610.182763,3605694.87692561,187.1,0.0,187.1,BID
945,1712462640.122851,3605694.87692561,187.1,0.0,187.1,BID
946,1712462670.12368,3605694.87692561,187.1,0.0,187.1,BID
947,1712462700.1810803,3605694.87692561,187.1,0.0,187.1,BID
948,1712462703.7642105,3605855.47649735,186.8,-4.9070637545177923e-08,187.1,ASK
949,1712462720.7245054,3608001.51254431,187.0,6.557138096850199e-07,187.1,BID
950,1712462720.7393134,3621898.25724601,187.0,4.246101748140807e-06,187.1,BID
951,1712462730.1769233,3621898.25724601,187.0,0.0,187.1,BID
952,1712462746.5442371,3624572.05403745,187.0,8.162136042624874e-07,187.1,BID
953,1712462760.1219344,3624572.05403745,187.0,0.0,187.1,BID
954,1712462790.1225996,3624572.05403745,187.0,0.0,187.1,BID
955,1712462802.1841831,3626718.31556198,187.0,6.550761520847771e-07,187.1,BID
956,1712462803.7340703,3628383.74177646,187.0,-5.083168960042813e-07,187.1,ASK
957,1712462820.163456,3628383.74177646,187.0,-0.0,187.1,ASK
958,1712462837.2978952,3628490.69364811,187.0,3.263646150892148e-08,187.1,BID
959,1712462842.934217,3636997.80504886,187.0,2.5959528290491835e-06,187.1,BID
960,1712462842.942045,3646930.31875534,187.0,3.0309156470705847e-06,187.1,BID
961,1712462844.4344325,3647230.97930457,186.8,-9.174684174091569e-08,187.1,ASK
962,1712462850.174081,3647230.97930457,186.8,-0.0,187.1,ASK
963,1712462859.0943377,3647297.37183113,186.8,-2.023797498894276e-08,187.1,ASK
964,1712462870.1384182,3648208.44327671,186.8,-2.7771561174325705e-07,187.1,ASK
965,1712462880.1741638,3648208.44327671,186.8,-0.0,187.1,ASK
966,1712462910.174266,3648208.44327671,186.8,-0.0,187.1,ASK
967,1712462940.128211,3648208.44327671,186.8,-0.0,187.1,ASK
968,1712462948.1780398,3654788.66309303,187.0,2.005691294164932e-06,187.1,BID
969,1712462948.1859398,3677518.07135771,187.0,6.928062823208737e-06,187.1,BID
970,1712462948.315307,3679165.62910707,187.0,-5.021856908686035e-07,187.1,ASK
971,1712462948.322875,3684208.44327671,187.0,-1.5370806387124972e-06,187.1,ASK
972,1712462948.4338722,3685904.0278584,186.8,-5.168245634562395e-07,187.1,ASK
973,1712462970.1278317,3685904.0278584,186.8,-0.0,187.1,ASK
974,1712463000.145626,3685904.0278584,186.8,-0.0,187.1,ASK
975,1712463030.1211014,3685904.0278584,186.8,-0.0,187.1,ASK
976,1712463060.1775177,3685904.0278584,186.8,-0.0,187.1,ASK
977,1712463090.184374,3685904.0278584,186.8,-0.0,187.1,ASK
978,1712463106.3248286,3688576.48841956,187.0,8.134548333960039e-07,187.1,BID
979,1712463120.1141334,3688576.48841956,187.0,0.0,187.1,BID
980,1712463150.1210165,3688576.48841956,187.0,0.0,187.1,BID
981,1712463180.1564918,3688576.48841956,187.0,0.0,187.1,BID
982,1712463210.12982,3688576.48841956,187.0,0.0,187.1,BID
983,1712463230.4544282,3691250.285211,187.0,8.137377782329404e-07,187.1,BID
984,1712463233.8640404,3691589.99724146,187.0,1.0338725582669752e-07,187.1,BID
985,1712463233.8680446,3696592.52984597,187.1,1.5224604129094265e-06,187.1,BID
986,1712463240.174196,3696592.52984597,187.1,0.0,187.1,BID
987,1712463270.1939638,3696592.52984597,187.1,0.0,187.1,BID
988,1712463278.5940666,3698960.59702681,187.1,-7.203639202121705e-07,187.1,ASK
989,1712463289.3741946,3699714.08034476,187.1,-2.292089519775789e-07,187.1,ASK
990,1712463300.1511033,3699714.08034476,187.1,-0.0,187.1,ASK
991,1712463326.2941215,3699767.49914817,187.2,1.625019730045858e-08,187.2,BID
992,1712463330.13064,3699767.49914817,187.2,0.0,187.2,BID
993,1712463347.944175,3699820.91795158,187.2,1.6250147866908582e-08,187.2,BID
994,1712463360.1759346,3699820.91795158,187.2,0.0,187.2,BID
995,1712463377.1564002,3700355.10598576,187.2,1.6250098436053298e-07,187.2,BID
996,1712463387.7142217,3702577.15840491,187.1,-6.759524405423384e-07,187.2,ASK
997,1712463390.1698651,3702577.15840491,187.1,-0.0,187.2,ASK
998,1712463416.5039911,3704088.34557068,187.0,4.596338081780088e-07,187.2,BID
999,1712463420.117942,3704088.34557068,187.0,0.0,187.2,BID
1000,1712463449.1241643,3712247.56956558,186.8,-2.481448340121892e-06,187.2,ASK
1201,1712463450.1172438,3712247.56956558,186.8,-0.0,187.2,ASK
1202,1712463450.4958162,3713918.4039553,186.8,-5.079120588441372e-07,187.2,ASK
1203,1712463454.024033,3716854.10167308,186.8,-8.924141621432581e-07,187.2,ASK
1204,1712463480.1748888,3716854.10167308,186.8,-0.0,187.2,ASK
1205,1712463510.1743517,3716854.10167308,186.8,-0.0,187.2,ASK
1206,1712463540.139533,3716854.10167308,186.8,-0.0,187.2,ASK
1207,1712463546.9061844,3725666.4888334,186.8,-2.678151242811657e-06,187.2,ASK
1208,1712463546.9087286,3727004.51703308,186.8,-4.066369101468734e-07,187.2,ASK
1209,1712463549.4741492,3728053.18582713,186.8,-3.186983938618241e-07,187.2,ASK
1210,1712463553.1501205,3728836.49110843,186.8,-2.380524112763396e-07,187.2,ASK
1211,1712463553.233997,3729439.82331983,186.8,-1.8335723140542865e-07,187.2,ASK
1212,1712463553.236123,3729618.68194624,186.8,-5.4356492048389886e-08,187.2,ASK
1213,1712463558.3442247,3731156.67735796,186.8,-4.674084613399341e-07,187.2,ASK
1214,1712463570.130088,3731156.67735796,186.8,-0.0,187.2,ASK
1215,1712463600.1367073,3731156.67735796,186.8,-0.0,187.2,ASK
1216,1712463630.11595,3731156.67735796,186.8,-0.0,187.2,ASK
1217,1712463651.3341782,3731183.47735796,186.7,-8.140577006832369e-09,187.2,ASK
1218,1712463651.3373926,3731719.09599748,186.7,-1.626957007962933e-07,187.2,ASK
1219,1712463654.0403712,3732255.00167808,186.6,-1.6278289034889772e-07,187.2,ASK
1220,1712463654.0464768,3733274.45435747,186.6,-3.096616806512791e-07,187.2,ASK
1221,1712463654.074205,3733809.49983634,186.6,-1.6252160160187756e-07,187.2,ASK
1222,1712463654.0840232,3735070.32984716,186.6,-3.829807386445713e-07,187.2,ASK
1223,1712463654.770824,3737657.87434861,186.6,-7.859740773436148e-07,187.2,ASK
1224,1712463654.778925,3740709.18313442,186.6,-9.26843811294046e-07,187.2,ASK
1225,1712463654.8445694,3742983.14868439,186.6,-6.90723569796408e-07,187.2,ASK
1226,1712463659.8703322,3744553.66802313,186.6,-4.770497618590138e-07,187.2,ASK
1227,1712463660.1731443,3744553.66802313,186.6,-0.0,187.2,ASK
1228,1712463664.9643564,3745325.60751185,186.6,-2.343009184873195e-07,187.2,ASK
1229,1712463666.4241426,3759293.75264646,186.6,-4.23964479395846e-06,187.2,ASK
1230,1712463671.940057,3765616.47639478,186.6,-1.9190882228723133e-06,187.2,ASK
1231,1712463680.54046,3769942.98487974,186.6,-1.3131921953494252e-06,187.2,ASK
1232,1712463682.5041516,3778498.28729802,186.6,-2.5967258364553875e-06,187.2,ASK
1233,1712463683.0240304,3789638.94652261,186.6,-3.381439513093653e-06,187.2,ASK
1234,1712463683.352424,3797986.49565244,186.6,-2.5336680618321007e-06,187.2,ASK
1235,1712463683.364007,3804614.13233354,186.6,-2.0116361249462032e-06,187.2,ASK
1236,1712463690.2148478,3804614.13233354,186.6,-0.0,187.2,ASK
1237,1712463720.1213264,3804614.13233354,186.6,-0.0,187.2,ASK
1238,1712463727.174478,3813719.64920552,186.7,2.754358846757594e-06,187.2,BID
1239,1712463750.1197488,3813719.64920552,186.7,0.0,187.2,BID
1240,1712463780.163594,3813719.64920552,186.7,0.0,187.2,BID
1241,1712463810.126127,3813719.64920552,186.7,0.0,187.2,BID
1242,1712463833.4442956,3813774.0857869,186.7,1.6458243653102248e-08,187.2,BID
1243,1712463833.4466352,3822825.1660775,186.7,2.736484932918158e-06,187.2,BID
1244,1712463840.1693697,3822825.1660775,186.7,0.0,187.2,BID
1245,1712463870.1742246,3822825.1660775,186.7,0.0,187.2,BID
1246,1712463900.1167848,3822825.1660775,186.7,0.0,187.2,BID
1247,1712463928.6140523,3823605.9678986,186.7,2.360553672210878e-07,187.2,BID
1248,1712463930.117929,3823605.9678986,186.7,0.0,187.2,BID
1249,1712463930.9063654,3823863.584136,186.7,7.788021740161327e-08,187.2,BID
1250,1712463960.1665666,3823863.584136,186.7,0.0,187.2,BID
1251,1712463971.7941024,3826863.584136,186.7,9.069197556092592e-07,187.2,BID
1252,1712463990.174409,3826863.584136,186.7,0.0,187.2,BID
1253,1712464016.8443,3827131.25008889,186.8,8.09034814606766e-08,187.2,BID
1254,1712464018.4742086,3828110.1312452,186.8,2.958721220484186e-07,187.2,BID
1255,1712464020.1339753,3828110.1312452,186.8,0.0,187.2,BID
1256,1712464032.2698414,3830001.2862286,186.6,-5.715715905413691e-07,187.2,ASK
1257,1712464032.271253,3833216.7203122,186.6,-9.71813938876731e-07,187.2,ASK
1258,1712464032.2939973,3834453.71287951,186.6,-3.7386137857099323e-07,187.2,ASK
1259,1712464050.1241488,3834453.71287951,186.6,-0.0,187.2,ASK
1260,1712464053.345769,3836833.2618185,186.6,-7.189237143372759e-07,187.2,ASK
1261,1712464053.3866465,3837766.51214561,186.6,-2.8195923209609984e-07,187.2,ASK
1262,1712464053.4538434,3838620.68177302,186.6,-2.58066892909691e-07,187.2,ASK
1263,1712464067.6443155,3838678.696209,186.6,-1.752767220565565e-08,187.2,ASK
1264,1712464080.1745248,3838678.696209,186.6,-0.0,187.2,ASK
1265,1712464085.114121,3839457.23944756,186.6,-2.3516217756081655e-07,187.2,ASK
1266,1712464089.1242034,3840763.38701426,186.6,-3.945272282743688e-07,187.2,ASK
1267,1712464091.1141777,3841803.19899373,186.6,-3.140794720639562e-07,187.2,ASK
1268,1712464093.064356,3846144.45064498,186.6,-1.3112928622121284e-06,187.2,ASK
1269,1712464093.0676007,3853950.26533973,186.6,-2.3577783356622184e-06,187.2,ASK
1270,1712464093.1077852,3853981.83396092,186.5,-9.535431475102516e-09,187.2,ASK
1271,1712464093.111396,3854621.15324258,186.6,-1.931090105025189e-07,187.2,ASK
1272,1712464093.1149335,3854671.15324171,186.5,-1.5102704758080083e-08,187.2,ASK
1273,1712464093.1184332,3854771.15324171,186.5,-3.020541004192818e-08,187.2,ASK
1274,1712464098.1322143,3855038.96256147,186.7,8.089290316406238e-08,187.2,BID
1275,1712464098.181241,3855831.16500118,186.5,-2.392879952765741e-07,187.2,ASK
1276,1712464110.1665554,3855831.16500118,186.5,-0.0,187.2,ASK
1277,1712464137.8383667,3855912.72408214,186.5,-2.4611461740615363e-08,187.2,ASK
1278,1712464140.1141346,3855912.72408214,186.5,-0.0,187.2,ASK
1279,1712464170.1127803,3855912.72408214,186.5,-0.0,187.2,ASK
1280,1712464186.7943463,3856615.97302875,186.5,-2.122130962735165e-07,187.2,ASK
1281,1712464186.8042114,3857402.69752596,186.5,-2.3740276081722898e-07,187.2,ASK
1282,1712464186.8060958,3858402.69752596,186.5,-3.017609870535517e-07,187.2,ASK
1283,1712464200.1560097,3858402.69752596,186.5,-0.0,187.2,ASK
1284,1712464223.3549454,3859956.88600249,186.5,-4.6971358768946854e-07,187.2,ASK
1285,1712464223.6741734,3860734.18507531,186.5,-2.3491869983316125e-07,187.2,ASK
1286,1712464230.110983,3860734.18507531,186.5,-0.0,187.2,ASK
1287,1712464260.1759057,3860734.18507531,186.5,-0.0,187.2,ASK
1288,1712464279.8742585,3861270.09075591,186.6,-1.6194245951915997e-07,187.2,ASK
1289,1712464290.1771514,3861270.09075591,186.6,-0.0,187.2,ASK
1290,1712464320.1243143,3861270.09075591,186.6,-0.0,187.2,ASK
1291,1712464331.914325,3864872.00979076,186.5,-1.0884116787732086e-06,187.2,ASK
1292,1712464331.9179187,3866286.67725079,186.5,-4.274778444988584e-07,187.2,ASK
1293,1712464341.744274,3869302.31517046,186.5,-9.11251890718016e-07,187.2,ASK
1294,1712464341.7476478,3870801.60509619,186.4,-4.5304868022926453e-07,187.2,ASK
1295,1712464350.1335433,3870801.60509619,186.4,-0.0,187.2,ASK
1296,1712464368.3042748,3870829.60509619,186.4,-8.456371945959464e-09,187.2,ASK
1297,1712464368.314112,3880001.09199447,186.4,-2.7699108753339856e-06,187.2,ASK
1298,1712464368.316811,3883246.80611463,186.4,-9.8024877965444e-07,187.2,ASK
1299,1712464372.184353,3886609.92611463,186.4,1.0157069149605764e-06,187.2,BID
1300,1712464373.6240911,3887071.13327928,186.4,1.392906903007326e-07,187.2,BID
1301,1712464380.1675806,3887071.13327928,186.4,0.0,187.2,BID
1302,1712464410.1741755,3887071.13327928,186.4,0.0,187.2,BID
1303,1712464440.1773288,3887071.13327928,186.4,0.0,187.2,BID
1304,1712464442.156361,3887124.01535225,186.4,1.5956474015118386e-08,187.2,BID
1305,1712464458.514311,3887152.49635225,186.3,-8.593769322968642e-09,187.2,ASK
1306,1712464458.5176935,3887528.14802352,186.3,-1.1334797965888745e-07,187.2,ASK
1307,1712464458.5202434,3890630.99128707,186.3,-9.362423809605544e-07,187.2,ASK
1308,1712464470.1101568,3890630.99128707,186.3,-0.0,187.2,ASK
1309,1712464474.8036416,3892660.58549015,186.3,6.122809851362175e-07,187.2,BID
1310,1712464500.1740372,3892660.58549015,186.3,0.0,187.2,BID
1311,1712464530.199136,3892660.58549015,186.3,0.0,187.2,BID
1312,1712464549.7443287,3893197.35414286,186.3,1.627255729194036e-07,187.2,BID
1313,1712464554.9444668,3898565.04066996,186.3,1.6272557291936126e-06,187.2,BID
1314,1712464560.120081,3898565.04066996,186.3,0.0,187.2,BID
1315,1712464590.11722,3898565.04066996,186.3,0.0,187.2,BID
1316,1712464593.0240753,3909340.61876979,186.3,3.2656109344894103e-06,187.2,BID
1317,1712464596.4840348,3909885.48417197,186.2,-1.6512510036109214e-07,187.2,ASK
1318,1712464619.025154,3910956.51396672,186.2,-3.245827348191726e-07,187.2,ASK
1319,1712464620.168593,3910956.51396672,186.2,-0.0,187.2,ASK
1320,1712464650.1807532,3910956.51396672,186.2,-0.0,187.2,ASK
1321,1712464672.4843707,3911690.21743729,186.2,-2.221982960319185e-07,187.2,ASK
1322,1712464672.487348,3912054.42125039,186.2,-1.102972384963948e-07,187.2,ASK
1323,1712464672.489287,3924355.98476385,186.2,-3.725464797236967e-06,187.2,ASK
1324,1712464680.121829,3924355.98476385,186.2,-0.0,187.2,ASK
1325,1712464697.384159,3940142.18658983,186.3,4.777159877579754e-06,187.2,BID
1326,1712464701.4348328,3944574.66168241,186.3,-1.341338619895068e-06,187.2,ASK
1327,1712464703.1039443,3946445.94005601,186.3,-5.662790875657344e-07,187.2,ASK
1328,1712464707.0743303,3947227.77732694,186.3,-2.365965976271871e-07,187.2,ASK
1329,1712464707.6443465,3948017.91843711,186.3,-2.3910947362379045e-07,187.2,ASK
1330,1712464707.7039385,3948972.3109743,186.3,-2.8881461078387584e-07,187.2,ASK
1331,1712464708.8665843,3949541.78062793,186.3,-1.723307234260801e-07,187.2,ASK
1332,1712464710.124024,3949541.78062793,186.3,-0.0,187.2,ASK
1333,1712464710.5237885,3950209.99442168,186.3,-2.019255805110265e-07,187.2,ASK
1334,1712464716.355226,3954280.43650722,186.3,-1.23003504080128e-06,187.2,ASK
1335,1712464726.0541403,3955260.71267475,186.3,-2.962268005256413e-07,187.2,ASK
1336,1712464728.32452,3959226.09562073,186.3,-1.1982875253473015e-06,187.2,ASK
1337,1712464728.3276844,3967505.40562073,186.3,-2.5019005797513227e-06,187.2,ASK
1338,1712464728.65035,3970170.93185173,186.3,-8.054876097986081e-07,187.2,ASK
1339,1712464728.9041996,3971170.93185173,186.3,-3.021870880244013e-07,187.2,ASK
1340,1712464728.9841306,3972908.37958569,186.3,-5.25034271319861e-07,187.2,ASK
1341,1712464729.1524692,3978006.02501479,186.3,-1.5404426280006011e-06,187.2,ASK
1342,1712464729.155375,3978033.13183175,186.3,-8.191330082762835e-09,187.2,ASK
1343,1712464729.4043243,3980483.13183175,186.2,-7.403583656597832e-07,187.2,ASK
1344,1712464740.197592,3980483.13183175,186.2,-0.0,187.2,ASK
1345,1712464767.3342426,3980564.90129184,186.2,-2.4666709442606083e-08,187.2,ASK
1346,1712464770.174092,3980564.90129184,186.2,-0.0,187.2,ASK
1347,1712464788.5743215,3982048.41156152,186.2,-4.475160856739558e-07,187.2,ASK
1348,1712464788.5767624,3996676.60913287,186.2,-4.412745803915296e-06,187.2,ASK
1349,1712464800.1453617,3996676.60913287,186.2,-0.0,187.2,ASK
1350,1712464815.794404,4000436.00762911,186.2,-1.1347505645029162e-06,187.2,ASK
1351,1712464824.4442458,4000779.25442413,186.2,-1.0360686551383365e-07,187.2,ASK
1352,1712464830.1241744,4000779.25442413,186.2,-0.0,187.2,ASK
1353,1712464860.1744847,4000779.25442413,186.2,-0.0,187.2,ASK
1354,1712464874.8442044,4001680.25442413,186.2,-2.7189843386580015e-07,187.2,ASK
1355,1712464881.4240804,4006758.42510439,186.2,-1.5324602162773252e-06,187.2,ASK
1356,1712464890.17724,4006758.42510439,186.2,-0.0,187.2,ASK
1357,1712464903.9741635,4007758.42510439,186.2,-3.0167271298550665e-07,187.2,ASK
1358,1712464909.7541032,4013666.05131277,186.2,-1.7821696255863762e-06,187.2,ASK
1359,1712464920.1442692,4013666.05131277,186.2,-0.0,187.2,ASK
1360,1712464928.8140144,4015212.49582916,186.3,-4.663391678071852e-07,187.2,ASK
1361,1712464930.8140745,4016444.94979749,186.3,-3.716535264346989e-07,187.2,ASK
1362,1712464931.084057,4017812.12898056,186.3,-4.122806836708859e-07,187.2,ASK
1363,1712464935.9113128,4018758.66592814,186.3,-2.854336174074577e-07,187.2,ASK
1364,1712464936.5442123,4019515.8954862,186.3,-2.2834689392498325e-07,187.2,ASK
1365,1712464938.8777523,4021004.06190934,186.3,-4.48765076257464e-07,187.2,ASK
1366,1712464939.0185704,4022189.9508968,186.3,-3.576115907572247e-07,187.2,ASK
1367,1712464939.753934,4023189.9508968,186.3,-3.015557059207741e-07,187.2,ASK
1368,1712464939.8969338,4024556.45733358,186.3,-4.1207781318850324e-07,187.2,ASK
1369,1712464940.1740675,4032901.26768442,186.3,-2.516425176122533e-06,187.2,ASK
1370,1712464940.2743998,4034790.29439011,186.3,-5.696467817374604e-07,187.2,ASK
1371,1712464944.4339132,4035970.6154276,186.3,-3.55932543673554e-07,187.2,ASK
1372,1712464950.1145637,4035970.6154276,186.3,-0.0,187.2,ASK
1373,1712464952.4039,4036757.3550456,186.3,-2.369489081247609e-07,187.2,ASK
1374,1712464956.0940733,4037539.40561557,186.3,-2.355366685663217e-07,187.2,ASK
1375,1712464956.922367,4038319.37794398,186.3,-2.3491074728661378e-07,187.2,ASK
1376,1712464956.93386,4039110.10690025,186.3,-2.38150410280852e-07,187.2,ASK
1377,1712464957.1542964,4043733.52466252,186.3,-1.392473145511448e-06,187.2,ASK
1378,1712464959.124543,4045956.23799058,186.3,-6.694330425323305e-07,187.2,ASK
1379,1712464959.467995,4047819.59888481,186.3,-5.612038840154391e-07,187.2,ASK
1380,1712464959.6640246,4048600.49480389,186.3,-2.3518891276318825e-07,187.2,ASK
1381,1712464959.7640786,4050251.71904107,186.3,-4.97312924273103e-07,187.2,ASK
1382,1712464960.0154915,4053250.60332084,186.3,-9.03198897610743e-07,187.2,ASK
1383,1712464960.0744128,4055148.61082254,186.3,-5.716386906812861e-07,187.2,ASK
1384,1712464960.0782075,4057534.55340994,186.3,-7.185941549128002e-07,187.2,ASK
1385,1712464960.338644,4064404.69701943,186.3,-2.0691382379699166e-06,187.2,ASK
1386,1712464960.3424926,4073637.61299094,186.3,-2.780754023573247e-06,187.2,ASK
1387,1712464960.4140425,4076385.4835753,186.3,-8.275990171789116e-07,187.2,ASK
1388,1712464960.4339862,4079746.51185068,186.3,-1.0122688139854037e-06,187.2,ASK
1389,1712464960.5143912,4089993.25442267,186.3,-3.0860966051790173e-06,187.2,ASK
1390,1712464960.8339586,4097015.14291774,186.3,-2.1148405060763e-06,187.2,ASK
1391,1712464961.0341506,4097733.30452815,186.3,-2.1629469973349682e-07,187.2,ASK
1392,1712464961.194094,4100077.94308918,186.3,-7.061542780773143e-07,187.2,ASK
1393,1712464961.762664,4101340.85870495,186.3,-3.803627901328791e-07,187.2,ASK
1394,1712464961.7740664,4102591.57338724,186.3,-3.7668813361363617e-07,187.2,ASK
1395,1712464962.214056,4109835.65729973,186.3,-2.1817609462619115e-06,187.2,ASK
1396,1712464962.277507,4113517.69959954,186.3,-1.1089512751721203e-06,187.2,ASK
1397,1712464962.394026,4120148.69166932,186.3,-1.997110981538389e-06,187.2,ASK
1398,1712464962.593908,4125100.76702329,186.3,-1.4914576833668745e-06,187.2,ASK
1399,1712464962.6040504,4130091.01640675,186.3,-1.502954873033478e-06,187.2,ASK
1400,1712464962.9456384,4132559.85994603,186.3,-7.435621234516434e-07,187.2,ASK
1401,1712464963.32522,4136820.36355378,186.3,-1.2831712739784898e-06,187.2,ASK
1402,1712464963.4841444,4137574.22761293,186.3,-2.2704750288819854e-07,187.2,ASK
1403,1712464980.175902,4137574.22761293,186.3,-0.0,187.2,ASK
1404,1712464989.9041865,4139664.4702031,186.3,-6.25967134941369e-07,187.2,ASK
1405,1712464989.9641347,4140152.59183877,186.3,-1.4617829682563474e-07,187.2,ASK
1406,1712464989.9681797,4140314.20082499,186.3,-4.83972121516292e-08,187.2,ASK
1407,1712464990.003871,4141720.34624961,186.3,-4.210998411858557e-07,187.2,ASK
1408,1712464990.0240211,4142496.14783866,186.3,-2.323301133869993e-07,187.2,ASK
1409,1712464993.3951645,4143330.44940124,186.3,-2.498491616529292e-07,187.2,ASK
1410,1712464995.384206,4143981.40307416,186.3,-1.949417773486266e-07,187.2,ASK
1411,1712464995.8839254,4145788.96490454,186.3,-5.413124321136251e-07,187.2,ASK
1412,1712464996.9101026,4147106.23287669,186.3,-3.944836175257884e-07,187.2,ASK
1413,1712464996.9141967,4147143.34716147,186.3,-1.1114653685804521e-08,187.2,ASK
1414,1712465000.8640726,4147920.74502909,186.3,-2.328081526001555e-07,187.2,ASK
1415,1712465001.870589,4148570.70491372,186.3,-1.946441665297939e-07,187.2,ASK
1416,1712465008.2760465,4149227.72355735,186.3,-1.9675806047126602e-07,187.2,ASK
1417,1712465010.1691017,4149227.72355735,186.3,-0.0,187.2,ASK
1418,1712465040.1244743,4149227.72355735,186.3,-0.0,187.2,ASK
1419,1712465060.244399,4149442.10687518,186.3,-6.415988190049305e-08,187.2,ASK
1420,1712465070.128713,4149442.10687518,186.3,-0.0,187.2,ASK
1421,1712465084.134203,4151191.08321441,186.3,-5.234212028720439e-07,187.2,ASK
1422,1712465084.1385825,4152413.78706232,186.3,-3.659221136810093e-07,187.2,ASK
1423,1712465084.6339064,4154633.8372453,186.3,-6.644008333029154e-07,187.2,ASK
1424,1712465085.3442526,4156290.97983741,186.3,-4.959378520092141e-07,187.2,ASK
1425,1712465085.4441285,4157530.36782321,186.3,-3.709152238377598e-07,187.2,ASK
1426,1712465087.9140067,4158448.18588717,186.3,-2.746780641223659e-07,187.2,ASK
1427,1712465088.3593676,4159141.94961665,186.3,-2.0762467601664213e-07,187.2,ASK
1428,1712465100.1402345,4159141.94961665,186.3,-0.0,187.2,ASK
1429,1712465110.72426,4159195.74197813,186.3,-1.6108033877032143e-08,187.2,ASK
1430,1712465130.126558,4159195.74197813,186.3,-0.0,187.2,ASK
1431,1712465140.6340446,4159828.49917728,186.3,-1.8947753050237322e-07,187.2,ASK
1432,1712465140.7340636,4160459.12006049,186.3,-1.888378161392369e-07,187.2,ASK
1433,1712465140.7380702,4161089.9211858,186.3,-1.888917891766174e-07,187.2,ASK
1434,1712465160.1721072,4161089.9211858,186.3,-0.0,187.2,ASK
1435,1712465190.174197,4161089.9211858,186.3,-0.0,187.2,ASK
1436,1712465220.1167445,4161089.9211858,186.3,-0.0,187.2,ASK
1437,1712465250.1361368,4161089.9211858,186.3,-0.0,187.2,ASK
1438,1712465264.1044445,4161589.9211858,186.3,-1.4970790585324605e-07,187.2,ASK
1439,1712465264.108446,4163073.44912326,186.3,-4.441917215839113e-07,187.2,ASK
1440,1712465264.1240504,4165051.66411419,186.3,-5.923088472391671e-07,187.2,ASK
1441,1712465264.24444,4166049.51387008,186.3,-2.9877199462098977e-07,187.2,ASK
1442,1712465264.284078,4167035.94045524,186.3,-2.953517166846032e-07,187.2,ASK
1443,1712465264.344303,4168034.56268785,186.3,-2.990032863650408e-07,187.2,ASK
1444,1712465267.994125,4168991.98901151,186.3,-2.866685798477371e-07,187.2,ASK
1445,1712465268.0039723,4173830.85277589,186.3,-1.448832321749001e-06,187.2,ASK
1446,1712465268.033955,4175040.41819713,186.3,-3.621630124126613e-07,187.2,ASK
1447,1712465276.914638,4175825.11987014,186.3,-2.3495208837184053e-07,187.2,ASK
1448,1712465280.1744118,4175825.11987014,186.3,-0.0,187.2,ASK
1449,1712465281.3141837,4183582.12704774,186.4,2.320663139410344e-06,187.2,BID
1450,1712465281.3189464,4191907.03247452,186.5,2.490561207522833e-06,187.2,BID
1451,1712465282.1540873,4192645.86391608,186.4,-2.210361358974343e-07,187.2,ASK
1452,1712465282.474561,4193437.72204466,186.4,-2.3690012508229054e-07,187.2,ASK
1453,1712465282.5540726,4194067.12643032,186.4,-1.8829885342932805e-07,187.2,ASK
1454,1712465284.0842662,4194846.90033238,186.4,-2.3328488812160178e-07,187.2,ASK
1455,1712465284.1172695,4195628.1204365,186.4,-2.3371754826169737e-07,187.2,ASK
1456,1712465284.1200912,4196402.59536327,186.4,-2.3169959416077175e-07,187.2,ASK
1457,1712465284.1239123,4197178.83316315,186.4,-2.3222699275058965e-07,187.2,ASK
1458,1712465286.224027,4198599.03075197,186.4,-4.2488038486950107e-07,187.2,ASK
1459,1712465286.233956,4200117.5411589,186.4,-4.54292621818082e-07,187.2,ASK
1460,1712465286.2467763,4202012.79745569,186.4,-5.670036557910411e-07,187.2,ASK
1461,1712465286.3240736,4203375.90583972,186.4,-4.078010126088761e-07,187.2,ASK
1462,1712465286.5257924,4204423.44907117,186.4,-3.1339341430351734e-07,187.2,ASK
1463,1712465286.6640525,4205265.23290976,186.4,-2.518363952543163e-07,187.2,ASK
1464,1712465289.7041972,4206208.96722633,186.4,-2.823369105786659e-07,187.2,ASK
1465,1712465290.4241903,4206916.99778006,186.4,-2.1182143705665809e-07,187.2,ASK
1466,1712465310.1844149,4206916.99778006,186.4,-0.0,187.2,ASK
1467,1712465331.8642278,4218171.79205487,186.3,-3.3612670306632085e-06,187.2,ASK
1468,1712465331.8689482,4220286.73532508,186.4,-6.316320771665683e-07,187.2,ASK
1469,1712465340.129627,4220286.73532508,186.4,-0.0,187.2,ASK
1470,1712465370.1239915,4220286.73532508,186.4,-0.0,187.2,ASK
1471,1712465395.6563108,4220329.07292508,186.3,-1.2634810164296325e-08,187.2,ASK
1472,1712465400.1401918,4220329.07292508,186.3,-0.0,187.2,ASK
1473,1712465419.1742942,4220972.52802156,186.4,-1.925156743876989e-07,187.2,ASK
1474,1712465425.9843645,4224730.38724968,186.3,-1.1243159118836671e-06,187.2,ASK
1475,1712465425.988919,4225803.44589596,186.3,-3.210489901719323e-07,187.2,ASK
1476,1712465430.1192763,4225803.44589596,186.3,-0.0,187.2,ASK
1477,1712465441.914363,4226886.78504257,186.3,-3.240259399728891e-07,187.2,ASK
1478,1712465458.6241794,4227286.78504257,186.3,-1.1963970506806886e-07,187.2,ASK
1479,1712465460.1744244,4227286.78504257,186.3,-0.0,187.2,ASK
1480,1712465473.8245711,4232671.8708777,186.3,-1.6105420834925248e-06,187.2,ASK
1481,1712465490.179521,4232671.8708777,186.3,-0.0,187.2,ASK
1482,1712465520.169151,4232671.8708777,186.3,-0.0,187.2,ASK
1483,1712465521.3140318,4233924.44297739,186.3,-3.745000614094774e-07,187.2,ASK
1484,1712465533.8444111,4237394.33200828,186.3,-1.0374441962051525e-06,187.2,ASK
1485,1712465550.1305485,4237394.33200828,186.3,-0.0,187.2,ASK
1486,1712465570.3638716,4238450.19401296,186.3,-3.156037082441483e-07,187.2,ASK
1487,1712465570.367262,4238962.53562669,186.3,-1.531420890836357e-07,187.2,ASK
1488,1712465573.1680088,4239499.3042794,186.3,-1.60443482683881e-07,187.2,ASK
1489,1712465573.1725955,4244503.28043271,186.3,-1.4957195381112718e-06,187.2,ASK
1490,1712465579.0546818,4246088.43322038,186.3,4.73812009243971e-07,187.2,BID
1491,1712465580.1766474,4246088.43322038,186.3,0.0,187.2,BID
1492,1712465605.614186,4254006.09721337,186.5,2.365493688153746e-06,187.2,BID
1493,1712465605.6942332,4258413.01733239,186.5,-1.3166183529598733e-06,187.2,ASK
1494,1712465605.7141445,4259329.01733239,186.5,-2.7366559382505746e-07,187.2,ASK
1495,1712465605.7342403,4263714.46342648,186.5,-1.3102027396582435e-06,187.2,ASK
1496,1712465605.7378535,4264831.95487966,186.5,-3.3386349577396897e-07,187.2,ASK
1497,1712465605.776175,4269214.63635227,186.5,-1.309376777017276e-06,187.2,ASK
1498,1712465605.8747528,4269943.90101496,186.5,-2.178762521515449e-07,187.2,ASK
1499,1712465605.8785715,4271048.14978161,186.5,-3.299070900171689e-07,187.2,ASK
1500,1712465605.9144173,4271442.46397979,186.5,-1.1780592707271721e-07,187.2,ASK
1501,1712465605.919409,4272156.42890295,186.3,-2.133052780206159e-07,187.2,ASK
1502,1712465610.1743357,4272156.42890295,186.3,-0.0,187.2,ASK
1503,1712465628.0551596,4273319.26237664,186.3,-3.469060882316317e-07,187.2,ASK
1504,1712465640.117328,4273319.26237664,186.3,-0.0,187.2,ASK
1505,1712465670.1295624,4273319.26237664,186.3,-0.0,187.2,ASK
1506,1712465700.1789076,4273319.26237664,186.3,-0.0,187.2,ASK
1507,1712465730.1748576,4273319.26237664,186.3,-0.0,187.2,ASK
1508,1712465760.1194575,4273319.26237664,186.3,-0.0,187.2,ASK
1509,1712465790.1195185,4273319.26237664,186.3,-0.0,187.2,ASK
1510,1712465820.291634,4273319.26237664,186.3,-0.0,187.2,ASK
1511,1712465850.1844585,4273319.26237664,186.3,-0.0,187.2,ASK
1512,1712465880.1308012,4273319.26237664,186.3,-0.0,187.2,ASK
1513,1712465910.1228008,4273319.26237664,186.3,-0.0,187.2,ASK
1514,1712465918.3843682,4273557.35557428,186.7,7.11232839307583e-08,187.2,BID
1515,1712465918.3868036,4275997.35557428,186.7,7.288776601397206e-07,187.2,BID
1516,1712465930.6374185,4276047.35557428,186.3,-1.4936017625813952e-08,187.2,ASK
1517,1712465940.1777384,4276047.35557428,186.3,-0.0,187.2,ASK
1518,1712465970.1746693,4276047.35557428,186.3,-0.0,187.2,ASK
1519,1712465984.5043116,4276669.68548816,186.3,-1.8587433182240626e-07,187.2,ASK
1520,1712466000.1784675,4276669.68548816,186.3,-0.0,187.2,ASK
1521,1712466006.8445733,4277045.83439014,186.7,1.1249746543196109e-07,187.2,BID
1522,1712466030.1159234,4277045.83439014,186.7,0.0,187.2,BID
1523,1712466050.3246686,4277200.46588451,186.7,4.62457440205915e-08,187.2,BID
1524,1712466060.174661,4277200.46588451,186.7,0.0,187.2,BID
1525,1712466060.712015,4278806.53483717,186.6,4.803239643105795e-07,187.2,BID
1526,1712466088.584516,4278838.689178,186.6,9.616337101835662e-09,187.2,BID
1527,1712466090.1779008,4278838.689178,186.6,0.0,187.2,BID
1528,1712466106.7143948,4279838.689178,186.6,2.990407447569257e-07,187.2,BID
1529,1712466116.6346698,4282520.53153656,186.6,8.019801362242642e-07,187.2,BID
1530,1712466120.1280189,4282520.53153656,186.6,0.0,187.2,BID
1531,1712466150.1109822,4282520.53153656,186.6,0.0,187.2,BID
1532,1712466180.1821318,4282520.53153656,186.6,0.0,187.2,BID
1533,1712466210.1854694,4282520.53153656,186.6,0.0,187.2,BID
1534,1712466240.1324744,4282520.53153656,186.6,0.0,187.2,BID
1535,1712466270.123325,4282520.53153656,186.6,0.0,187.2,BID
1536,1712466300.1695676,4282520.53153656,186.6,0.0,187.2,BID
1537,1712466302.8248005,4284468.77499253,186.6,5.828380285311534e-07,187.2,BID
1538,1712466330.1665957,4284468.77499253,186.6,0.0,187.2,BID
1539,1712466360.1165817,4284468.77499253,186.6,0.0,187.2,BID
1540,1712466390.1239274,4284468.77499253,186.6,0.0,187.2,BID
1541,1712466420.1738274,4284468.77499253,186.6,0.0,187.2,BID
1542,1712466448.0066106,4284899.64744483,186.6,1.2888612081944656e-07,187.2,BID
1543,1712466450.1673932,4284899.64744483,186.6,0.0,187.2,BID
1544,1712466480.1234672,4284899.64744483,186.6,0.0,187.2,BID
1545,1712466510.122298,4284899.64744483,186.6,0.0,187.2,BID
1546,1712466533.6545432,4285802.44336821,186.6,2.7004526624562933e-07,187.2,BID
1547,1712466533.664501,4287059.52172641,186.6,3.760186008157606e-07,187.2,BID
1548,1712466537.5165997,4287850.10219104,186.6,-2.364792601858055e-07,187.2,ASK
1549,1712466540.1691637,4287850.10219104,186.6,-0.0,187.2,ASK
1550,1712466558.0848153,4289420.32605788,186.6,-4.696096782375005e-07,187.2,ASK
1551,1712466560.074361,4290137.32605788,186.6,-2.144344805902892e-07,187.2,ASK
1552,1712466570.176956,4290137.32605788,186.6,-0.0,187.2,ASK
1553,1712466584.3042772,4290175.47809863,186.6,-1.1408743258086842e-08,187.2,ASK
1554,1712466584.3070965,4291592.32605788,186.6,-4.236851891840059e-07,187.2,ASK
1555,1712466592.1644518,4295345.32605788,186.6,-1.1222732154331093e-06,187.2,ASK
1556,1712466600.1372144,4295345.32605788,186.6,-0.0,187.2,ASK
1557,1712466617.7549396,4295534.53490463,186.6,-5.660060567232501e-08,187.2,ASK
1558,1712466617.7603056,4296417.79859005,186.5,-2.6422263240828093e-07,187.2,ASK
1559,1712466630.3354793,4296417.79859005,186.5,-0.0,187.2,ASK
1560,1712466660.180277,4296417.79859005,186.5,-0.0,187.2,ASK
1561,1712466690.1682074,4296417.79859005,186.5,-0.0,187.2,ASK
1562,1712466701.7346158,4296953.99161954,186.5,-1.6038908753827125e-07,187.2,ASK
1563,1712466701.7405767,4296958.63147268,186.5,-1.387899078152198e-09,187.2,ASK
1564,1712466720.122827,4296958.63147268,186.5,-0.0,187.2,ASK
1565,1712466724.3048017,4324562.39650408,186.5,-8.256744991786204e-06,187.2,ASK
1566,1712466739.2044828,4324669.52023199,186.7,3.20424877880986e-08,187.2,BID
1567,1712466750.1187875,4324669.52023199,186.7,0.0,187.2,BID
1568,1712466770.1544764,4325633.63378313,186.7,-2.879372778385484e-07,187.2,ASK
1569,1712466780.177239,4325633.63378313,186.7,-0.0,187.2,ASK
1570,1712466808.6648252,4326169.25242265,186.7,1.599565554273487e-07,187.2,BID
1571,1712466810.1780827,4326169.25242265,186.7,0.0,187.2,BID
1572,1712466838.069722,4326269.25242265,186.5,-2.9862997073521226e-08,187.2,ASK
