,time,acc_trade_volume,trade_price,dev,high,ask_bid
0,1712451675.09945,13063582.46239666,12.93,0.0,12.97,BID
1,1712451678.9160793,13103456.08499666,12.92,-2.2646922089435297e-05,12.97,ASK
2,1712451678.9342968,13130629.22039666,12.92,-1.5433458015663752e-05,12.97,ASK
3,1712451690.5341582,13130629.22039666,12.92,-0.0,12.97,ASK
4,1712451710.9942796,13138313.09636565,12.9,4.362033389573056e-06,12.97,BID
5,1712451720.3644364,13138313.09636565,12.9,0.0,12.97,BID
6,1712451728.7650745,13180656.57316565,12.87,-2.4036471651138936e-05,12.97,ASK
7,1712451728.7663774,13239936.71536565,12.87,-3.3650648580321324e-05,12.97,ASK
8,1712451728.9246328,13283325.55266565,12.87,2.462987540355541e-05,12.97,BID
9,1712451728.925964,13312894.24176565,12.87,1.6784803965683456e-05,12.97,BID
10,1712451732.6746128,13313282.74215415,12.87,2.205340534205025e-07,12.97,BID
11,1712451738.0971124,13313671.32024272,12.87,2.2057816022740442e-07,12.97,BID
12,1712451750.364263,13313671.32024272,12.87,0.0,12.97,BID
13,1712451780.5463526,13313671.32024272,12.87,0.0,12.97,BID
14,1712451810.544209,13313671.32024272,12.87,0.0,12.97,BID
15,1712451823.146106,13469192.31557709,12.86,-8.816926155531628e-05,12.97,ASK
16,1712451823.148361,13515828.26027755,12.86,-2.643923926370013e-05,12.97,ASK
17,1712451823.1491573,14527501.41202852,12.85,-0.0005735461924831,12.97,ASK
18,1712451823.150042,14529285.35448575,12.86,-1.0113675569850978e-06,12.97,ASK
19,1712451823.150834,14760052.17807644,12.85,-0.0001308282549485,12.97,ASK
20,1712451838.51167,14760447.28297154,12.87,2.2399616696742373e-07,12.97,BID
21,1712451840.3560011,14760447.28297154,12.87,0.0,12.97,BID
22,1712451856.100623,14761993.51840083,12.87,8.674608283355751e-07,12.97,BID
23,1712451870.3555,14761993.51840083,12.87,0.0,12.97,BID
24,1712451888.534344,14762460.80812045,12.84,-2.6215348203036325e-07,12.97,ASK
25,1712451888.5443468,14934847.57412216,12.84,-9.671043266259371e-05,12.97,ASK
26,1712451888.5458152,15133351.87562184,12.84,-0.0001113625908106,12.97,ASK
27,1712451888.7245271,15190303.71112184,12.84,3.195046104687185e-05,12.97,BID
28,1712451888.726073,15273874.33932184,12.84,4.688382872166978e-05,12.97,BID
29,1712451891.6144488,15277959.78565828,12.84,2.2919699231024013e-06,12.97,BID
30,1712451893.9252975,15324683.42306015,12.83,-2.6212355469678496e-05,12.97,ASK
31,1712451893.9290762,15384647.69911587,12.83,-3.364046565842713e-05,12.97,ASK
32,1712451893.932789,15414647.69911587,12.83,-1.6830253546545565e-05,12.97,ASK
33,1712451893.9339547,15415427.26253228,12.82,-4.373416651265193e-07,12.97,ASK
34,1712451893.935149,15423683.47453539,12.83,-4.631804711545792e-06,12.97,ASK
35,1712451893.9363074,15747560.61556705,12.82,-0.0001816978133831,12.97,ASK
36,1712451893.9373302,15869666.35470765,12.83,-6.850235164082167e-05,12.97,ASK
37,1712451893.9380033,15879892.613678,12.82,-5.737017710120898e-06,12.97,ASK
38,1712451893.938949,16152619.30758415,12.83,-0.000153001980245,12.97,ASK
39,1712451893.939642,16513562.24279101,12.81,-0.0002024920371788,12.97,ASK
40,1712451893.9403389,16991529.03579855,12.82,-0.0002681434104382,12.97,ASK
41,1712451893.9410472,16995429.19180479,12.82,-2.1880204818696963e-06,12.97,ASK
42,1712451893.9417517,17073493.20429503,12.81,-4.37945707690495e-05,12.97,ASK
43,1712451893.942454,17081293.51630751,12.82,-4.376040963739393e-06,12.97,ASK
44,1712451893.9431767,17297102.40752873,12.81,-0.000121070611895,12.97,ASK
45,1712451896.994364,17297568.97051473,12.86,2.617457783278829e-07,12.97,BID
46,1712451897.65969,17298057.77983717,12.82,-2.7422616108552575e-07,12.97,ASK
47,1712451900.5456595,17298057.77983717,12.82,-0.0,12.97,ASK
48,1712451901.0395682,17298446.660086,12.86,2.1922501927161577e-07,12.97,BID
49,1712451906.864415,17299613.067551,12.86,6.575435491070206e-07,12.97,BID
50,1712451930.5342023,17299613.067551,12.86,0.0,12.97,BID
51,1712451949.504445,17302946.067551,12.86,1.8789042461344869e-06,12.97,BID
52,1712451953.9843016,17305946.067551,12.82,-1.6911829398150196e-06,12.97,ASK
53,1712451960.338187,17305946.067551,12.82,-0.0,12.97,ASK
54,1712451963.3243127,17384132.15042824,12.82,-4.407363600025501e-05,12.97,ASK
55,1712451968.3680267,17385105.67067746,12.84,5.487751211482461e-07,12.97,BID
56,1712451968.624564,17471862.79255648,12.84,4.890514615151113e-05,12.97,BID
57,1712451968.704142,17606818.31547941,12.84,7.607467179124583e-05,12.97,BID
58,1712451968.8860033,17663575.43735843,12.84,3.199409201821392e-05,12.97,BID
59,1712451968.8880394,17693575.43735843,12.84,1.6911054133299312e-05,12.97,BID
60,1712451990.3545644,17693575.43735843,12.84,0.0,12.97,BID
61,1712452009.4144387,17710037.90171456,12.85,-9.253965772787385e-06,12.97,ASK
62,1712452014.5149615,17713637.90171456,12.86,2.023650655294108e-06,12.97,BID
63,1712452014.516658,17731495.03235131,12.88,1.0037942809648603e-05,12.97,BID
64,1712452014.5183773,17732760.01240769,12.87,7.110771444514784e-07,12.97,BID
65,1712452014.52304,17733248.82173013,12.88,2.74772029352173e-07,12.97,BID
66,1712452020.554428,17733248.82173013,12.88,0.0,12.97,BID
67,1712452050.5477953,17733248.82173013,12.88,0.0,12.97,BID
68,1712452050.6528022,17736248.82173013,12.88,-1.6858918351559849e-06,12.97,ASK
69,1712452080.3351183,17736248.82173013,12.88,-0.0,12.97,ASK
70,1712452110.3776934,17736248.82173013,12.88,-0.0,12.97,ASK
71,1712452140.5042636,17741036.98372389,12.88,-2.690715976583229e-06,12.97,ASK
72,1712452140.5053031,17743645.98972389,12.88,-1.4661354683387765e-06,12.97,ASK
73,1712452140.5350688,17743645.98972389,12.88,-0.0,12.97,ASK
74,1712452164.9664536,17744145.98972389,12.88,2.8096082862328065e-07,12.97,BID
75,1712452170.5572536,17744145.98972389,12.88,0.0,12.97,BID
76,1712452174.995373,17744589.17572389,12.86,-2.4903491038743416e-07,12.97,ASK
77,1712452174.9962392,17758775.58607195,12.86,-7.971622365648882e-06,12.97,ASK
78,1712452190.497914,17759458.41574227,12.86,-3.836953914565381e-07,12.97,ASK
79,1712452200.422856,17759458.41574227,12.86,-0.0,12.97,ASK
80,1712452230.36768,17759458.41574227,12.86,-0.0,12.97,ASK
81,1712452230.9565072,17759847.23561804,12.88,2.188203927643741e-07,12.97,BID
82,1712452246.4743447,17782996.22630126,12.88,1.3027809402434973e-05,12.97,BID
83,1712452247.7341745,17792496.22630126,12.85,-5.3464183824154105e-06,12.97,ASK
84,1712452250.424706,17792885.04617703,12.88,2.188203927643741e-07,12.97,BID
85,1712452260.545692,17792885.04617703,12.88,0.0,12.97,BID
86,1712452290.547941,17792885.04617703,12.88,0.0,12.97,BID
87,1712452297.01424,17947174.48194475,12.87,8.681012490250372e-05,12.97,BID
88,1712452320.3461275,17947174.48194475,12.87,0.0,12.97,BID
89,1712452322.6744032,17953299.88194475,12.87,-3.4425773051823777e-06,12.97,ASK
90,1712452345.1175752,18148987.37361233,12.87,-0.0001099796450391,12.97,ASK
91,1712452350.3746583,18148987.37361233,12.87,-0.0,12.97,ASK
92,1712452367.3869815,18151772.26923216,12.87,-1.5628765423765012e-06,12.97,ASK
93,1712452380.5596242,18151772.26923216,12.87,-0.0,12.97,ASK
94,1712452403.5943365,18155012.26923216,12.85,-1.8182434237411016e-06,12.97,ASK
95,1712452410.535892,18155012.26923216,12.85,-0.0,12.97,ASK
96,1712452440.5785892,18155012.26923216,12.85,-0.0,12.97,ASK
97,1712452441.194423,18158972.26923216,12.85,-2.2222455964085662e-06,12.97,ASK
98,1712452451.054259,18168972.26923216,12.87,5.611731304062037e-06,12.97,BID
99,1712452463.204856,18205747.3548828,12.87,2.0637189935524644e-05,12.97,BID
100,1712452470.374555,18205747.3548828,12.87,0.0,12.97,BID
101,1712452500.3589928,18205747.3548828,12.87,0.0,12.97,BID
102,1712452530.3541698,18205747.3548828,12.87,0.0,12.97,BID
103,1712452539.5539942,18221287.37042281,12.87,8.763790862084641e-06,12.97,BID
104,1712452557.0740066,18299108.38209596,12.85,-4.388715501753161e-05,12.97,ASK
105,1712452557.084162,18306908.38209596,12.85,-4.3988095474073645e-06,12.97,ASK
106,1712452557.0862844,18613834.20057784,12.85,-0.0001730907975235,12.97,ASK
107,1712452560.5339615,18613834.20057784,12.85,-0.0,12.97,ASK
108,1712452590.5439124,18613834.20057784,12.85,-0.0,12.97,ASK
109,1712452620.353999,18613834.20057784,12.85,-0.0,12.97,ASK
110,1712452650.3584108,18613834.20057784,12.85,-0.0,12.97,ASK
111,1712452678.2838817,18617411.38006501,12.87,2.0114014817915016e-06,12.97,BID
112,1712452680.5565124,18617411.38006501,12.87,0.0,12.97,BID
113,1712452710.5556586,18617411.38006501,12.87,0.0,12.97,BID
114,1712452713.8640227,18631002.09490572,12.87,7.641684303456461e-06,12.97,BID
115,1712452740.3489983,18631002.09490572,12.87,0.0,12.97,BID
116,1712452758.1638618,18631390.59529422,12.87,2.184215773410173e-07,12.97,BID
117,1712452768.1139123,18731390.59529422,12.87,5.622171400772824e-05,12.97,BID
118,1712452770.3643074,18731390.59529422,12.87,0.0,12.97,BID
119,1712452774.459238,18744421.69543494,12.87,7.320989999187249e-06,12.97,BID
120,1712452774.463976,18751786.86569049,12.87,4.137819309261001e-06,12.97,BID
121,1712452800.3841355,18751786.86569049,12.87,0.0,12.97,BID
122,1712452818.1242783,18754592.03594604,12.87,1.5780748116610071e-06,12.97,BID
123,1712452818.126338,18758286.86569049,12.87,2.0785610932332967e-06,12.97,BID
124,1712452830.344223,18758286.86569049,12.87,0.0,12.97,BID
125,1712452840.7639482,18758514.35543494,12.87,1.2797046491028213e-07,12.97,BID
126,1712452840.765122,18759102.25970426,12.88,3.307154915888299e-07,12.97,BID
127,1712452860.564174,18759102.25970426,12.88,0.0,12.97,BID
128,1712452865.8940148,18836742.01125705,12.88,4.367465636975165e-05,12.97,BID
129,1712452890.5455852,18836742.01125705,12.88,0.0,12.97,BID
130,1712452920.3692098,18836742.01125705,12.88,0.0,12.97,BID
131,1712452950.3488555,18836742.01125705,12.88,0.0,12.97,BID
132,1712452954.8389468,18871958.46025212,12.86,-1.97991564414458e-05,12.97,ASK
133,1712452980.528406,18871958.46025212,12.86,-0.0,12.97,ASK
134,1712453010.54397,18871958.46025212,12.86,-0.0,12.97,ASK
135,1712453011.02412,18879734.51001883,12.87,-4.3706858453588105e-06,12.97,ASK
136,1712453027.284099,18882734.51001883,12.87,-1.6862105991416716e-06,12.97,ASK
137,1712453040.3339572,18882734.51001883,12.87,-0.0,12.97,ASK
138,1712453054.49403,18952033.32215122,12.87,-3.8947761109296056e-05,12.97,ASK
139,1712453070.3397143,18952033.32215122,12.87,-0.0,12.97,ASK
140,1712453093.0542436,19009570.77899817,12.87,-3.232136774050574e-05,12.97,ASK
141,1712453100.556697,19009570.77899817,12.87,-0.0,12.97,ASK
142,1712453102.243673,19321768.88552708,12.88,0.0001758946093658,12.97,BID
143,1712453105.7240183,19322545.88630408,12.88,-4.377677035479487e-07,12.97,ASK
144,1712453130.5574117,19322545.88630408,12.88,-0.0,12.97,ASK
145,1712453160.3659377,19322545.88630408,12.88,-0.0,12.97,ASK
146,1712453163.0841606,19328545.88630408,12.88,-3.3727820756384414e-06,12.97,ASK
147,1712453164.025396,19331605.88630408,12.88,-1.7201188585756051e-06,12.97,ASK
148,1712453175.0237553,19339605.88630408,12.88,-4.497042767517922e-06,12.97,ASK
149,1712453186.867504,19343610.78630408,12.89,2.251275822453228e-06,12.97,BID
150,1712453190.3684185,19343610.78630408,12.89,0.0,12.97,BID
151,1712453199.8540092,19421190.30531106,12.89,-4.360315074510515e-05,12.97,ASK
152,1712453199.863863,19436940.07413646,12.89,-8.85207272595399e-06,12.97,ASK
153,1712453200.103693,19446940.07413646,12.89,5.620446131044032e-06,12.97,BID
154,1712453220.5480163,19446940.07413646,12.89,0.0,12.97,BID
155,1712453235.913759,19498737.47705516,12.89,2.9090674138958125e-05,12.97,BID
156,1712453250.553904,19498737.47705516,12.89,0.0,12.97,BID
157,1712453280.5573387,19498737.47705516,12.89,0.0,12.97,BID
158,1712453310.5576055,19498737.47705516,12.89,0.0,12.97,BID
159,1712453340.3324614,19498737.47705516,12.89,0.0,12.97,BID
160,1712453365.4468894,19511871.72170939,12.89,-7.373744436450118e-06,12.97,ASK
161,1712453370.3839543,19511871.72170939,12.89,-0.0,12.97,ASK
162,1712453382.823581,19610407.24341325,12.89,-5.531393097881436e-05,12.97,ASK
163,1712453400.488717,19610407.24341325,12.89,-0.0,12.97,ASK
164,1712453404.553893,19900609.19684653,12.89,0.0001730841620471,12.97,BID
165,1712453414.2665782,19904209.19684653,12.88,-2.1471357308184134e-06,12.97,ASK
166,1712453430.3600922,19904209.19684653,12.88,-0.0,12.97,ASK
167,1712453440.6140218,20137128.45150491,12.89,0.0001386061661148,12.97,BID
168,1712453460.5537865,20137128.45150491,12.89,0.0,12.97,BID
169,1712453468.943756,20172344.90049998,12.88,-2.091931641372772e-05,12.97,ASK
170,1712453476.913697,20309957.21924603,12.88,-8.174463128517467e-05,12.97,ASK
171,1712453479.291894,20385153.26446789,12.88,-4.466804314305524e-05,12.97,ASK
172,1712453490.6184945,20385153.26446789,12.88,-0.0,12.97,ASK
173,1712453507.8737907,20392917.23962317,12.88,-4.603230389031089e-06,12.97,ASK
174,1712453520.348384,20392917.23962317,12.88,-0.0,12.97,ASK
175,1712453522.6937194,20419063.62168505,12.88,-1.5501168218418574e-05,12.97,ASK
176,1712453550.3590574,20419063.62168505,12.88,-0.0,12.97,ASK
177,1712453564.5137134,20602457.18479488,12.89,0.0001087051736739,12.97,BID
178,1712453580.5159123,20602457.18479488,12.89,0.0,12.97,BID
179,1712453601.800274,20752228.07126785,12.89,8.865136244427257e-05,12.97,BID
180,1712453610.549391,20752228.07126785,12.89,0.0,12.97,BID
181,1712453610.8937342,20806780.51908252,12.89,3.2253456596913935e-05,12.97,BID
182,1712453640.3641572,20806780.51908252,12.89,0.0,12.97,BID
183,1712453670.3938415,20806780.51908252,12.89,0.0,12.97,BID
184,1712453700.5636542,20806780.51908252,12.89,0.0,12.97,BID
185,1712453730.568172,20806780.51908252,12.89,0.0,12.97,BID
186,1712453755.713632,20826093.61795104,12.92,1.1495666394120528e-05,12.97,BID
187,1712453760.33833,20826093.61795104,12.92,0.0,12.97,BID
188,1712453790.370346,20826093.61795104,12.92,0.0,12.97,BID
189,1712453820.5367377,20826093.61795104,12.92,0.0,12.97,BID
190,1712453850.5551133,20826093.61795104,12.92,0.0,12.97,BID
191,1712453866.3295505,20826480.91462028,12.91,2.3049496976692186e-07,12.97,BID
192,1712453880.3578632,20826480.91462028,12.91,0.0,12.97,BID
193,1712453910.3369727,20826480.91462028,12.91,0.0,12.97,BID
194,1712453940.5594146,20826480.91462028,12.91,0.0,12.97,BID
195,1712453947.413444,20826909.01196481,12.91,2.547762444088032e-07,12.97,BID
196,1712453970.5486116,20826909.01196481,12.91,0.0,12.97,BID
197,1712453982.5336556,20829109.07883406,12.91,-1.3093352199197165e-06,12.97,ASK
198,1712453982.536309,20845414.54102479,12.9,-9.70393955828005e-06,12.97,ASK
199,1712454000.4086072,20845414.54102479,12.9,-0.0,12.97,ASK
200,1712454020.1180692,20860918.41699378,12.9,-9.233073981401346e-06,12.97,ASK
201,1712454020.1193397,20942110.78127372,12.9,-4.835275434485213e-05,12.97,ASK
202,1712454020.120499,20942885.37461221,12.91,-4.612961051855528e-07,12.97,ASK
203,1712454020.121653,20958389.2505812,12.9,-9.233073981403565e-06,12.97,ASK
204,1712454030.3682232,20958389.2505812,12.9,-0.0,12.97,ASK
205,1712454060.5374784,20958389.2505812,12.9,-0.0,12.97,ASK
206,1712454090.5435677,20958389.2505812,12.9,-0.0,12.97,ASK
207,1712454105.883814,20961449.2505812,12.9,-1.820751546533996e-06,12.97,ASK
208,1712454120.383809,20961449.2505812,12.9,-0.0,12.97,ASK
209,1712454120.6117609,20969189.18866169,12.92,4.60528537171983e-06,12.97,BID
210,1712454122.3035336,20970844.53876366,12.91,-9.84938061571125e-07,12.97,ASK
211,1712454124.5536106,21059593.35795936,12.91,-5.280580213291639e-05,12.97,ASK
212,1712454134.880577,21279026.52406061,12.91,-0.0001305633636092,12.97,ASK
213,1712454142.5636475,21282826.09496061,12.91,2.260755590370086e-06,12.97,BID
214,1712454150.3666124,21282826.09496061,12.91,0.0,12.97,BID
215,1712454180.5336874,21282826.09496061,12.91,0.0,12.97,BID
216,1712454187.4982436,21294145.47179264,12.9,-6.718475813347492e-06,12.97,ASK
217,1712454187.499668,21301331.62402059,12.9,-4.265251581512224e-06,12.97,ASK
218,1712454210.536079,21301331.62402059,12.9,-0.0,12.97,ASK
219,1712454240.3375857,21301331.62402059,12.9,-0.0,12.97,ASK
220,1712454270.3256712,21301331.62402059,12.9,-0.0,12.97,ASK
221,1712454283.3236468,21316799.52811958,12.91,9.179482109474844e-06,12.97,BID
222,1712454300.373937,21316799.52811958,12.91,0.0,12.97,BID
223,1712454330.367328,21316799.52811958,12.91,0.0,12.97,BID
224,1712454360.558005,21316799.52811958,12.91,0.0,12.97,BID
225,1712454390.5351515,21316799.52811958,12.91,0.0,12.97,BID
226,1712454408.4438505,21345617.26487475,12.91,1.719126962713414e-05,12.97,BID
227,1712454420.3780355,21345617.26487475,12.91,0.0,12.97,BID
228,1712454437.2040758,21411817.26788768,12.9,-3.948296100170785e-05,12.97,ASK
229,1712454437.205814,21444775.01982475,12.9,-1.9656640108929308e-05,12.97,ASK
230,1712454437.306923,21444775.01982566,12.9,-5.421277690440069e-16,12.97,ASK
231,1712454450.375548,21444775.01982566,12.9,-0.0,12.97,ASK
232,1712454452.3759887,21500751.08654404,12.89,-3.335975764748764e-05,12.97,ASK
233,1712454452.3843226,21516266.99034543,12.89,-9.246930355078051e-06,12.97,ASK
234,1712454452.38648,21712190.46826065,12.89,-0.0001167634691731,12.97,ASK
235,1712454452.3886695,21727706.37206204,12.89,-9.246930355078051e-06,12.97,ASK
236,1712454480.572459,21727706.37206204,12.89,-0.0,12.97,ASK
237,1712454492.9935548,21732206.37206204,12.88,-2.676024705421058e-06,12.97,ASK
238,1712454510.5709498,21732206.37206204,12.88,-0.0,12.97,ASK
239,1712454540.3764124,21732206.37206204,12.88,-0.0,12.97,ASK
240,1712454570.3695252,21732206.37206204,12.88,-0.0,12.97,ASK
241,1712454581.4224956,21746206.37206204,12.88,-8.325123250970111e-06,12.97,ASK
242,1712454600.3813632,21746206.37206204,12.88,-0.0,12.97,ASK
243,1712454630.3635612,21746206.37206204,12.88,-0.0,12.97,ASK
244,1712454633.3487933,21793310.12713157,12.89,2.831924633931579e-05,12.97,BID
245,1712454633.3543978,21937144.96017682,12.89,8.647493311669333e-05,12.97,BID
246,1712454660.5161135,21937144.96017682,12.89,0.0,12.97,BID
247,1712454690.5538778,21937144.96017682,12.89,0.0,12.97,BID
248,1712454719.6824963,22005735.99974237,12.89,4.117668660805309e-05,12.97,BID
249,1712454720.368524,22005735.99974237,12.89,0.0,12.97,BID
250,1712454727.4637444,22057170.71657712,12.89,3.086099448549215e-05,12.97,BID
251,1712454750.3701053,22057170.71657712,12.89,0.0,12.97,BID
252,1712454773.0065155,22062170.71657712,12.89,2.9988230534611845e-06,12.97,BID
253,1712454780.5434642,22062170.71657712,12.89,0.0,12.97,BID
254,1712454810.5474937,22062170.71657712,12.89,0.0,12.97,BID
255,1712454822.02353,22087874.90502616,12.89,1.5415866680605525e-05,12.97,BID
256,1712454840.3562272,22087874.90502616,12.89,0.0,12.97,BID
257,1712454870.359468,22087874.90502616,12.89,0.0,12.97,BID
258,1712454886.483556,22088874.90502616,12.89,-5.996222765345251e-07,12.97,ASK
259,1712454891.223935,22104402.85533671,12.88,-9.310904915127354e-06,12.97,ASK
260,1712454891.2263508,22142423.58577767,12.88,-2.279807694251356e-05,12.97,ASK
261,1712454891.229199,22171423.58577767,12.87,-1.7389046019501228e-05,12.97,ASK
262,1712454891.232182,22299022.35139831,12.86,-7.65110623244443e-05,12.97,ASK
263,1712454891.2387507,22342133.39525524,12.88,-2.585034226127212e-05,12.97,ASK
264,1712454891.2401524,22398140.43447067,12.87,-3.3583068356312696e-05,12.97,ASK
265,1712454900.3783076,22398140.43447067,12.87,-0.0,12.97,ASK
266,1712454901.2036765,22490365.56507702,12.88,5.535206413869645e-05,12.97,BID
267,1712454930.3872707,22490365.56507702,12.88,0.0,12.97,BID
268,1712454931.8636124,22497565.56507702,12.88,-4.318247448550821e-06,12.97,ASK
269,1712454938.2237053,22503614.64434043,12.89,3.627975152123909e-06,12.97,BID
270,1712454949.4035494,22532432.3810956,12.89,-1.7283627530003022e-05,12.97,ASK
271,1712454960.559857,22532432.3810956,12.89,-0.0,12.97,ASK
272,1712454990.537427,22532432.3810956,12.89,-0.0,12.97,ASK
273,1712455020.397193,22532432.3810956,12.89,-0.0,12.97,ASK
274,1712455050.3703902,22532432.3810956,12.89,-0.0,12.97,ASK
275,1712455080.547419,22532432.3810956,12.89,-0.0,12.97,ASK
276,1712455110.5448508,22532432.3810956,12.89,-0.0,12.97,ASK
277,1712455140.3706284,22532432.3810956,12.89,-0.0,12.97,ASK
278,1712455170.512412,22532432.3810956,12.89,-0.0,12.97,ASK
279,1712455170.8158474,22532819.67776484,12.91,2.3220822264043962e-07,12.97,BID
280,1712455180.6038418,22683788.11298951,12.91,9.05148812331029e-05,12.97,BID
281,1712455180.607016,22687661.079682,12.91,2.3220822264512994e-06,12.97,BID
282,1712455200.6835797,22687661.079682,12.91,0.0,12.97,BID
283,1712455230.5437324,22687661.079682,12.91,0.0,12.97,BID
284,1712455260.3733723,22687661.079682,12.91,0.0,12.97,BID
285,1712455261.6536615,22688048.53126991,12.91,2.3236510490696935e-07,12.97,BID
286,1712455290.3640108,22688048.53126991,12.91,0.0,12.97,BID
287,1712455299.6838152,22695794.46465489,12.91,4.645429985113017e-06,12.97,BID
288,1712455299.6873007,22726279.92897993,12.91,1.828289543004533e-05,12.97,BID
289,1712455309.5538478,22729226.89203092,12.92,1.767367448401477e-06,12.97,BID
290,1712455309.5572848,22764800.73021259,12.92,2.13345204975806e-05,12.97,BID
291,1712455320.573737,22764800.73021259,12.92,0.0,12.97,BID
292,1712455322.6353912,22765574.72402063,12.92,4.639076607758959e-07,12.97,BID
293,1712455350.9996662,22765574.72402063,12.92,0.0,12.97,BID
294,1712455380.376116,22765574.72402063,12.92,0.0,12.97,BID
295,1712455393.7749188,22869979.95205371,12.92,6.257685049643948e-05,12.97,BID
296,1712455393.77769,22897719.25235371,12.92,1.6625968645926792e-05,12.97,BID
297,1712455393.780367,22938423.66045371,12.92,2.439680184801465e-05,12.97,BID
298,1712455410.3740754,22938423.66045371,12.92,0.0,12.97,BID
299,1712455424.8536704,22962853.62788042,12.92,-1.4622897148073531e-05,12.97,ASK
300,1712455440.5497072,22962853.62788042,12.92,-0.0,12.97,ASK
301,1712455445.2438602,22978376.56897964,12.92,-9.28971743873256e-06,12.97,ASK
302,1712455453.213707,22994304.42867339,12.92,-9.532041319551614e-06,12.97,ASK
303,1712455470.5260365,22994304.42867339,12.92,-0.0,12.97,ASK
304,1712455500.364297,22994304.42867339,12.92,-0.0,12.97,ASK
305,1712455511.61945,22998713.68867339,12.92,-2.6603788740776032e-06,12.97,ASK
306,1712455530.3496544,22998713.68867339,12.92,-0.0,12.97,ASK
307,1712455533.823775,23025775.4979856,12.92,-1.6327499686142654e-05,12.97,ASK
308,1712455560.533818,23025775.4979856,12.92,-0.0,12.97,ASK
309,1712455590.5323703,23025775.4979856,12.92,-0.0,12.97,ASK
310,1712455602.2437465,23125775.4979856,12.92,-6.0321377321896113e-05,12.97,ASK
311,1712455602.5717225,23141255.37414659,12.92,-9.337674508031049e-06,12.97,ASK
312,1712455602.573279,23183560.01813827,12.92,-2.551874392690776e-05,12.97,ASK
313,1712455602.650815,23203560.01813827,12.91,-1.2064275464379222e-05,12.97,ASK
314,1712455602.653447,23335661.7342741,12.91,-7.968557463899395e-05,12.97,ASK
315,1712455602.655691,23351153.60104404,12.91,-9.344907408500745e-06,12.97,ASK
316,1712455620.3462822,23351153.60104404,12.91,-0.0,12.97,ASK
317,1712455620.754733,23537537.92349565,12.9,-0.0001121453210413,12.97,ASK
318,1712455642.9773033,23540423.61183834,12.9,-1.7362857635212354e-06,12.97,ASK
319,1712455650.366287,23540423.61183834,12.9,-0.0,12.97,ASK
320,1712455655.123891,23555927.48780733,12.9,-9.314821193682376e-06,12.97,ASK
321,1712455655.127226,23588121.78361941,12.9,-1.9342525027024744e-05,12.97,ASK
322,1712455663.953853,23609072.46578995,12.9,1.2587294860626795e-05,12.97,BID
323,1712455667.0043304,23627927.03168142,12.9,1.1327935692649291e-05,12.97,BID
324,1712455669.7640624,23644895.20222405,12.9,1.019457811096162e-05,12.97,BID
325,1712455679.6595514,23708777.62885057,12.9,3.838094310318396e-05,12.97,BID
326,1712455680.5594115,23708777.62885057,12.9,0.0,12.97,BID
327,1712455710.5977654,23708777.62885057,12.9,0.0,12.97,BID
328,1712455737.8540397,23797523.92662154,12.9,-5.3249824321321005e-05,12.97,ASK
329,1712455740.3903284,23797523.92662154,12.9,-0.0,12.97,ASK
330,1712455755.3042157,23979317.9674893,12.88,-0.0001090057364706,12.97,ASK
331,1712455755.312796,23983196.94343964,12.88,-2.3258772850904704e-06,12.97,ASK
332,1712455770.3619597,23983196.94343964,12.88,-0.0,12.97,ASK
333,1712455800.3942914,23983196.94343964,12.88,-0.0,12.97,ASK
334,1712455824.9741185,24035226.93567566,12.88,3.135485698856087e-05,12.97,BID
335,1712455830.0838945,24038826.93567566,12.87,-2.169469575293897e-06,12.97,ASK
336,1712455830.3835018,24038826.93567566,12.87,-0.0,12.97,ASK
337,1712455833.173833,24138826.93567566,12.88,6.02370351152386e-05,12.97,BID
338,1712455860.551605,24138826.93567566,12.88,0.0,12.97,BID
339,1712455880.01374,24226608.03039615,12.88,5.283573608632375e-05,12.97,BID
340,1712455890.550087,24226608.03039615,12.88,0.0,12.97,BID
341,1712455914.853771,24251609.58241517,12.88,1.503828431323674e-05,12.97,BID
342,1712455920.3765018,24251609.58241517,12.88,0.0,12.97,BID
343,1712455950.424546,24251609.58241517,12.88,0.0,12.97,BID
344,1712455955.683878,24255209.58241517,12.87,-2.16495917510216e-06,12.97,ASK
345,1712455980.5638323,24255209.58241517,12.87,-0.0,12.97,ASK
346,1712455981.5041234,24473236.72090178,12.87,-0.0001311129728759,12.97,ASK
347,1712456010.5408845,24473236.72090178,12.87,-0.0,12.97,ASK
348,1712456020.1937082,24569412.07958066,12.87,-5.773866035447969e-05,12.97,ASK
349,1712456039.924022,24572652.07958066,12.87,-1.9451267155980275e-06,12.97,ASK
350,1712456040.383524,24572652.07958066,12.87,-0.0,12.97,ASK
351,1712456046.7540426,24865401.43039172,12.87,-0.0001756165182034,12.97,ASK
352,1712456046.75775,24904030.97584626,12.87,-2.3173360602549906e-05,12.97,ASK
353,1712456052.7337625,24912030.97584626,12.86,-4.799095682825707e-06,12.97,ASK
354,1712456064.0336206,24912806.1696447,12.87,4.650286514294621e-07,12.97,BID
355,1712456070.3609612,24912806.1696447,12.87,0.0,12.97,BID
356,1712456100.411242,24912806.1696447,12.87,0.0,12.97,BID
357,1712456130.5520594,24912806.1696447,12.87,0.0,12.97,BID
358,1712456160.3783724,24912806.1696447,12.87,0.0,12.97,BID
359,1712456176.7038786,24990566.66731188,12.86,-4.694214162582943e-05,12.97,ASK
360,1712456190.3972423,24990566.66731188,12.86,-0.0,12.97,ASK
361,1712456220.5165122,24990566.66731188,12.86,-0.0,12.97,ASK
362,1712456242.6559002,24994654.97475259,12.86,-2.4665238615136133e-06,12.97,ASK
363,1712456250.5395644,24994654.97475259,12.86,-0.0,12.97,ASK
364,1712456252.233772,25382423.43538495,12.86,-0.0002339378429641,12.97,ASK
365,1712456280.3901162,25382423.43538495,12.86,-0.0,12.97,ASK
366,1712456291.453884,25389267.62457413,12.86,-4.116663954273956e-06,12.97,ASK
367,1712456310.3897371,25389267.62457413,12.86,-0.0,12.97,ASK
368,1712456340.5171063,25389267.62457413,12.86,-0.0,12.97,ASK
369,1712456348.697447,25390045.2295508,12.86,-4.676914721972376e-07,12.97,ASK
370,1712456348.7005312,25660436.92297375,12.86,-0.0001626274174684,12.97,ASK
371,1712456348.7036867,25770079.22468446,12.86,-6.594449757972757e-05,12.97,ASK
372,1712456361.8439994,25777036.08520649,12.86,4.184212340489516e-06,12.97,BID
373,1712456361.8478236,25847839.72235164,12.87,4.258493487918269e-05,12.97,BID
374,1712456363.6667876,25876839.72235164,12.87,1.744208576410519e-05,12.97,BID
375,1712456363.6706414,25888714.84475092,12.87,7.142307011981145e-06,12.97,BID
376,1712456363.7438574,25907374.46749232,12.87,-1.122285310970232e-05,12.97,ASK
377,1712456363.7476811,25925600.22001882,12.87,-1.0961901333881316e-05,12.97,ASK
378,1712456370.547919,25925600.22001882,12.87,-0.0,12.97,ASK
379,1712456398.5836675,26011602.86182082,12.87,-5.151265632456779e-05,12.97,ASK
380,1712456399.6437843,26011602.86182146,12.87,-3.83787408285232e-16,12.97,ASK
381,1712456400.4104557,26011602.86182146,12.87,-0.0,12.97,ASK
382,1712456401.8336084,26096402.18347147,12.87,5.096707467494517e-05,12.97,BID
383,1712456429.3827507,26269304.5521629,12.88,0.0001039197928132,12.97,BID
384,1712456430.4329438,26269304.5521629,12.88,0.0,12.97,BID
385,1712456457.4038162,26457682.80092671,12.88,0.0001129959234489,12.97,BID
386,1712456460.536787,26457682.80092671,12.88,0.0,12.97,BID
387,1712456490.5463345,26457682.80092671,12.88,0.0,12.97,BID
388,1712456520.3827467,26457682.80092671,12.88,0.0,12.97,BID
389,1712456550.4112582,26457682.80092671,12.88,0.0,12.97,BID
390,1712456552.9539323,26487962.30403231,12.86,-1.8136319470832943e-05,12.97,ASK
391,1712456568.313931,26488367.31517981,12.86,-2.425869253757235e-07,12.97,ASK
392,1712456580.5438385,26488367.31517981,12.86,-0.0,12.97,ASK
393,1712456610.533949,26488367.31517981,12.86,-0.0,12.97,ASK
394,1712456640.373032,26488367.31517981,12.86,-0.0,12.97,ASK
395,1712456670.3554864,26488367.31517981,12.86,-0.0,12.97,ASK
396,1712456673.9238262,26506345.41788584,12.86,-1.0765684194231916e-05,12.97,ASK
397,1712456687.8542848,26507202.83095835,12.86,-5.134378478975661e-07,12.97,ASK
398,1712456687.8680673,26543120.50353648,12.86,-2.1508294078121777e-05,12.97,ASK
399,1712456700.3997867,26543120.50353648,12.86,-0.0,12.97,ASK
400,1712456730.3842328,26543120.50353648,12.86,-0.0,12.97,ASK
401,1712456760.5485122,26543120.50353648,12.86,-0.0,12.97,ASK
402,1712456790.5341372,26543120.50353648,12.86,-0.0,12.97,ASK
403,1712456820.391687,26543120.50353648,12.86,-0.0,12.97,ASK
404,1712456850.3670616,26543120.50353648,12.86,-0.0,12.97,ASK
405,1712456880.5743215,26543120.50353648,12.86,-0.0,12.97,ASK
406,1712456910.5969908,26543120.50353648,12.86,-0.0,12.97,ASK
407,1712456937.374403,26544427.05842463,12.86,-7.911471584677438e-07,12.97,ASK
408,1712456940.3752434,26544427.05842463,12.86,-0.0,12.97,ASK
409,1712456945.534341,27225716.12943755,12.88,0.0004125310262162,12.97,BID
410,1712456945.5386658,27256716.12943755,12.88,1.8770977484917764e-05,12.97,BID
411,1712456970.3646588,27256716.12943755,12.88,0.0,12.97,BID
412,1712457000.4541948,27256716.12943755,12.88,0.0,12.97,BID
413,1712457030.457397,27256716.12943755,12.88,0.0,12.97,BID
414,1712457060.5620136,27256716.12943755,12.88,0.0,12.97,BID
415,1712457090.538947,27256716.12943755,12.88,0.0,12.97,BID
416,1712457114.654116,27280080.72861778,12.88,-1.458736408172194e-05,12.97,ASK
417,1712457120.4142635,27280080.72861778,12.88,-0.0,12.97,ASK
418,1712457150.4247005,27280080.72861778,12.88,-0.0,12.97,ASK
419,1712457168.424208,27283140.72861778,12.9,1.910109761550185e-06,12.97,BID
420,1712457168.4287946,27313640.72861778,12.9,1.903867572786949e-05,12.97,BID
421,1712457180.514056,27313640.72861778,12.9,0.0,12.97,BID
422,1712457194.8381257,27317240.72861778,12.9,-2.2465808402575414e-06,12.97,ASK
423,1712457196.0641606,27768958.32417779,12.9,-0.0002818944709423,12.97,ASK
424,1712457196.1638649,28004010.94550787,12.9,-0.0001466846432034,12.97,ASK
425,1712457196.2526057,28224817.95342398,12.9,-0.0001377946648274,12.97,ASK
426,1712457210.5470283,28224817.95342398,12.9,-0.0,12.97,ASK
427,1712457240.3700416,28224817.95342398,12.9,-0.0,12.97,ASK
428,1712457270.39684,28224817.95342398,12.9,-0.0,12.97,ASK
429,1712457300.5386214,28224817.95342398,12.9,-0.0,12.97,ASK
430,1712457330.559441,28224817.95342398,12.9,-0.0,12.97,ASK
431,1712457360.381765,28224817.95342398,12.9,-0.0,12.97,ASK
432,1712457377.523919,28229094.93016816,12.9,2.7203261265175263e-06,12.97,BID
433,1712457390.3819811,28229094.93016816,12.9,0.0,12.97,BID
434,1712457410.4442043,28306512.03556894,12.9,4.9238608696246136e-05,12.97,BID
435,1712457412.554037,28310299.91435681,12.88,-2.4091559670060446e-06,12.97,ASK
436,1712457418.5139952,28312193.85375075,12.88,-1.204577983507761e-06,12.97,ASK
437,1712457420.5952077,28312193.85375075,12.88,-0.0,12.97,ASK
438,1712457423.504878,28313140.82344772,12.88,-6.018786772480304e-07,12.97,ASK
439,1712457450.537053,28313140.82344772,12.88,-0.0,12.97,ASK
440,1712457460.3742218,28314308.64533387,12.88,-7.422430152423605e-07,12.97,ASK
441,1712457480.3763647,28314308.64533387,12.88,-0.0,12.97,ASK
442,1712457506.6595955,28317908.64533387,12.88,-2.2880623676654254e-06,12.97,ASK
443,1712457510.4169796,28317908.64533387,12.88,-0.0,12.97,ASK
444,1712457533.2842531,28323524.64533387,12.88,-3.569272106240705e-06,12.97,ASK
445,1712457540.5442169,28323524.64533387,12.88,-0.0,12.97,ASK
446,1712457570.5392988,28323524.64533387,12.88,-0.0,12.97,ASK
447,1712457600.4326882,28323524.64533387,12.88,-0.0,12.97,ASK
448,1712457630.3850732,28323524.64533387,12.88,-0.0,12.97,ASK
449,1712457660.5480323,28323524.64533387,12.88,-0.0,12.97,ASK
450,1712457690.5461442,28323524.64533387,12.88,-0.0,12.97,ASK
451,1712457718.5338726,28324524.64533387,12.89,-6.37196725413168e-07,12.97,ASK
452,1712457718.5384514,28523561.62494093,12.89,-0.0001268257116417,12.97,ASK
453,1712457720.515062,28523561.62494093,12.89,-0.0,12.97,ASK
454,1712457726.220248,28524663.39963497,12.9,7.008956577981028e-07,12.97,BID
455,1712457750.3735948,28524663.39963497,12.9,0.0,12.97,BID
456,1712457762.3741314,28605262.24503881,12.9,5.12726152702521e-05,12.97,BID
457,1712457762.3837647,28754067.99966053,12.9,9.466215264611145e-05,12.97,BID
458,1712457780.5362008,28754067.99966053,12.9,0.0,12.97,BID
459,1712457795.8039796,28767256.51789171,12.89,-8.374055550321045e-06,12.97,ASK
460,1712457797.103986,28783156.64562293,12.9,1.0095793215319384e-05,12.97,BID
461,1712457797.1138408,28856830.17223151,12.9,4.677903867545521e-05,12.97,BID
462,1712457805.2537122,28864711.3350222,12.9,-5.004147839317607e-06,12.97,ASK
463,1712457805.2651224,29025853.8047134,12.9,-0.000102317483212,12.97,ASK
464,1712457810.5639975,29025853.8047134,12.9,-0.0,12.97,ASK
465,1712457826.783898,29276319.34713598,12.9,0.0001586799745237,12.97,BID
466,1712457840.3987892,29276319.34713598,12.9,0.0,12.97,BID
467,1712457845.6752996,29299575.16108946,12.9,1.4703394169836109e-05,12.97,BID
468,1712457870.3921854,29299575.16108946,12.9,0.0,12.97,BID
469,1712457879.3642316,29376931.75411077,12.9,4.8899117708883934e-05,12.97,BID
470,1712457900.4151027,29376931.75411077,12.9,0.0,12.97,BID
471,1712457928.1393,29396931.75411077,12.89,-1.267262557090038e-05,12.97,ASK
472,1712457930.3917308,29396931.75411077,12.89,-0.0,12.97,ASK
473,1712457947.3938322,29403931.75411077,12.89,-4.434694541824864e-06,12.97,ASK
474,1712457960.558171,29403931.75411077,12.89,-0.0,12.97,ASK
475,1712457982.7740755,29405715.696568,12.89,-1.130112524568754e-06,12.97,ASK
476,1712457990.549577,29405715.696568,12.89,-0.0,12.97,ASK
477,1712458020.3889165,29405715.696568,12.89,-0.0,12.97,ASK
478,1712458050.3816943,29405715.696568,12.89,-0.0,12.97,ASK
479,1712458080.4244297,29405715.696568,12.89,-0.0,12.97,ASK
480,1712458081.553983,29406568.02214939,12.9,5.39933213323498e-07,12.97,BID
481,1712458085.683848,29490824.99806839,12.9,5.337530721376576e-05,12.97,BID
482,1712458085.7866187,29590155.86055339,12.9,6.292434831796476e-05,12.97,BID
483,1712458088.7138274,29745498.61343315,12.9,9.840689234278231e-05,12.97,BID
484,1712458110.4154992,29745498.61343315,12.9,0.0,12.97,BID
485,1712458140.5674367,29745498.61343315,12.9,0.0,12.97,BID
486,1712458170.5457623,29745498.61343315,12.9,0.0,12.97,BID
487,1712458194.2138157,29749098.83343315,12.9,-2.2743606597319537e-06,12.97,ASK
488,1712458200.4518774,29749098.83343315,12.9,-0.0,12.97,ASK
489,1712458230.3740234,29749098.83343315,12.9,-0.0,12.97,ASK
490,1712458260.5523667,29749098.83343315,12.9,-0.0,12.97,ASK
491,1712458282.6138396,29759098.83343315,12.9,-6.342897657298612e-06,12.97,ASK
492,1712458285.256858,29760098.83343315,12.9,-6.342897657298611e-07,12.97,ASK
493,1712458290.539442,29760098.83343315,12.9,-0.0,12.97,ASK
494,1712458295.084002,29760486.83343315,12.91,2.4608228029092125e-07,12.97,BID
495,1712458320.4672072,29760486.83343315,12.91,0.0,12.97,BID
496,1712458350.4090488,29760486.83343315,12.91,0.0,12.97,BID
497,1712458354.613795,29770486.83343315,12.9,-6.342306662606601e-06,12.97,ASK
498,1712458380.555399,29770486.83343315,12.9,-0.0,12.97,ASK
499,1712458410.5500803,29770486.83343315,12.9,-0.0,12.97,ASK
500,1712458422.9441888,29780486.83343315,12.9,-6.341787804443321e-06,12.97,ASK
501,1712458440.3724525,29780486.83343315,12.9,-0.0,12.97,ASK
502,1712458468.9137385,29780874.83343315,12.91,2.4604123840930664e-07,12.97,BID
503,1712458470.413103,29780874.83343315,12.91,0.0,12.97,BID
504,1712458500.555668,29780874.83343315,12.91,0.0,12.97,BID
505,1712458530.5524454,29780874.83343315,12.91,0.0,12.97,BID
506,1712458541.323885,29788620.76681812,12.91,4.923387459299439e-06,12.97,BID
507,1712458560.3889723,29788620.76681812,12.91,0.0,12.97,BID
508,1712458581.3637588,29802360.06293303,12.91,8.732269643360668e-06,12.97,BID
509,1712458590.392177,29802360.06293303,12.91,0.0,12.97,BID
510,1712458610.1138031,29898817.64359273,12.91,6.12985303129907e-05,12.97,BID
511,1712458620.5552192,29898817.64359273,12.91,0.0,12.97,BID
512,1712458650.566658,29898817.64359273,12.91,0.0,12.97,BID
513,1712458680.4675095,29898817.64359273,12.91,0.0,12.97,BID
514,1712458710.4046135,29898817.64359273,12.91,0.0,12.97,BID
515,1712458740.583342,29898817.64359273,12.91,0.0,12.97,BID
516,1712458770.5714784,29898817.64359273,12.91,0.0,12.97,BID
517,1712458800.47569,29898817.64359273,12.91,0.0,12.97,BID
518,1712458808.4541538,29927317.64359273,12.91,1.8132692585975683e-05,12.97,BID
519,1712458808.4591298,29968531.04405748,12.91,2.622140073859769e-05,12.97,BID
520,1712458830.4319756,29968531.04405748,12.91,0.0,12.97,BID
521,1712458832.223953,29978405.74732157,12.9,-6.279034682118015e-06,12.97,ASK
522,1712458840.5939095,29984644.0505031,12.9,-3.966754340544867e-06,12.97,ASK
523,1712458849.644035,30124455.13745961,12.9,-8.890177663740283e-05,12.97,ASK
524,1712458852.7542408,30224455.13745961,12.9,-6.35870720789531e-05,12.97,ASK
525,1712458858.1742313,30256455.13745961,12.91,2.0347863065265e-05,12.97,BID
526,1712458858.1791022,30357509.23709661,12.91,6.425734317491739e-05,12.97,BID
527,1712458860.5451934,30357509.23709661,12.91,0.0,12.97,BID
528,1712458865.744424,30361597.54453733,12.91,-2.591364581233748e-06,12.97,ASK
529,1712458868.9355547,30599461.90208659,12.91,-0.0001507697941578,12.97,ASK
530,1712458890.5529552,30599461.90208659,12.91,-0.0,12.97,ASK
531,1712458920.4154742,30599461.90208659,12.91,-0.0,12.97,ASK
532,1712458927.138359,30600005.27931354,12.91,3.437378830633066e-07,12.97,BID
533,1712458950.4539568,30600005.27931354,12.91,0.0,12.97,BID
534,1712458980.5799491,30600005.27931354,12.91,0.0,12.97,BID
535,1712459010.5543327,30600005.27931354,12.91,0.0,12.97,BID
536,1712459012.574169,30611713.60489758,12.9,-7.406598935669246e-06,12.97,ASK
537,1712459029.734315,30746667.14236543,12.9,-8.537059546212488e-05,12.97,ASK
538,1712459029.739492,30754419.08034992,12.9,-4.903817818624777e-06,12.97,ASK
539,1712459029.7443435,31153675.93232976,12.9,-0.0002525668895783,12.97,ASK
540,1712459040.4444268,31153675.93232976,12.9,-0.0,12.97,ASK
541,1712459070.4329643,31153675.93232976,12.9,-0.0,12.97,ASK
542,1712459100.5345173,31153675.93232976,12.9,-0.0,12.97,ASK
543,1712459102.3641458,31177400.42727925,12.9,-1.4995733045159412e-05,12.97,ASK
544,1712459130.5442626,31177400.42727925,12.9,-0.0,12.97,ASK
545,1712459160.4090853,31177400.42727925,12.9,-0.0,12.97,ASK
546,1712459180.192721,31270372.11158623,12.9,-5.875399737465857e-05,12.97,ASK
547,1712459180.1951098,31271612.42166373,12.9,-7.83821177172119e-07,12.97,ASK
548,1712459190.3690858,31271612.42166373,12.9,-0.0,12.97,ASK
549,1712459220.4108543,31271612.42166373,12.9,-0.0,12.97,ASK
550,1712459232.544187,31275035.28387603,12.9,2.161437644231116e-06,12.97,BID
551,1712459250.4059408,31275035.28387603,12.9,0.0,12.97,BID
552,1712459277.9685082,31275535.28387603,12.9,3.157266120384112e-07,12.97,BID
553,1712459280.536501,31275535.28387603,12.9,0.0,12.97,BID
554,1712459310.557068,31275535.28387603,12.9,0.0,12.97,BID
555,1712459331.3744357,31275935.28387603,12.89,-2.525802609033294e-07,12.97,ASK
556,1712459335.0343225,31276848.80733044,12.89,5.768449811398984e-07,12.97,BID
557,1712459340.3771412,31276848.80733044,12.89,0.0,12.97,BID
558,1712459359.1761198,31278400.39771057,12.89,9.79742282859651e-07,12.97,BID
559,1712459370.4132595,31278400.39771057,12.89,0.0,12.97,BID
560,1712459400.4106374,31278400.39771057,12.89,0.0,12.97,BID
561,1712459423.9241002,31279481.92698175,12.89,6.845953264073997e-07,12.97,BID
562,1712459430.4011528,31279481.92698175,12.89,0.0,12.97,BID
563,1712459441.1742651,31287239.87888244,12.89,4.910649104523097e-06,12.97,BID
564,1712459460.5365076,31287239.87888244,12.89,0.0,12.97,BID
565,1712459490.5595975,31287239.87888244,12.89,0.0,12.97,BID
566,1712459507.7541685,31296302.57205595,12.89,5.736164629214511e-06,12.97,BID
567,1712459507.7596962,31386237.72860233,12.89,5.692379230184908e-05,12.97,BID
568,1712459520.3598173,31386237.72860233,12.89,0.0,12.97,BID
569,1712459550.4330652,31386237.72860233,12.89,0.0,12.97,BID
570,1712459580.5540936,31386237.72860233,12.89,0.0,12.97,BID
571,1712459610.554563,31386237.72860233,12.89,0.0,12.97,BID
572,1712459615.464324,31386740.44661422,12.9,3.179348564276862e-07,12.97,BID
573,1712459640.408292,31386740.44661422,12.9,0.0,12.97,BID
574,1712459670.3844626,31386740.44661422,12.9,0.0,12.97,BID
575,1712459700.4148402,31386740.44661422,12.9,0.0,12.97,BID
576,1712459730.3898993,31386740.44661422,12.9,0.0,12.97,BID
577,1712459760.5479648,31386740.44661422,12.9,0.0,12.97,BID
578,1712459790.5338757,31386740.44661422,12.9,0.0,12.97,BID
579,1712459820.3941908,31386740.44661422,12.9,0.0,12.97,BID
580,1712459850.381889,31386740.44661422,12.9,0.0,12.97,BID
581,1712459880.548243,31386740.44661422,12.9,0.0,12.97,BID
582,1712459910.5556471,31386740.44661422,12.9,0.0,12.97,BID
583,1712459940.4002168,31386740.44661422,12.9,0.0,12.97,BID
584,1712459944.454074,31390616.41560646,12.9,2.457802324676851e-06,12.97,BID
585,1712459963.0041866,31397561.53103994,12.89,-4.4039879812558506e-06,12.97,ASK
586,1712459963.0095952,31397949.50621449,12.89,-2.460201017693261e-07,12.97,ASK
587,1712459970.3837576,31397949.50621449,12.89,-0.0,12.97,ASK
588,1712460000.420653,31397949.50621449,12.89,-0.0,12.97,ASK
589,1712460030.3898747,31397949.50621449,12.89,-0.0,12.97,ASK
590,1712460060.5586066,31397949.50621449,12.89,-0.0,12.97,ASK
591,1712460090.5439308,31397949.50621449,12.89,-0.0,12.97,ASK
592,1712460099.8039458,31399501.09659463,12.89,-9.86837873126142e-07,12.97,ASK
593,1712460108.8641217,31399891.09659463,12.9,2.4804663359902495e-07,12.97,BID
594,1712460120.438157,31399891.09659463,12.9,0.0,12.97,BID
595,1712460141.1238918,31402891.09659463,12.9,1.9080206517255547e-06,12.97,BID
596,1712460150.4186237,31402891.09659463,12.9,0.0,12.97,BID
597,1712460158.284186,31403159.78359876,12.9,1.7088257822868057e-07,12.97,BID
598,1712460158.2901878,31403391.09659463,12.9,1.471130367511916e-07,12.97,BID
599,1712460180.550371,31403391.09659463,12.9,0.0,12.97,BID
600,1712460194.4243991,31409850.48465139,12.91,4.108097303000932e-06,12.97,BID
601,1712460194.4299395,31410081.79764726,12.9,1.4711243327252026e-07,12.97,BID
602,1712460194.435216,31413259.51764726,12.91,2.0209937608606355e-06,12.97,BID
603,1712460210.5475392,31413259.51764726,12.91,0.0,12.97,BID
604,1712460240.3693807,31413259.51764726,12.91,0.0,12.97,BID
605,1712460270.427423,31413259.51764726,12.91,0.0,12.97,BID
606,1712460270.993714,31414546.06297548,12.91,8.181618981974182e-07,12.97,BID
607,1712460300.5537734,31414546.06297548,12.91,0.0,12.97,BID
608,1712460330.5540268,31414546.06297548,12.91,0.0,12.97,BID
609,1712460360.529653,31414546.06297548,12.91,0.0,12.97,BID
610,1712460390.5596256,31414546.06297548,12.91,0.0,12.97,BID
611,1712460394.6442409,31414933.13727888,12.92,2.4702136600713575e-07,12.97,BID
612,1712460420.3780243,31414933.13727888,12.92,0.0,12.97,BID
613,1712460450.3739758,31414933.13727888,12.92,0.0,12.97,BID
614,1712460470.1937404,31419863.87624376,12.92,3.146667129756413e-06,12.97,BID
615,1712460480.5237746,31419863.87624376,12.92,0.0,12.97,BID
616,1712460510.5408983,31419863.87624376,12.92,0.0,12.97,BID
617,1712460522.5655923,31426444.97529224,12.93,4.1997125240864455e-06,12.97,BID
618,1712460522.5706902,31429254.17440786,12.92,1.7926836568797915e-06,12.97,BID
619,1712460522.5732665,31431124.91239235,12.93,1.1938069439290965e-06,12.97,BID
620,1712460540.3554668,31431124.91239235,12.93,0.0,12.97,BID
621,1712460570.3937182,31431124.91239235,12.93,0.0,12.97,BID
622,1712460600.458453,31431124.91239235,12.93,0.0,12.97,BID
623,1712460630.367715,31431124.91239235,12.93,0.0,12.97,BID
624,1712460660.5153458,31431124.91239235,12.93,0.0,12.97,BID
625,1712460671.5338674,31663143.47387726,12.93,0.0001490921611607,12.97,BID
626,1712460685.8940012,31793959.20390845,12.93,8.406051558700136e-05,12.97,BID
627,1712460685.9001615,31809821.12000745,12.93,1.0192664484323297e-05,12.97,BID
628,1712460685.9060042,31848562.60722665,12.93,2.4894784361763005e-05,12.97,BID
629,1712460690.552984,31848562.60722665,12.93,0.0,12.97,BID
630,1712460720.3956137,31848562.60722665,12.93,0.0,12.97,BID
631,1712460750.400164,31848562.60722665,12.93,0.0,12.97,BID
632,1712460780.5481403,31848562.60722665,12.93,0.0,12.97,BID
633,1712460784.1938772,31849011.60722665,12.93,-2.87524425503796e-07,12.97,ASK
634,1712460808.2037313,31849474.92768998,12.94,2.966947662427227e-07,12.97,BID
635,1712460810.55715,31849474.92768998,12.94,0.0,12.97,BID
636,1712460814.3939712,31850247.72521702,12.94,4.948696789998157e-07,12.97,BID
637,1712460814.4789555,31853665.70124176,12.93,-2.188739791491992e-06,12.97,ASK
638,1712460814.482525,31867919.78611702,12.93,-9.127765242334908e-06,12.97,ASK
639,1712460817.764049,31972667.2553965,12.93,-6.707623236980091e-05,12.97,ASK
640,1712460822.434267,32071665.10511639,12.93,-6.339439814249372e-05,12.97,ASK
641,1712460840.3866274,32071665.10511639,12.93,-0.0,12.97,ASK
642,1712460843.1559775,32072052.12211793,12.94,2.473756354964105e-07,12.97,BID
643,1712460866.3838875,32097983.95061793,12.94,1.6575247416147103e-05,12.97,BID
644,1712460866.389071,32202715.97905608,12.94,6.694318851279878e-05,12.97,BID
645,1712460870.449744,32202715.97905608,12.94,0.0,12.97,BID
646,1712460895.2939038,32205045.56563919,12.95,1.4874255790678953e-06,12.97,BID
647,1712460895.2994368,32209005.57557056,12.95,2.528440070862907e-06,12.97,BID
648,1712460900.546424,32209005.57557056,12.95,0.0,12.97,BID
649,1712460904.2936902,32209777.77634276,12.95,5.013052713273321e-07,12.97,BID
650,1712460930.54394,32209777.77634276,12.95,0.0,12.97,BID
651,1712460937.617818,32213455.90375588,12.95,2.3877892344561755e-06,12.97,BID
652,1712460938.8438666,32221177.91147788,12.95,5.013020169231323e-06,12.97,BID
653,1712460960.418867,32221177.91147788,12.95,0.0,12.97,BID
654,1712460981.934281,32298457.66418268,12.94,-5.016413443347138e-05,12.97,ASK
655,1712460982.0538857,32316595.76348268,12.94,-1.177387374838427e-05,12.97,ASK
656,1712460982.0742989,32343191.42028268,12.94,-1.72638764536166e-05,12.97,ASK
657,1712460990.4023974,32343191.42028268,12.94,-0.0,12.97,ASK
658,1712461008.2138493,32397509.30255791,12.94,-3.522293654376995e-05,12.97,ASK
659,1712461020.605715,32397509.30255791,12.94,-0.0,12.97,ASK
660,1712461050.5339856,32397509.30255791,12.94,-0.0,12.97,ASK
661,1712461080.3944852,32397509.30255791,12.94,-0.0,12.97,ASK
662,1712461110.4129095,32397509.30255791,12.94,-0.0,12.97,ASK
663,1712461140.550084,32397509.30255791,12.94,-0.0,12.97,ASK
664,1712461170.5662856,32397509.30255791,12.94,-0.0,12.97,ASK
665,1712461200.4250145,32397509.30255791,12.94,-0.0,12.97,ASK
666,1712461203.1642578,32397896.02070462,12.95,2.5104217196306496e-07,12.97,BID
667,1712461217.494552,32433740.95400462,12.95,2.326911727858712e-05,12.97,BID
668,1712461217.5016105,32473296.80844288,12.95,2.567810095432945e-05,12.97,BID
669,1712461228.2767646,32473689.40103547,12.96,2.548556305912016e-07,12.97,BID
670,1712461230.4523115,32473689.40103547,12.96,0.0,12.97,BID
671,1712461234.5971184,32474461.00597374,12.96,5.005749219877916e-07,12.97,BID
672,1712461260.503984,32474461.00597374,12.96,0.0,12.97,BID
673,1712461265.054233,32528641.84265249,12.96,3.514932421987765e-05,12.97,BID
674,1712461265.0606556,32551621.4998009,12.96,1.490784323543024e-05,12.97,BID
675,1712461290.5418005,32551621.4998009,12.96,0.0,12.97,BID
676,1712461320.498371,32551621.4998009,12.96,0.0,12.97,BID
677,1712461350.3743973,32551621.4998009,12.96,0.0,12.97,BID
678,1712461358.8103354,32553763.56225916,12.95,-1.3887425719864716e-06,12.97,ASK
679,1712461358.8151026,32555392.09715028,12.95,-1.0558122264578158e-06,12.97,ASK
680,1712461363.3241708,32618973.89145749,12.95,-4.122136785381673e-05,12.97,ASK
681,1712461363.331302,32668973.89145728,12.95,-3.241601491652742e-05,12.97,ASK
682,1712461363.4036517,32668973.89145749,12.95,-1.3766533510758803e-16,12.97,ASK
683,1712461380.5440452,32668973.89145749,12.95,-0.0,12.97,ASK
684,1712461407.6240523,32672393.89145749,12.95,2.215072995062985e-06,12.97,BID
685,1712461410.5438666,32672393.89145749,12.95,0.0,12.97,BID
686,1712461417.8640993,32672917.90175044,12.95,-3.3938238435553777e-07,12.97,ASK
687,1712461440.3828886,32672917.90175044,12.95,-0.0,12.97,ASK
688,1712461445.2941496,32677034.95744959,12.95,-2.666455330325403e-06,12.97,ASK
689,1712461454.1639495,32683440.98244959,12.94,-4.148930875769208e-06,12.97,ASK
690,1712461470.3940558,32683440.98244959,12.94,-0.0,12.97,ASK
691,1712461500.4041328,32683440.98244959,12.94,-0.0,12.97,ASK
692,1712461506.974365,32691162.99017159,12.94,-5.0068509947948415e-06,12.97,ASK
693,1712461530.411266,32691162.99017159,12.94,-0.0,12.97,ASK
694,1712461555.914222,32699224.05616369,12.94,-5.2263534300891175e-06,12.97,ASK
695,1712461560.5446565,32699224.05616369,12.94,-0.0,12.97,ASK
696,1712461590.5360756,32699224.05616369,12.94,-0.0,12.97,ASK
697,1712461614.7542903,32745695.25642136,12.94,-3.0127342069241413e-05,12.97,ASK
698,1712461614.7604332,32849224.05616369,12.94,-6.711786109592384e-05,12.97,ASK
699,1712461620.3817656,32849224.05616369,12.94,-0.0,12.97,ASK
700,1712461650.425527,32849224.05616369,12.94,-0.0,12.97,ASK
701,1712461673.9644735,32852855.47038316,12.94,-2.3512920018167904e-06,12.97,ASK
702,1712461673.9710834,32854111.46839349,12.94,-8.132418659798248e-07,12.97,ASK
703,1712461680.5539806,32854111.46839349,12.94,-0.0,12.97,ASK
704,1712461691.1941466,32854224.05616369,12.94,7.289608612772203e-08,12.97,BID
705,1712461706.504142,32854610.7743104,12.95,2.503845602339894e-07,12.97,BID
706,1712461710.544099,32854610.7743104,12.95,0.0,12.97,BID
707,1712461740.3922384,32854610.7743104,12.95,0.0,12.97,BID
708,1712461770.4480996,32854610.7743104,12.95,0.0,12.97,BID
709,1712461783.274824,32854996.95191658,12.95,2.500335352443093e-07,12.97,BID
710,1712461783.2817686,32862332.7820324,12.95,4.749637235448708e-06,12.97,BID
711,1712461800.454056,32862332.7820324,12.95,0.0,12.97,BID
712,1712461830.419845,32862332.7820324,12.95,0.0,12.97,BID
713,1712461838.6041198,32862719.03685865,12.95,2.587033023344595e-07,12.97,BID
714,1712461860.5484068,32862719.03685865,12.95,0.0,12.97,BID
715,1712461864.4646058,32863127.7026204,12.94,-2.737126392631352e-07,12.97,ASK
716,1712461864.470831,32866642.89910335,12.94,-2.354378068682896e-06,12.97,ASK
717,1712461873.8143735,32885554.17151779,12.94,-1.2666229395530773e-05,12.97,ASK
718,1712461890.538211,32885554.17151779,12.94,-0.0,12.97,ASK
719,1712461920.3930657,32885554.17151779,12.94,-0.0,12.97,ASK
720,1712461950.4124138,32885554.17151779,12.94,-0.0,12.97,ASK
721,1712461951.534295,32887077.17748833,12.95,1.0198640009167192e-06,12.97,BID
722,1712461951.5411172,32893280.96981302,12.94,4.15430049749834e-06,12.97,BID
723,1712461965.8839371,32970501.04703309,12.95,5.170956544363697e-05,12.97,BID
724,1712461980.4121552,32970501.04703309,12.95,0.0,12.97,BID
725,1712462010.3943214,32970501.04703309,12.95,0.0,12.97,BID
726,1712462040.5566626,32970501.04703309,12.95,0.0,12.97,BID
727,1712462045.0643744,33103689.21305625,12.95,8.912232557447377e-05,12.97,BID
728,1712462070.55403,33103689.21305625,12.95,0.0,12.97,BID
729,1712462100.37564,33103689.21305625,12.95,0.0,12.97,BID
730,1712462130.3818104,33103689.21305625,12.95,0.0,12.97,BID
731,1712462149.804186,33111411.22077825,12.95,5.170128941327634e-06,12.97,BID
732,1712462160.5443575,33111411.22077825,12.95,0.0,12.97,BID
733,1712462190.5484478,33111411.22077825,12.95,0.0,12.97,BID
734,1712462216.0614653,33114637.86765688,12.95,2.160197731096356e-06,12.97,BID
735,1712462216.0677493,33142271.43699446,12.95,1.850031194317792e-05,12.97,BID
736,1712462220.3964007,33142271.43699446,12.95,0.0,12.97,BID
737,1712462250.4097586,33142271.43699446,12.95,0.0,12.97,BID
738,1712462280.543949,33142271.43699446,12.95,0.0,12.97,BID
739,1712462310.5354342,33142271.43699446,12.95,0.0,12.97,BID
740,1712462321.3846445,33176588.97177034,12.94,-2.296899363100464e-05,12.97,ASK
741,1712462321.3915825,33219865.63328501,12.94,-2.8965407019861423e-05,12.97,ASK
742,1712462340.3922796,33219865.63328501,12.94,-0.0,12.97,ASK
743,1712462370.3730292,33219865.63328501,12.94,-0.0,12.97,ASK
744,1712462400.528743,33219865.63328501,12.94,-0.0,12.97,ASK
745,1712462410.3940873,33261816.56376937,12.93,-2.8184763274932543e-05,12.97,ASK
746,1712462430.40616,33261816.56376937,12.93,-0.0,12.97,ASK
747,1712462460.5516422,33261816.56376937,12.93,-0.0,12.97,ASK
748,1712462490.556442,33261816.56376937,12.93,-0.0,12.97,ASK
749,1712462495.344413,33343525.35972104,12.94,5.4876115769567904e-05,12.97,BID
750,1712462506.3642704,33344066.64058523,12.96,3.635274638574919e-07,12.97,BID
751,1712462508.9940305,33351793.43888046,12.94,-5.189363921455101e-06,12.97,ASK
752,1712462520.4051206,33351793.43888046,12.94,-0.0,12.97,ASK
753,1712462550.4229796,33351793.43888046,12.94,-0.0,12.97,ASK
754,1712462580.554072,33351793.43888046,12.94,-0.0,12.97,ASK
755,1712462610.55431,33351793.43888046,12.94,-0.0,12.97,ASK
756,1712462618.364781,33354108.25369527,12.96,1.5534287492586962e-06,12.97,BID
757,1712462637.0140696,33355014.77842539,12.95,-6.083517215625357e-07,12.97,ASK
758,1712462637.154133,33365001.41935203,12.95,-6.70184717356595e-06,12.97,ASK
759,1712462637.161122,33367955.89848291,12.95,-1.9826954586755693e-06,12.97,ASK
760,1712462640.4292457,33367955.89848291,12.95,-0.0,12.97,ASK
761,1712462670.391591,33367955.89848291,12.95,-0.0,12.97,ASK
762,1712462676.264272,33368473.50466051,12.95,3.473069968814432e-07,12.97,BID
763,1712462700.5506997,33368473.50466051,12.95,0.0,12.97,BID
764,1712462730.5550091,33368473.50466051,12.95,0.0,12.97,BID
765,1712462736.2842329,33368859.92441359,12.96,2.60041064651011e-07,12.97,BID
766,1712462760.3935175,33368859.92441359,12.96,0.0,12.97,BID
767,1712462773.444361,33369566.63737655,12.96,4.755806877956609e-07,12.97,BID
768,1712462790.402391,33369566.63737655,12.96,0.0,12.97,BID
769,1712462820.5286417,33369566.63737655,12.96,0.0,12.97,BID
770,1712462840.6140535,33376416.37608744,12.96,4.609485802420261e-06,12.97,BID
771,1712462850.6065905,33376416.37608744,12.96,0.0,12.97,BID
772,1712462880.544135,33376416.37608744,12.96,0.0,12.97,BID
773,1712462910.5542142,33376416.37608744,12.96,0.0,12.97,BID
774,1712462940.4231358,33376416.37608744,12.96,0.0,12.97,BID
775,1712462970.421514,33376416.37608744,12.96,0.0,12.97,BID
776,1712463000.4443924,33376416.37608744,12.96,0.0,12.97,BID
777,1712463006.6642013,33491067.46103879,12.96,7.746029677837543e-05,12.97,BID
778,1712463011.7444592,33498783.5104215,12.96,5.213099164258605e-06,12.97,BID
779,1712463025.826367,33529647.70795236,12.96,2.085239665705204e-05,12.97,BID
780,1712463030.412425,33529647.70795236,12.96,0.0,12.97,BID
781,1712463039.974202,33537363.75733507,12.96,5.206114150722724e-06,12.97,BID
782,1712463060.5535054,33537363.75733507,12.96,0.0,12.97,BID
783,1712463084.3941824,33539677.41532089,12.96,1.5609483992330697e-06,12.97,BID
784,1712463090.574371,33539677.41532089,12.96,0.0,12.97,BID
785,1712463120.3743525,33539677.41532089,12.96,0.0,12.97,BID
786,1712463150.423027,33539677.41532089,12.96,0.0,12.97,BID
787,1712463177.074408,33549055.89210566,12.95,-6.327219609961518e-06,12.97,ASK
788,1712463177.0809789,33690788.47715593,12.93,-9.562034561482324e-05,12.97,ASK
789,1712463177.0870492,33700183.53125175,12.94,-6.338403546323513e-06,12.97,ASK
790,1712463180.4442272,33700183.53125175,12.94,-0.0,12.97,ASK
791,1712463210.400974,33700183.53125175,12.94,-0.0,12.97,ASK
792,1712463240.5442996,33700183.53125175,12.94,-0.0,12.97,ASK
793,1712463270.567788,33700183.53125175,12.94,-0.0,12.97,ASK
794,1712463300.4506822,33700183.53125175,12.94,-0.0,12.97,ASK
795,1712463330.4063218,33700183.53125175,12.94,-0.0,12.97,ASK
796,1712463340.2623966,33771927.29210414,12.93,-4.8526226165577656e-05,12.97,ASK
797,1712463360.54434,33771927.29210414,12.93,-0.0,12.97,ASK
798,1712463379.0974112,34298500.61184249,12.93,-0.0003559416584539,12.97,ASK
799,1712463379.104143,34309427.05943655,12.93,-7.385824028404279e-06,12.97,ASK
800,1712463379.1086304,34331844.31175347,12.93,-1.5153129998358804e-05,12.97,ASK
801,1712463379.111539,34360050.49118114,12.93,-1.9066203903237123e-05,12.97,ASK
802,1712463390.5441222,34360050.49118114,12.93,-0.0,12.97,ASK
803,1712463397.564113,34360050.4911816,12.93,-3.0564214836998843e-16,12.97,ASK
804,1712463420.379784,34360050.4911816,12.93,-0.0,12.97,ASK
805,1712463450.4213006,34360050.4911816,12.93,-0.0,12.97,ASK
806,1712463471.584534,34368971.2583312,12.94,5.999229762390949e-06,12.97,BID
807,1712463471.5914752,34398671.05725096,12.94,1.997316089842577e-05,12.97,BID
808,1712463480.545861,34398671.05725096,12.94,0.0,12.97,BID
809,1712463492.0539572,34401911.0572505,12.91,-2.178172985194816e-06,12.97,ASK
810,1712463510.5539472,34401911.0572505,12.91,-0.0,12.97,ASK
811,1712463513.824308,34402298.07425204,12.94,2.6017477570777786e-07,12.97,BID
812,1712463531.8793862,34432298.07425204,12.93,2.016770126424883e-05,12.97,BID
813,1712463540.3941605,34432298.07425204,12.93,0.0,12.97,BID
814,1712463551.0701451,34462298.07425204,12.92,2.0162375674364875e-05,12.97,BID
815,1712463570.3942606,34462298.07425204,12.92,0.0,12.97,BID
816,1712463589.2844782,34492298.07425204,12.92,2.0157124785814864e-05,12.97,BID
817,1712463600.4066324,34492298.07425204,12.92,0.0,12.97,BID
818,1712463630.3824494,34492298.07425204,12.92,0.0,12.97,BID
819,1712463660.537522,34492298.07425204,12.92,0.0,12.97,BID
820,1712463669.1742222,34495359.55425204,12.92,-2.05813372945115e-06,12.97,ASK
821,1712463690.5655274,34495359.55425204,12.92,-0.0,12.97,ASK
822,1712463713.174465,34543406.35128605,12.92,-3.229944475605323e-05,12.97,ASK
823,1712463713.1840198,34543406.35128695,12.92,-6.0103806600182175e-16,12.97,ASK
824,1712463713.189213,34555824.74744794,12.92,-8.348263058550046e-06,12.97,ASK
825,1712463720.420757,34555824.74744794,12.92,-0.0,12.97,ASK
826,1712463750.3742712,34555824.74744794,12.92,-0.0,12.97,ASK
827,1712463780.4234912,34555824.74744794,12.92,-0.0,12.97,ASK
828,1712463810.389218,34555824.74744794,12.92,-0.0,12.97,ASK
829,1712463840.533983,34555824.74744794,12.92,-0.0,12.97,ASK
830,1712463870.5409236,34555824.74744794,12.92,-0.0,12.97,ASK
831,1712463900.4098663,34555824.74744794,12.92,-0.0,12.97,ASK
832,1712463930.3847237,34555824.74744794,12.92,-0.0,12.97,ASK
833,1712463943.5841234,34563789.34100255,12.92,-5.351659655475266e-06,12.97,ASK
834,1712463955.7140937,34587009.15524403,12.92,1.5602119835948196e-05,12.97,BID
835,1712463955.8742874,34590228.54330124,12.91,-2.1632075840332044e-06,12.97,ASK
836,1712463955.8795483,34601401.49760124,12.91,-7.5074576436020925e-06,12.97,ASK
837,1712463955.8843396,34601644.38274403,12.91,-1.6320212835231366e-07,12.97,ASK
838,1712463955.8874612,34620077.84144403,12.91,-1.2386017762135853e-05,12.97,ASK
839,1712463960.534577,34620077.84144403,12.91,-0.0,12.97,ASK
840,1712463970.6443765,34620123.30072459,12.91,-3.0528491098480936e-08,12.97,ASK
841,1712463970.6517,34670003.8305818,12.91,-3.349761133577203e-05,12.97,ASK
842,1712463970.6550405,34699470.0350818,12.91,-1.978823137418204e-05,12.97,ASK
843,1712463970.8841813,34721544.72630223,12.91,-1.48244100248332e-05,12.97,ASK
844,1712463970.89037,34739803.26619279,12.91,-1.2261647471737295e-05,12.97,ASK
845,1712463990.557349,34739803.26619279,12.91,-0.0,12.97,ASK
846,1712464020.408516,34739803.26619279,12.91,-0.0,12.97,ASK
847,1712464050.380312,34739803.26619279,12.91,-0.0,12.97,ASK
848,1712464080.5354936,34739803.26619279,12.91,-0.0,12.97,ASK
849,1712464085.994105,34741364.60733728,12.9,-1.0474420953759632e-06,12.97,ASK
850,1712464090.714213,34750992.24299619,12.9,-6.458800438100962e-06,12.97,ASK
851,1712464090.7215066,34787571.21192921,12.9,-2.453938525926059e-05,12.97,ASK
852,1712464110.5406306,34787571.21192921,12.9,-0.0,12.97,ASK
853,1712464123.8749342,34788347.60944473,12.88,-5.20639196422922e-07,12.97,ASK
854,1712464123.8833427,34789709.90579849,12.89,-9.135331640450552e-07,12.97,ASK
855,1712464123.8890047,34828770.34452322,12.88,-2.6193277313541964e-05,12.97,ASK
856,1712464123.8927124,34829158.62092073,12.88,-2.603716621308245e-07,12.97,ASK
857,1712464123.8964078,34985394.86315675,12.88,-0.0001047694125545,12.97,ASK
858,1712464123.900144,35210741.22901809,12.87,-0.0001511135062819,12.97,ASK
859,1712464123.903877,35283952.07075587,12.89,-4.9093966750074944e-05,12.97,ASK
860,1712464123.9076073,35439352.22615602,12.87,-0.0001042087466976,12.97,ASK
861,1712464123.911378,35469352.22615602,12.88,-2.011749854997596e-05,12.97,ASK
862,1712464123.915136,35858241.19274497,12.87,-0.0002607824407151,12.97,ASK
863,1712464140.380087,35858241.19274497,12.87,-0.0,12.97,ASK
864,1712464163.524246,35858629.40979923,12.9,2.579476991754589e-07,12.97,BID
865,1712464164.8039954,35862514.41368423,12.87,-2.581359583300325e-06,12.97,ASK
866,1712464170.3787732,35862514.41368423,12.87,-0.0,12.97,ASK
867,1712464181.5146132,35862902.63073849,12.9,2.579382716288333e-07,12.97,BID
868,1712464181.6544323,35940663.12840567,12.86,-5.166544887462484e-05,12.97,ASK
869,1712464181.6616116,36030272.21543778,12.86,-5.953786104320912e-05,12.97,ASK
870,1712464187.1942089,36030660.43249204,12.9,2.579382716288333e-07,12.97,BID
871,1712464200.4774177,36030660.43249204,12.9,0.0,12.97,BID
872,1712464230.3980362,36030660.43249204,12.9,0.0,12.97,BID
873,1712464260.5382469,36030660.43249204,12.9,0.0,12.97,BID
874,1712464289.084002,36039214.08723543,12.86,-5.702026989491964e-06,12.97,ASK
875,1712464289.0874257,36068214.08723543,12.87,-1.9331944958742235e-05,12.97,ASK
876,1712464289.0906262,36078214.08723543,12.86,-6.666187916807668e-06,12.97,ASK
877,1712464289.0938537,36998304.75749578,12.86,-0.0006133497308457,12.97,ASK
878,1712464290.540288,36998304.75749578,12.86,-0.0,12.97,ASK
879,1712464297.4306111,37054542.05794512,12.86,3.71804098846091e-05,12.97,BID
880,1712464297.524222,37123081.26786776,12.86,4.531362454687765e-05,12.97,BID
881,1712464297.6042016,37186604.52065396,12.86,4.199740309232209e-05,12.97,BID
882,1712464297.703922,37246424.15727898,12.86,3.9548815307558745e-05,12.97,BID
883,1712464297.783951,37301160.18885112,12.86,3.618786949317721e-05,12.97,BID
884,1712464297.8840644,37354157.42405087,12.86,3.503829152064235e-05,12.97,BID
885,1712464298.0443492,37431757.12007678,12.86,5.1303822945128085e-05,12.97,BID
886,1712464298.1442957,37520569.59959617,12.86,5.871697903376968e-05,12.97,BID
887,1712464298.2641668,37550569.59959617,12.86,1.9834029863207647e-05,12.97,BID
888,1712464298.344196,37572371.71596061,12.86,1.4414127568443974e-05,12.97,BID
889,1712464299.4743242,37596311.81089925,12.86,1.58276185980359e-05,12.97,BID
890,1712464304.4242568,37598169.29562208,12.86,1.2280469154356413e-06,12.97,BID
891,1712464320.3906922,37598169.29562208,12.86,0.0,12.97,BID
892,1712464343.9941645,37604797.60405632,12.86,-4.3599657214944346e-06,12.97,ASK
893,1712464344.054088,37618525.78232232,12.86,9.030114885588732e-06,12.97,BID
894,1712464350.3875144,37618525.78232232,12.86,0.0,12.97,BID
895,1712464380.5261517,37618525.78232232,12.86,0.0,12.97,BID
896,1712464410.5289416,37618525.78232232,12.86,0.0,12.97,BID
897,1712464429.7041686,37618913.37922154,12.9,2.5490941842936085e-07,12.97,BID
898,1712464440.4405231,37618913.37922154,12.9,0.0,12.97,BID
899,1712464470.3766544,37618913.37922154,12.9,0.0,12.97,BID
900,1712464476.226189,37626757.25570386,12.86,-5.158636256907899e-06,12.97,ASK
901,1712464485.134043,37630357.71570386,12.86,-2.3678934184425987e-06,12.97,ASK
902,1712464497.6684525,37647465.02519064,12.86,-1.1250863928772677e-05,12.97,ASK
903,1712464497.6729314,37737324.85777463,12.86,-5.9097589240802446e-05,12.97,ASK
904,1712464500.5521655,37737324.85777463,12.86,-0.0,12.97,ASK
905,1712464509.6779077,37786135.41715805,12.86,3.2091502437764166e-05,12.97,BID
906,1712464530.5761535,37786135.41715805,12.86,0.0,12.97,BID
907,1712464552.7141798,37850361.49294481,12.86,-4.2209329922504994e-05,12.97,ASK
908,1712464560.3944788,37850361.49294481,12.86,-0.0,12.97,ASK
909,1712464565.2145991,37858279.82308293,12.86,-5.20109754372612e-06,12.97,ASK
910,1712464590.3799808,37858279.82308293,12.86,-0.0,12.97,ASK
911,1712464620.5335746,37858279.82308293,12.86,-0.0,12.97,ASK
912,1712464650.5521057,37858279.82308293,12.86,-0.0,12.97,ASK
913,1712464680.3936608,37858279.82308293,12.86,-0.0,12.97,ASK
914,1712464683.6342072,37865656.134927,12.86,-4.844752723884628e-06,12.97,ASK
915,1712464690.934404,37991242.87526082,12.86,-8.248521960274454e-05,12.97,ASK
916,1712464710.395766,37991242.87526082,12.86,-0.0,12.97,ASK
917,1712464729.144671,37995164.81350198,12.86,-2.5730346260874703e-06,12.97,ASK
918,1712464740.5343506,37995164.81350198,12.86,-0.0,12.97,ASK
919,1712464749.86455,38295164.81350198,12.86,-0.0001968120860892,12.97,ASK
920,1712464753.2142122,38296033.20395291,12.86,-5.696991206263785e-07,12.97,ASK
921,1712464770.5469737,38296033.20395291,12.86,-0.0,12.97,ASK
922,1712464800.4111078,38296033.20395291,12.86,-0.0,12.97,ASK
923,1712464830.374441,38296033.20395291,12.86,-0.0,12.97,ASK
924,1712464860.5241172,38296033.20395291,12.86,-0.0,12.97,ASK
925,1712464866.6844337,38296421.65356531,12.89,2.616122648330047e-07,12.97,BID
926,1712464890.558749,38296421.65356531,12.89,0.0,12.97,BID
927,1712464920.414276,38296421.65356531,12.89,0.0,12.97,BID
928,1712464921.6845732,38316742.68001872,12.89,1.3685717934198025e-05,12.97,BID
929,1712464950.37878,38316742.68001872,12.89,0.0,12.97,BID
930,1712464980.556885,38316742.68001872,12.89,0.0,12.97,BID
931,1712465010.546859,38316742.68001872,12.89,0.0,12.97,BID
932,1712465040.4010746,38316742.68001872,12.89,0.0,12.97,BID
933,1712465070.3835895,38316742.68001872,12.89,0.0,12.97,BID
934,1712465087.094171,38338242.68001872,12.89,1.4477174090646091e-05,12.97,BID
935,1712465087.1007671,38350733.20395291,12.89,8.410580905980712e-06,12.97,BID
936,1712465087.154005,38371392.62424752,12.89,-1.3911163917066707e-05,12.97,ASK
937,1712465087.2557845,38371392.62424753,12.89,-5.016900110607262e-18,12.97,ASK
938,1712465100.4139998,38371392.62424753,12.89,-0.0,12.97,ASK
939,1712465130.409488,38371392.62424753,12.89,-0.0,12.97,ASK
940,1712465160.54974,38371392.62424753,12.89,-0.0,12.97,ASK
941,1712465190.5440087,38371392.62424753,12.89,-0.0,12.97,ASK
942,1712465220.3784254,38371392.62424753,12.89,-0.0,12.97,ASK
943,1712465250.4139988,38371392.62424753,12.89,-0.0,12.97,ASK
944,1712465280.5340283,38371392.62424753,12.89,-0.0,12.97,ASK
945,1712465310.5369973,38371392.62424753,12.89,-0.0,12.97,ASK
946,1712465340.401647,38371392.62424753,12.89,-0.0,12.97,ASK
947,1712465370.4422586,38371392.62424753,12.89,-0.0,12.97,ASK
948,1712465400.437081,38371392.62424753,12.89,-0.0,12.97,ASK
949,1712465430.4115365,38371392.62424753,12.89,-0.0,12.97,ASK
950,1712465460.5465343,38371392.62424753,12.89,-0.0,12.97,ASK
951,1712465490.557179,38371392.62424753,12.89,-0.0,12.97,ASK
952,1712465520.4317746,38371392.62424753,12.89,-0.0,12.97,ASK
953,1712465550.379898,38371392.62424753,12.89,-0.0,12.97,ASK
954,1712465562.6751227,38375271.60019787,12.89,2.652621106031417e-06,12.97,BID
955,1712465580.5555165,38375271.60019787,12.89,0.0,12.97,BID
956,1712465610.544546,38375271.60019787,12.89,0.0,12.97,BID
957,1712465640.3744938,38375271.60019787,12.89,0.0,12.97,BID
958,1712465668.724261,38401892.62424753,12.89,1.8204050950525537e-05,12.97,BID
959,1712465668.7281733,38554327.22366619,12.89,0.0001042381844238,12.97,BID
960,1712465670.3781765,38554327.22366619,12.89,0.0,12.97,BID
961,1712465700.666119,38554327.22366619,12.89,0.0,12.97,BID
962,1712465730.5445237,38554327.22366619,12.89,0.0,12.97,BID
963,1712465748.544609,38555103.01885626,12.89,5.369842847300891e-07,12.97,BID
964,1712465760.3647645,38555103.01885626,12.89,0.0,12.97,BID
965,1712465776.5773118,38555596.01885626,12.87,-3.412388003470956e-07,12.97,ASK
966,1712465790.3622818,38555596.01885626,12.87,-0.0,12.97,ASK
967,1712465803.2443955,38557325.33509557,12.87,1.1969720229701162e-06,12.97,BID
968,1712465803.784299,38558343.01885626,12.87,7.044049908758319e-07,12.97,BID
969,1712465810.0745122,38566100.97075695,12.89,5.369782096285388e-06,12.97,BID
970,1712465815.6775577,38567938.44073293,12.87,-1.271832244619971e-06,12.97,ASK
971,1712465820.5446403,38567938.44073293,12.87,-0.0,12.97,ASK
972,1712465831.2446303,38573961.84177481,12.87,-4.168728061103208e-06,12.97,ASK
973,1712465831.2515798,38602116.56593953,12.87,-1.9485567682143647e-05,12.97,ASK
974,1712465850.5609353,38602116.56593953,12.87,-0.0,12.97,ASK
975,1712465880.3948708,38602116.56593953,12.87,-0.0,12.97,ASK
976,1712465910.3722982,38602116.56593953,12.87,-0.0,12.97,ASK
977,1712465940.5444207,38602116.56593953,12.87,-0.0,12.97,ASK
978,1712465970.5585842,38602116.56593953,12.87,-0.0,12.97,ASK
979,1712466000.504313,38602116.56593953,12.87,-0.0,12.97,ASK
980,1712466030.3490584,38602116.56593953,12.87,-0.0,12.97,ASK
981,1712466057.8043575,38651434.2689229,12.86,-3.425573212809391e-05,12.97,ASK
982,1712466060.5144386,38651434.2689229,12.86,-0.0,12.97,ASK
983,1712466087.094659,38651934.2689229,12.87,3.471435820004356e-07,12.97,BID
984,1712466090.53668,38651934.2689229,12.87,0.0,12.97,BID
985,1712466120.384553,38651934.2689229,12.87,0.0,12.97,BID
986,1712466130.814726,38654267.08385291,12.86,-1.619636225783204e-06,12.97,ASK
987,1712466130.8234425,38739538.36114785,12.86,-5.92024887826337e-05,12.97,ASK
988,1712466150.381455,38739538.36114785,12.86,-0.0,12.97,ASK
989,1712466179.3144183,38739791.65416071,12.87,1.757198586277198e-07,12.97,BID
990,1712466179.3241692,38741566.75871377,12.87,1.2314635828050455e-06,12.97,BID
991,1712466180.537714,38741566.75871377,12.87,0.0,12.97,BID
992,1712466210.5542634,38741566.75871377,12.87,0.0,12.97,BID
993,1712466222.584905,38745781.89871377,12.86,-2.9241643212569995e-06,12.97,ASK
994,1712466240.3871343,38745781.89871377,12.86,-0.0,12.97,ASK
995,1712466252.194584,38750731.89871377,12.86,-3.4338287925013985e-06,12.97,ASK
996,1712466270.3697546,38750731.89871377,12.86,-0.0,12.97,ASK
997,1712466300.534567,38750731.89871377,12.86,-0.0,12.97,ASK
998,1712466330.5545845,38750731.89871377,12.86,-0.0,12.97,ASK
999,1712466360.3808415,38750731.89871377,12.86,-0.0,12.97,ASK
1000,1712466390.3739152,38750731.89871377,12.86,-0.0,12.97,ASK
1201,1712466399.3645875,38754331.89871377,12.86,-2.501898840339716e-06,12.97,ASK
1202,1712466418.3012795,38755833.3867757,12.86,-1.0434920113717716e-06,12.97,ASK
1203,1712466420.517718,38755833.3867757,12.86,-0.0,12.97,ASK
1204,1712466450.5368547,38755833.3867757,12.86,-0.0,12.97,ASK
1205,1712466480.396451,38755833.3867757,12.86,-0.0,12.97,ASK
1206,1712466510.3645313,38755833.3867757,12.86,-0.0,12.97,ASK
1207,1712466540.5653934,38755833.3867757,12.86,-0.0,12.97,ASK
1208,1712466540.7521312,38761773.3867757,12.86,-4.127944878171357e-06,12.97,ASK
1209,1712466545.1647892,38769549.43654241,12.87,5.403889698126796e-06,12.97,BID
1210,1712466570.5505793,38769549.43654241,12.87,0.0,12.97,BID
1211,1712466600.4037118,38769549.43654241,12.87,0.0,12.97,BID
1212,1712466603.4364228,38776332.94944241,12.87,4.765335773712138e-06,12.97,BID
1213,1712466603.4384978,38823207.06328031,12.87,3.292849808433528e-05,12.97,BID
1214,1712466622.3043227,38847249.51424248,12.87,-1.688953103600853e-05,12.97,ASK
1215,1712466630.4641907,38847249.51424248,12.87,-0.0,12.97,ASK
1216,1712466660.537017,38847249.51424248,12.87,-0.0,12.97,ASK
1217,1712466690.5345323,38847249.51424248,12.87,-0.0,12.97,ASK
1218,1712466720.3737535,38847249.51424248,12.87,-0.0,12.97,ASK
1219,1712466750.3735805,38847249.51424248,12.87,-0.0,12.97,ASK
1220,1712466780.5372589,38847249.51424248,12.87,-0.0,12.97,ASK
1221,1712466783.5246725,38848491.31758323,12.87,8.717394423271581e-07,12.97,BID
1222,1712466810.5544577,38848491.31758323,12.87,0.0,12.97,BID
1223,1712466840.3916762,38848491.31758323,12.87,0.0,12.97,BID
1224,1712466870.3784854,38848491.31758323,12.87,0.0,12.97,BID
1225,1712466900.3844948,38848491.31758323,12.87,0.0,12.97,BID
1226,1712466930.3522496,38848491.31758323,12.87,0.0,12.97,BID
1227,1712466934.1246018,38849268.31836023,12.87,5.458773432756359e-07,12.97,BID
1228,1712466948.7146037,38850258.70961597,12.87,6.957935738147731e-07,12.97,BID
1229,1712466948.7175517,38850824.61206652,12.87,3.975714508997801e-07,12.97,BID
1230,1712466960.4028113,38850824.61206652,12.87,0.0,12.97,BID
1231,1712466990.3708382,38850824.61206652,12.87,0.0,12.97,BID
1232,1712467020.5150194,38850824.61206652,12.87,0.0,12.97,BID
1233,1712467049.0847716,38853727.76769043,12.86,-2.0395519448704954e-06,12.97,ASK
1234,1712467049.0877051,38855650.83145403,12.86,-1.3510086772032755e-06,12.97,ASK
1235,1712467049.090525,38859704.46901304,12.86,-2.8477992358399547e-06,12.97,ASK
1236,1712467050.5477114,38859704.46901304,12.86,-0.0,12.97,ASK
1237,1712467080.3926942,38859704.46901304,12.86,-0.0,12.97,ASK
1238,1712467110.3769317,38859704.46901304,12.86,-0.0,12.97,ASK
1239,1712467140.5580275,38859704.46901304,12.86,-0.0,12.97,ASK
1240,1712467170.5469604,38859704.46901304,12.86,-0.0,12.97,ASK
1241,1712467200.407433,38859704.46901304,12.86,-0.0,12.97,ASK
1242,1712467225.9746308,38860642.81138329,12.87,6.621101581715359e-07,12.97,BID
1243,1712467230.369141,38860642.81138329,12.87,0.0,12.97,BID
1244,1712467260.547139,38860642.81138329,12.87,0.0,12.97,BID
1245,1712467262.254473,38868806.0016527,12.86,-5.760035265238869e-06,12.97,ASK
1246,1712467262.3746982,38870087.7057527,12.86,-9.043842630072688e-07,12.97,ASK
1247,1712467262.3989348,38870961.1633527,12.86,-6.16321121109906e-07,12.97,ASK
1248,1712467290.5385704,38870961.1633527,12.86,-0.0,12.97,ASK
1249,1712467307.8733876,38873961.1633527,12.86,-2.116634236741978e-06,12.97,ASK
1250,1712467320.39915,38873961.1633527,12.86,-0.0,12.97,ASK
1251,1712467350.3657465,38873961.1633527,12.86,-0.0,12.97,ASK
1252,1712467380.5544648,38873961.1633527,12.86,-0.0,12.97,ASK
1253,1712467395.8745174,38876961.1633527,12.86,-2.1165766237034712e-06,12.97,ASK
1254,1712467410.545931,38876961.1633527,12.86,-0.0,12.97,ASK
1255,1712467440.3767908,38876961.1633527,12.86,-0.0,12.97,ASK
1256,1712467449.464455,38877738.1641297,12.87,5.48178972752027e-07,12.97,BID
1257,1712467465.584231,38883854.91252459,12.86,-4.315404760142105e-06,12.97,ASK
1258,1712467470.3774354,38883854.91252459,12.86,-0.0,12.97,ASK
1259,1712467498.9745357,38884414.60302459,12.86,-3.948404972958257e-07,12.97,ASK
1260,1712467500.4036927,38884414.60302459,12.86,-0.0,12.97,ASK
1261,1712467530.3946662,38884414.60302459,12.86,-0.0,12.97,ASK
1262,1712467560.5228047,38884414.60302459,12.86,-0.0,12.97,ASK
1263,1712467590.5645206,38884414.60302459,12.86,-0.0,12.97,ASK
1264,1712467602.75558,38888142.88302459,12.86,-2.634732285763182e-06,12.97,ASK
1265,1712467620.3861153,38888142.88302459,12.86,-0.0,12.97,ASK
1266,1712467645.6742938,38895437.1486216,12.87,5.154598345540186e-06,12.97,BID
1267,1712467650.383597,38895437.1486216,12.87,0.0,12.97,BID
1268,1712467669.1842988,38910245.76877663,12.9,1.0464031559963952e-05,12.97,BID
1269,1712467679.424202,38923572.7842805,12.9,9.41710364454042e-06,12.97,BID
1270,1712467680.546615,38923572.7842805,12.9,0.0,12.97,BID
1271,1712467710.531972,38923572.7842805,12.9,0.0,12.97,BID
1272,1712467740.5069337,38923572.7842805,12.9,0.0,12.97,BID
1273,1712467742.2944806,38924549.55172238,12.9,6.900240925385434e-07,12.97,BID
1274,1712467742.2978408,38935566.43544329,12.9,7.782727869719708e-06,12.97,BID
1275,1712467770.38408,38935566.43544329,12.9,0.0,12.97,BID
1276,1712467800.4740715,38935566.43544329,12.9,0.0,12.97,BID
1277,1712467809.8058052,38970964.69293731,12.89,2.5148278117081103e-05,12.97,BID
1278,1712467816.714074,38972516.28331744,12.89,1.1023092424802748e-06,12.97,BID
1279,1712467830.4526577,38972516.28331744,12.89,0.0,12.97,BID
1280,1712467843.7045088,38982989.98786199,12.89,7.438403989079267e-06,12.97,BID
1281,1712467843.7079425,39003532.15440623,12.9,1.4589005534480464e-05,12.97,BID
1282,1712467860.5287378,39003532.15440623,12.9,0.0,12.97,BID
1283,1712467886.5546148,39004269.2789614,12.9,5.233557081773177e-07,12.97,BID
1284,1712467886.566407,39004307.34820467,12.9,2.7029021939390813e-08,12.97,BID
1285,1712467890.5443983,39004307.34820467,12.9,0.0,12.97,BID
1286,1712467920.3944285,39004307.34820467,12.9,0.0,12.97,BID
1287,1712467950.3944857,39004307.34820467,12.9,0.0,12.97,BID
1288,1712467955.851293,39417363.27504388,12.88,-0.0002932660983365,12.97,ASK
1289,1712467973.5243275,39418139.07023395,12.88,-5.508078052284907e-07,12.97,ASK
1290,1712467980.4069357,39418139.07023395,12.88,-0.0,12.97,ASK
1291,1712468010.4035175,39418139.07023395,12.88,-0.0,12.97,ASK
1292,1712468037.527306,40263558.85740928,12.88,-0.0005979776967989,12.97,ASK
1293,1712468040.5473206,40263558.85740928,12.88,-0.0,12.97,ASK
1294,1712468061.7773633,40275573.65604453,12.88,-8.43328882060756e-06,12.97,ASK
1295,1712468070.5587978,40275573.65604453,12.88,-0.0,12.97,ASK
1296,1712468073.414394,40306991.86256626,12.88,2.205030986908173e-05,12.97,BID
1297,1712468079.2944114,40317906.68349624,12.88,7.660373086699822e-06,12.97,BID
1298,1712468079.3040545,40335266.67623085,12.88,1.21838023713534e-05,12.97,BID
1299,1712468084.6344044,40349785.09121452,12.88,1.0189491528629617e-05,12.97,BID
1300,1712468084.6379156,40360712.59237991,12.88,7.669272484567603e-06,12.97,BID
1301,1712468086.8241813,40361527.80977121,12.88,5.721458376795894e-07,12.97,BID
1302,1712468100.3857155,40361527.80977121,12.88,0.0,12.97,BID
1303,1712468111.154097,40361932.87576499,12.88,2.854645013128773e-07,12.97,BID
1304,1712468118.52404,40363147.25304839,12.88,8.558151287358375e-07,12.97,BID
1305,1712468118.5840292,40387702.99999624,12.88,1.7305313614322226e-05,12.97,BID
1306,1712468118.5873315,40415407.38149624,12.88,1.9524269058753093e-05,12.97,BID
1307,1712468130.3997855,40415407.38149624,12.88,0.0,12.97,BID
1308,1712468160.554593,40415407.38149624,12.88,0.0,12.97,BID
1309,1712468190.5338578,40415407.38149624,12.88,0.0,12.97,BID
1310,1712468220.3988018,40415407.38149624,12.88,0.0,12.97,BID
1311,1712468250.390555,40415407.38149624,12.88,0.0,12.97,BID
1312,1712468280.5378056,40415407.38149624,12.88,0.0,12.97,BID
1313,1712468310.5645406,40415407.38149624,12.88,0.0,12.97,BID
1314,1712468340.3937604,40415407.38149624,12.88,0.0,12.97,BID
1315,1712468340.973807,40450027.65208821,12.88,-2.438621715241228e-05,12.97,ASK
1316,1712468370.368651,40450027.65208821,12.88,-0.0,12.97,ASK
1317,1712468400.446287,40450027.65208821,12.88,-0.0,12.97,ASK
1318,1712468430.384389,40450027.65208821,12.88,-0.0,12.97,ASK
1319,1712468441.8839035,40527114.43857248,12.88,-5.439740156960199e-05,12.97,ASK
1320,1712468460.5525866,40527114.43857248,12.88,-0.0,12.97,ASK
1321,1712468486.423906,40527502.04507906,12.91,2.733286115479061e-07,12.97,BID
1322,1712468489.2240012,40539827.44739813,12.88,-8.691508128639698e-06,12.97,ASK
1323,1712468490.5657718,40539827.44739813,12.88,-0.0,12.97,ASK
1324,1712468517.32382,40540215.98341672,12.91,2.7395244110666697e-07,12.97,BID
1325,1712468520.398248,40540215.98341672,12.91,0.0,12.97,BID
1326,1712468546.7838938,40544017.80241672,12.9,-2.6806109660871343e-06,12.97,ASK
1327,1712468550.3700314,40544017.80241672,12.9,-0.0,12.97,ASK
1328,1712468568.3439984,40544820.37063501,12.88,-5.658603882319709e-07,12.97,ASK
1329,1712468572.5738697,40545620.90060258,12.9,5.644232950122616e-07,12.97,BID
1330,1712468580.5653768,40545620.90060258,12.9,0.0,12.97,BID
1331,1712468610.567135,40545620.90060258,12.9,0.0,12.97,BID
1332,1712468640.3642693,40545620.90060258,12.9,0.0,12.97,BID
1333,1712468670.403888,40545620.90060258,12.9,0.0,12.97,BID
1334,1712468700.4200296,40545620.90060258,12.9,0.0,12.97,BID
1335,1712468730.4334612,40545620.90060258,12.9,0.0,12.97,BID
1336,1712468760.5591278,40545620.90060258,12.9,0.0,12.97,BID
1337,1712468790.5478013,40545620.90060258,12.9,0.0,12.97,BID
1338,1712468820.3769505,40545620.90060258,12.9,0.0,12.97,BID
1339,1712468850.379346,40545620.90060258,12.9,0.0,12.97,BID
1340,1712468861.7542856,40561112.76737252,12.91,1.0965985365165713e-05,12.97,BID
1341,1712468880.5568058,40561112.76737252,12.91,0.0,12.97,BID
1342,1712468910.549795,40561112.76737252,12.91,0.0,12.97,BID
1343,1712468940.3870895,40561112.76737252,12.91,0.0,12.97,BID
1344,1712468970.3981962,40561112.76737252,12.91,0.0,12.97,BID
1345,1712469000.4673786,40561112.76737252,12.91,0.0,12.97,BID
1346,1712469010.544169,40561577.52337561,12.91,3.290842125858043e-07,12.97,BID
1347,1712469030.3753684,40561577.52337561,12.91,0.0,12.97,BID
1348,1712469060.5462785,40561577.52337561,12.91,0.0,12.97,BID
1349,1712469090.550987,40561577.52337561,12.91,0.0,12.97,BID
1350,1712469120.3739429,40561577.52337561,12.91,0.0,12.97,BID
1351,1712469150.3707402,40561577.52337561,12.91,0.0,12.97,BID
1352,1712469180.582322,40561577.52337561,12.91,0.0,12.97,BID
1353,1712469204.2239168,40575844.75807741,12.91,1.010229393354606e-05,12.97,BID
1354,1712469204.2267663,40989722.47145022,12.91,0.000293057092031,12.97,BID
1355,1712469204.3441794,41012205.48270679,12.91,-1.5919692426200793e-05,12.97,ASK
1356,1712469204.4640276,41031108.19830679,12.91,-1.3384569128119689e-05,12.97,ASK
1357,1712469204.4837978,41058845.87880679,12.91,-1.9640400351046912e-05,12.97,ASK
1358,1712469210.5591245,41058845.87880679,12.91,-0.0,12.97,ASK
1359,1712469240.3720174,41058845.87880679,12.91,-0.0,12.97,ASK
1360,1712469242.9139023,41062083.82880679,12.91,-2.2823416196287217e-06,12.97,ASK
1361,1712469270.3774683,41062083.82880679,12.91,-0.0,12.97,ASK
1362,1712469300.4188268,41062083.82880679,12.91,-0.0,12.97,ASK
1363,1712469319.103904,41069829.76219177,12.91,-5.476614911011564e-06,12.97,ASK
1364,1712469326.3539572,41193811.802232,12.91,-8.765914389325287e-05,12.97,ASK
1365,1712469326.454235,41302192.89130744,12.91,-7.662878816552472e-05,12.97,ASK
1366,1712469326.4574094,41306065.85799992,12.91,-2.7383074554952463e-06,12.97,ASK
1367,1712469330.3882563,41306065.85799992,12.91,-0.0,12.97,ASK
1368,1712469360.544057,41306065.85799992,12.91,-0.0,12.97,ASK
1369,1712469369.2939231,41308361.83323211,12.92,1.6197184976869789e-06,12.97,BID
1370,1712469369.303848,41309161.83323211,12.92,5.643679339314284e-07,12.97,BID
1371,1712469381.603985,41312257.8084643,12.89,-2.184086431618408e-06,12.97,ASK
1372,1712469389.0038629,41312645.42456337,12.92,2.734476212362762e-07,12.97,BID
1373,1712469390.567462,41312645.42456337,12.92,0.0,12.97,BID
1374,1712469420.399537,41312645.42456337,12.92,0.0,12.97,BID
1375,1712469425.923854,41315741.39979556,12.92,2.183955603474425e-06,12.97,BID
1376,1712469429.0838742,41318837.37502775,12.88,-2.183955603474425e-06,12.97,ASK
1377,1712469450.3686078,41318837.37502775,12.88,-0.0,12.97,ASK
1378,1712469480.5558343,41318837.37502775,12.88,-0.0,12.97,ASK
1379,1712469510.5386736,41318837.37502775,12.88,-0.0,12.97,ASK
1380,1712469540.422491,41318837.37502775,12.88,-0.0,12.97,ASK
1381,1712469570.3676178,41318837.37502775,12.88,-0.0,12.97,ASK
1382,1712469600.5310388,41318837.37502775,12.88,-0.0,12.97,ASK
1383,1712469630.3816807,41318837.37502775,12.88,-0.0,12.97,ASK
1384,1712469660.5436242,41318837.37502775,12.88,-0.0,12.97,ASK
1385,1712469682.79183,41436244.77812852,12.9,-8.300198154865851e-05,12.97,ASK
1386,1712469690.5461152,41436244.77812852,12.9,-0.0,12.97,ASK
1387,1712469693.8937922,41500437.97265534,12.88,-4.5333286568207336e-05,12.97,ASK
1388,1712469715.0638237,41545988.10581932,12.88,-3.216754135954371e-05,12.97,ASK
1389,1712469715.067983,41561516.05612986,12.88,-1.096585123132143e-05,12.97,ASK
1390,1712469715.0718224,41683608.33873855,12.88,-8.622167000824299e-05,12.97,ASK
1391,1712469715.0761309,41719588.09730643,12.88,-2.5408934978784768e-05,12.97,ASK
1392,1712469715.0794468,42066696.84951265,12.87,-0.0002451284851935,12.97,ASK
1393,1712469715.0811276,42095696.84951265,12.88,-2.0479823759646604e-05,12.97,ASK
1394,1712469715.0828576,42135696.84951265,12.87,-2.824803277192635e-05,12.97,ASK
1395,1712469720.394668,42135696.84951265,12.87,-0.0,12.97,ASK
1396,1712469750.385811,42135696.84951265,12.87,-0.0,12.97,ASK
1397,1712469780.568388,42135696.84951265,12.87,-0.0,12.97,ASK
1398,1712469810.5375955,42135696.84951265,12.87,-0.0,12.97,ASK
1399,1712469840.3666997,42135696.84951265,12.87,-0.0,12.97,ASK
1400,1712469870.3739808,42135696.84951265,12.87,-0.0,12.97,ASK
1401,1712469900.5589356,42135696.84951265,12.87,-0.0,12.97,ASK
1402,1712469930.5531576,42135696.84951265,12.87,-0.0,12.97,ASK
1403,1712469960.411914,42135696.84951265,12.87,-0.0,12.97,ASK
1404,1712469990.4066374,42135696.84951265,12.87,-0.0,12.97,ASK
1405,1712470020.5478432,42135696.84951265,12.87,-0.0,12.97,ASK
1406,1712470050.5761874,42135696.84951265,12.87,-0.0,12.97,ASK
1407,1712470080.3691611,42135696.84951265,12.87,-0.0,12.97,ASK
1408,1712470099.653911,42136084.14618189,12.91,2.735496931204133e-07,12.97,BID
1409,1712470102.9939594,42137633.33285888,12.91,1.0941987725132277e-06,12.97,BID
1410,1712470110.4088008,42137633.33285888,12.91,0.0,12.97,BID
1411,1712470140.5591486,42137633.33285888,12.91,0.0,12.97,BID
1412,1712470170.5865326,42137633.33285888,12.91,0.0,12.97,BID
1413,1712470200.431163,42137633.33285888,12.91,0.0,12.97,BID
1414,1712470230.3637486,42137633.33285888,12.91,0.0,12.97,BID
1415,1712470260.5550058,42137633.33285888,12.91,0.0,12.97,BID
1416,1712470290.5564785,42137633.33285888,12.91,0.0,12.97,BID
1417,1712470302.2136946,42141353.33285888,12.9,2.663487250057795e-06,12.97,BID
1418,1712470320.4036324,42141353.33285888,12.9,0.0,12.97,BID
1419,1712470350.3774142,42141353.33285888,12.9,0.0,12.97,BID
1420,1712470353.8739126,42145706.50557484,12.9,-3.116726252836024e-06,12.97,ASK
1421,1712470376.713762,42153458.44355933,12.9,5.550128654001513e-06,12.97,BID
1422,1712470380.5636685,42153458.44355933,12.9,0.0,12.97,BID
1423,1712470410.5468457,42153458.44355933,12.9,0.0,12.97,BID
1424,1712470439.7080145,42183458.44355933,12.9,2.1476596755316392e-05,12.97,BID
1425,1712470440.3878324,42183458.44355933,12.9,0.0,12.97,BID
1426,1712470470.391945,42183458.44355933,12.9,0.0,12.97,BID
1427,1712470500.523505,42183458.44355933,12.9,0.0,12.97,BID
1428,1712470530.3662815,42183458.44355933,12.9,0.0,12.97,BID
1429,1712470549.853877,42183846.04045855,12.9,2.779775924815569e-07,12.97,BID
1430,1712470560.5450463,42183846.04045855,12.9,0.0,12.97,BID
1431,1712470577.674044,42197585.33657346,12.89,-9.853543123768568e-06,12.97,ASK
1432,1712470577.7535143,42200094.19397346,12.89,-1.7993013889165132e-06,12.97,ASK
1433,1712470577.7736995,42203775.66947346,12.89,-2.640279188612461e-06,12.97,ASK
1434,1712470590.5661314,42203775.66947346,12.89,-0.0,12.97,ASK
1435,1712470620.536563,42203775.66947346,12.89,-0.0,12.97,ASK
1436,1712470632.0741737,42238983.03957386,12.9,2.5245357036356107e-05,12.97,BID
1437,1712470632.0785153,42265144.66171048,12.9,1.8759125989974463e-05,12.97,BID
1438,1712470632.1540034,42267882.46561048,12.9,-1.9631354672051174e-06,12.97,ASK
1439,1712470632.1751215,42271899.89521048,12.9,-2.880687888110075e-06,12.97,ASK
1440,1712470632.260716,42271899.89521142,12.9,-6.73144952659031e-16,12.97,ASK
1441,1712470632.262684,42381509.12832542,12.9,-7.859502759089891e-05,12.97,ASK
1442,1712470650.407607,42381509.12832542,12.9,-0.0,12.97,ASK
1443,1712470680.556871,42381509.12832542,12.9,-0.0,12.97,ASK
1444,1712470710.5637305,42381509.12832542,12.9,-0.0,12.97,ASK
1445,1712470740.3845313,42381509.12832542,12.9,-0.0,12.97,ASK
1446,1712470752.5637178,42384509.12832542,12.9,-2.1476118129895387e-06,12.97,ASK
1447,1712470770.4242797,42384509.12832542,12.9,-0.0,12.97,ASK
1448,1712470800.4791646,42384509.12832542,12.9,-0.0,12.97,ASK
1449,1712470812.9600458,42388756.04102542,12.89,-3.0500622229511094e-06,12.97,ASK
1450,1712470814.9838078,42429453.73403178,12.89,-2.922840773247229e-05,12.97,ASK
1451,1712470814.9872751,42466577.05269857,12.88,-2.666135139910213e-05,12.97,ASK
1452,1712470830.3637064,42466577.05269857,12.88,-0.0,12.97,ASK
1453,1712470860.5559864,42466577.05269857,12.88,-0.0,12.97,ASK
1454,1712470890.5654128,42466577.05269857,12.88,-0.0,12.97,ASK
1455,1712470920.3862915,42466577.05269857,12.88,-0.0,12.97,ASK
1456,1712470943.303757,42468273.60980817,12.88,-1.2175144985645213e-06,12.97,ASK
1457,1712470943.3063176,42822633.88153566,12.88,-0.0002543025319346,12.97,ASK
1458,1712470950.4121315,42822633.88153566,12.88,-0.0,12.97,ASK
1459,1712470980.5538514,42822633.88153566,12.88,-0.0,12.97,ASK
1460,1712471010.5626805,42822633.88153566,12.88,-0.0,12.97,ASK
1461,1712471040.3737032,42822633.88153566,12.88,-0.0,12.97,ASK
1462,1712471070.3793664,42822633.88153566,12.88,-0.0,12.97,ASK
1463,1712471093.7137425,42823022.33114806,12.9,2.778519132773694e-07,12.97,BID
1464,1712471100.5572145,42823022.33114806,12.9,0.0,12.97,BID
1465,1712471103.4137044,42830774.26913255,12.9,5.5542625186677314e-06,12.97,BID
1466,1712471130.5719132,42830774.26913255,12.9,0.0,12.97,BID
1467,1712471160.3925478,42830774.26913255,12.9,0.0,12.97,BID
1468,1712471190.3922925,42830774.26913255,12.9,0.0,12.97,BID
1469,1712471220.4458747,42830774.26913255,12.9,0.0,12.97,BID
1470,1712471250.4051788,42830774.26913255,12.9,0.0,12.97,BID
1471,1712471280.526345,42830774.26913255,12.9,0.0,12.97,BID
1472,1712471310.544214,42830774.26913255,12.9,0.0,12.97,BID
1473,1712471340.421555,42830774.26913255,12.9,0.0,12.97,BID
1474,1712471353.6953802,42832324.65672944,12.9,1.1107729168637204e-06,12.97,BID
1475,1712471370.404788,42832324.65672944,12.9,0.0,12.97,BID
1476,1712471381.6642942,42847159.45486608,12.88,-1.062821704692546e-05,12.97,ASK
1477,1712471381.6688812,42897324.22764607,12.87,-3.593996280262189e-05,12.97,ASK
1478,1712471381.672869,42902324.22764607,12.88,-3.5821913277917308e-06,12.97,ASK
1479,1712471397.5438905,42902711.90206467,12.9,2.7774478806732546e-07,12.97,BID
1480,1712471400.5174332,42902711.90206467,12.9,0.0,12.97,BID
1481,1712471405.4161098,42907614.06485536,12.9,3.526615145897638e-06,12.97,BID
1482,1712471420.4037464,42912025.76252977,12.9,3.1737746178587696e-06,12.97,BID
1483,1712471430.4335885,42912025.76252977,12.9,0.0,12.97,BID
1484,1712471432.7541528,42941101.33175287,12.9,2.09151521557084e-05,12.97,BID
1485,1712471432.7578356,42951709.02167539,12.9,7.630510929910286e-06,12.97,BID
1486,1712471433.817026,42995378.50960514,12.9,3.14131076026166e-05,12.97,BID
1487,1712471433.820766,43029228.40152035,12.9,2.43495023065088e-05,12.97,BID
1488,1712471460.5510194,43029228.40152035,12.9,0.0,12.97,BID
1489,1712471474.5535004,43030003.59531879,12.9,5.570202967744838e-07,12.97,BID
1490,1712471490.5536149,43030003.59531879,12.9,0.0,12.97,BID
1491,1712471520.4076629,43030003.59531879,12.9,0.0,12.97,BID
1492,1712471528.4242318,43068123.56675799,12.9,2.739114434694928e-05,12.97,BID
1493,1712471528.428914,43086612.11276549,12.9,1.3284963585670008e-05,12.97,BID
1494,1712471550.4226334,43086612.11276549,12.9,0.0,12.97,BID
1495,1712471580.543528,43086612.11276549,12.9,0.0,12.97,BID
1496,1712471610.5539613,43086612.11276549,12.9,0.0,12.97,BID
1497,1712471639.813702,43115204.30880865,12.87,-2.053417689094994e-05,12.97,ASK
1498,1712471640.4038658,43115204.30880865,12.87,-0.0,12.97,ASK
1499,1712471662.5137842,43120609.62116762,12.87,-3.880930128070846e-06,12.97,ASK
1500,1712471670.4086363,43120609.62116762,12.87,-0.0,12.97,ASK
1501,1712471700.5338235,43120609.62116762,12.87,-0.0,12.97,ASK
1502,1712471730.5536509,43120609.62116762,12.87,-0.0,12.97,ASK
1503,1712471740.9376965,43120997.89756513,12.88,2.78836847200337e-07,12.97,BID
1504,1712471756.1769488,43121424.25415427,12.88,3.061837594682807e-07,12.97,BID
1505,1712471760.3595824,43121424.25415427,12.88,0.0,12.97,BID
1506,1712471760.7404404,43121424.83855892,12.88,4.196812439477261e-10,12.97,BID
1507,1712471760.744064,43121819.60299147,12.9,2.834940291283676e-07,12.97,BID
1508,1712471790.404997,43121819.60299147,12.9,0.0,12.97,BID
1509,1712471820.5571291,43121819.60299147,12.9,0.0,12.97,BID
1510,1712471850.558242,43121819.60299147,12.9,0.0,12.97,BID
1511,1712471880.3897338,43121819.60299147,12.9,0.0,12.97,BID
1512,1712471910.3914847,43121819.60299147,12.9,0.0,12.97,BID
1513,1712471915.594041,43137819.60299147,12.88,-1.1490112784904409e-05,12.97,ASK
1514,1712471940.3620446,43864311.47041767,12.87,-0.0005217170933776,12.97,ASK
1515,1712471940.3643234,43893022.40366007,12.87,-2.061824131968661e-05,12.97,ASK
1516,1712471940.3664334,43904282.14744888,12.88,-8.085982878913945e-06,12.97,ASK
1517,1712471940.5339062,43904282.14744888,12.88,-0.0,12.97,ASK
1518,1712471970.5582733,43904282.14744888,12.88,-0.0,12.97,ASK
1519,1712472000.418692,43904282.14744888,12.88,-0.0,12.97,ASK
1520,1712472030.4417694,43904282.14744888,12.88,-0.0,12.97,ASK
1521,1712472060.5467508,43904282.14744888,12.88,-0.0,12.97,ASK
1522,1712472090.553768,43904282.14744888,12.88,-0.0,12.97,ASK
1523,1712472120.4109297,43904282.14744888,12.88,-0.0,12.97,ASK
1524,1712472150.421819,43904282.14744888,12.88,-0.0,12.97,ASK
1525,1712472180.538296,43904282.14744888,12.88,-0.0,12.97,ASK
1526,1712472210.5437229,43904282.14744888,12.88,-0.0,12.97,ASK
1527,1712472215.2061384,43930119.82186748,12.9,1.848346632144846e-05,12.97,BID
1528,1712472240.3949437,43930119.82186748,12.9,0.0,12.97,BID
1529,1712472258.4236703,43934604.08543337,12.9,3.2071375775269705e-06,12.97,BID
1530,1712472270.3968844,43934604.08543337,12.9,0.0,12.97,BID
1531,1712472287.2018688,43938204.08543337,12.89,-2.5746072816301234e-06,12.97,ASK
1532,1712472299.845816,43942824.10265517,12.89,-3.3040916612514955e-06,12.97,ASK
1533,1712472300.4126592,43942824.10265517,12.89,-0.0,12.97,ASK
1534,1712472317.5267246,43950824.10265517,12.88,-5.721734343185451e-06,12.97,ASK
1535,1712472330.3874552,43950824.10265517,12.88,-0.0,12.97,ASK
1536,1712472360.639794,43950824.10265517,12.88,-0.0,12.97,ASK
1537,1712472390.551397,43950824.10265517,12.88,-0.0,12.97,ASK
1538,1712472420.4945216,43950824.10265517,12.88,-0.0,12.97,ASK
1539,1712472450.386794,43950824.10265517,12.88,-0.0,12.97,ASK
1540,1712472480.5229125,43950824.10265517,12.88,-0.0,12.97,ASK
1541,1712472510.572524,43950824.10265517,12.88,-0.0,12.97,ASK
1542,1712472540.364391,43950824.10265517,12.88,-0.0,12.97,ASK
1543,1712472562.3729398,43951212.37905269,12.88,-2.776813358048635e-07,12.97,ASK
1544,1712472562.3752587,43951733.73949048,12.88,-3.728582621192799e-07,12.97,ASK
1545,1712472562.3774223,44520631.36671642,12.87,-0.0004068551528596,12.97,ASK
1546,1712472562.3796115,44568215.95063172,12.87,-3.403078556862079e-05,12.97,ASK
1547,1712472570.392978,44568215.95063172,12.87,-0.0,12.97,ASK
1548,1712472574.1139767,44576215.95063172,12.87,-5.688984590063751e-06,12.97,ASK
1549,1712472600.4308193,44576215.95063172,12.87,-0.0,12.97,ASK
1550,1712472610.8246484,44593511.54811599,12.87,-1.2304392099891736e-05,12.97,ASK
1551,1712472612.9537988,45853074.99469442,12.87,-0.00089607557851,12.97,ASK
1552,1712472630.4069464,45853074.99469442,12.87,-0.0,12.97,ASK
1553,1712472660.415825,45853074.99469442,12.87,-0.0,12.97,ASK
1554,1712472690.376609,45853074.99469442,12.87,-0.0,12.97,ASK
1555,1712472699.67467,45938109.71121339,12.87,5.979612467003555e-05,12.97,BID
1556,1712472720.5493412,45938109.71121339,12.87,0.0,12.97,BID
1557,1712472745.2367132,46171209.94431362,12.87,0.0001637892461848,12.97,BID
1558,1712472750.6046767,46171209.94431362,12.87,0.0,12.97,BID
1559,1712472780.4379892,46171209.94431362,12.87,0.0,12.97,BID
1560,1712472799.664503,46171660.00647368,12.87,3.1557359797112866e-07,12.97,BID
1561,1712472809.2240725,46178861.48637888,12.86,-5.049517880146438e-06,12.97,ASK
1562,1712472809.3834946,46179251.48637888,12.86,-2.734593443545324e-07,12.97,ASK
1563,1712472809.3857398,46185392.11384021,12.86,-4.305671691026905e-06,12.97,ASK
1564,1712472809.3879442,46249786.36181396,12.86,-4.515181751565697e-05,12.97,ASK
1565,1712472809.3901663,46259768.9674267,12.86,-6.9995815020762405e-06,12.97,ASK
1566,1712472810.380309,46259768.9674267,12.86,-0.0,12.97,ASK
1567,1712472840.5546916,46259768.9674267,12.86,-0.0,12.97,ASK
1568,1712472870.5773747,46259768.9674267,12.86,-0.0,12.97,ASK
1569,1712472900.4408803,46259768.9674267,12.86,-0.0,12.97,ASK
1570,1712472921.7945006,46267545.01719341,12.86,-5.468787933331548e-06,12.97,ASK
1571,1712472921.800378,46297545.01719341,12.85,-2.109858384683128e-05,12.97,ASK
1572,1712472921.806134,46298011.94326344,12.85,-3.2838262796314653e-07,12.97,ASK
1573,1712472921.810827,46298789.54824011,12.86,-5.468787933321068e-07,12.97,ASK
1574,1712472921.8134513,46364986.53019352,12.85,-4.655541913837488e-05,12.97,ASK
1575,1712472930.3864336,46364986.53019352,12.85,-0.0,12.97,ASK
1576,1712472938.2743864,46365925.59996096,12.87,6.598073069303933e-07,12.97,BID
1577,1712472960.58285,46365925.59996096,12.87,0.0,12.97,BID
1578,1712472990.5541952,46365925.59996096,12.87,0.0,12.97,BID
1579,1712473020.3897536,46365925.59996096,12.87,0.0,12.97,BID
1580,1712473050.3855562,46365925.59996096,12.87,0.0,12.97,BID
1581,1712473080.549857,46365925.59996096,12.87,0.0,12.97,BID
1582,1712473110.5476856,46365925.59996096,12.87,0.0,12.97,BID
1583,1712473128.4241834,46367060.83324245,12.86,7.97628546492418e-07,12.97,BID
1584,1712473140.3790371,46367060.83324245,12.86,0.0,12.97,BID
1585,1712473170.4166298,46367060.83324245,12.86,0.0,12.97,BID
1586,1712473194.0643084,46382483.60524703,12.85,-1.0836113805493084e-05,12.97,ASK
1587,1712473194.0746467,46382612.93277589,12.85,-9.086614394217844e-08,12.97,ASK
1588,1712473200.522251,46382612.93277589,12.85,-0.0,12.97,ASK
1589,1712473211.9642882,46383685.79602375,12.86,7.635091318036044e-07,12.97,BID
1590,1712473230.375646,46383685.79602375,12.86,0.0,12.97,BID
1591,1712473255.5040717,46387573.8209071,12.85,-2.7669074898654653e-06,12.97,ASK
1592,1712473255.5104375,46431685.79602375,12.85,-3.1392225617079415e-05,12.97,ASK
1593,1712473260.523967,46431685.79602375,12.85,-0.0,12.97,ASK
1594,1712473290.5540323,46431685.79602375,12.85,-0.0,12.97,ASK
1595,1712473294.3139794,46473171.53008721,12.85,-2.9510311431990247e-05,12.97,ASK
1596,1712473320.404873,46473171.53008721,12.85,-0.0,12.97,ASK
1597,1712473350.384972,46473171.53008721,12.85,-0.0,12.97,ASK
1598,1712473380.551355,46473171.53008721,12.85,-0.0,12.97,ASK
1599,1712473410.548656,46473171.53008721,12.85,-0.0,12.97,ASK
1600,1712473437.4843464,46483650.81355786,12.85,-7.451469799979445e-06,12.97,ASK
1601,1712473440.3960354,46483650.81355786,12.85,-0.0,12.97,ASK
1602,1712473459.8937376,46486822.73320071,12.85,-2.255230577650261e-06,12.97,ASK
1603,1712473470.4505882,46486822.73320071,12.85,-0.0,12.97,ASK
1604,1712473500.5679686,46486822.73320071,12.85,-0.0,12.97,ASK
1605,1712473525.693856,46490822.73320071,12.85,-2.846432025297125e-06,12.97,ASK
1606,1712473530.5615416,46490822.73320071,12.85,-0.0,12.97,ASK
1607,1712473560.3805687,46490822.73320071,12.85,-0.0,12.97,ASK
1608,1712473590.3941803,46490822.73320071,12.85,-0.0,12.97,ASK
1609,1712473619.1843126,46507343.78636725,12.85,-1.1756083708046112e-05,12.97,ASK
1610,1712473619.1898124,46510565.99013533,12.85,-2.292862134150815e-06,12.97,ASK
