,time,acc_trade_volume,trade_price,dev,high,ask_bid
0,1712451675.1276057,21793218.1354692,300.4,0.0,309.8,ASK
1,1712451676.9793916,21793550.91417136,300.4,1.940431733943624e-08,309.8,BID
2,1712451682.1197946,21793617.46991179,300.4,3.880863467800359e-09,309.8,BID
3,1712451686.049326,21793717.33675599,300.4,5.823233049308755e-09,309.8,BID
4,1712451687.339571,21796018.49008027,300.2,-1.3418018960017946e-07,309.8,ASK
5,1712451689.4294171,21796084.9202411,300.2,-3.8735409244631285e-09,309.8,ASK
6,1712451690.2910588,21796084.9202411,300.2,-0.0,309.8,ASK
7,1712451692.419474,21796118.12011497,300.2,-1.934427264096848e-09,309.8,ASK
8,1712451692.4207065,21796184.6980111,300.3,-3.879234540316393e-09,309.8,ASK
9,1712451710.9292803,21796284.598111,300.3,-5.820789490836462e-09,309.8,ASK
10,1712451710.9302306,21796351.1981776,300.3,-3.880526327151956e-09,309.8,ASK
11,1712451713.6193216,21799677.87815098,300.3,1.9383267732362586e-07,309.8,BID
12,1712451713.919753,21799832.94915098,300.3,9.035382827768153e-09,309.8,BID
13,1712451720.209797,21799832.94915098,300.3,0.0,309.8,BID
14,1712451725.3003452,21804829.61803838,300.2,-2.9111733152613905e-07,309.8,ASK
15,1712451725.3014643,21804896.24029021,300.2,-3.881564420290642e-09,309.8,ASK
16,1712451725.302842,21824897.3030317,300.1,-1.165307556735228e-06,309.8,ASK
17,1712451725.3039396,21827493.18856012,300.2,-1.5124221456548616e-07,309.8,ASK
18,1712451725.3094366,21827526.58869372,300.1,-1.94596800087367e-09,309.8,ASK
19,1712451732.950766,21827593.23314557,300.1,-3.882857844008402e-09,309.8,ASK
20,1712451734.1793685,21837350.52420103,300.1,-5.684820425371175e-07,309.8,ASK
21,1712451736.069418,21837385.08188321,300.1,-2.0134094226304867e-09,309.8,ASK
22,1712451740.9094677,21837888.78776309,300.1,-2.9347053993107503e-08,309.8,ASK
23,1712451746.251152,21837905.44110974,300.3,9.70261977943334e-10,309.8,BID
24,1712451749.6294978,21838278.8865406,300.2,-2.1757782985528018e-08,309.8,ASK
25,1712451749.6308343,21838345.53099244,300.2,-3.882857843574314e-09,309.8,ASK
26,1712451750.0514684,21839011.53165844,300.3,3.8802718581069945e-08,309.8,BID
27,1712451750.2002397,21839011.53165844,300.3,0.0,309.8,BID
28,1712451754.8120797,21844739.05634927,300.3,3.334702068108938e-07,309.8,BID
29,1712451755.8494253,21847336.53998344,300.3,-1.512317190114507e-07,309.8,ASK
30,1712451761.8095446,21852326.48004338,300.3,2.905262628421192e-07,309.8,BID
31,1712451763.459826,21853066.63655353,300.3,4.309368493980509e-08,309.8,BID
32,1712451780.310848,21853066.63655353,300.3,0.0,309.8,BID
33,1712451787.3895876,21853714.98820188,300.3,3.773931184676396e-08,309.8,BID
34,1712451788.470764,21867483.66876271,300.1,-8.01448613150929e-07,309.8,ASK
35,1712451795.0415568,21871555.91118695,300.1,-2.370374582300084e-07,309.8,ASK
36,1712451795.53941,21871627.68118695,300.3,4.177594702291361e-09,309.8,BID
37,1712451795.959364,21879921.45814414,300.1,-4.827649251323852e-07,309.8,ASK
38,1712451797.349556,21880037.16248868,300.3,6.734929033911178e-09,309.8,BID
39,1712451797.3513598,21880091.15844384,300.3,3.143001479769034e-09,309.8,BID
40,1712451810.31767,21880091.15844384,300.3,0.0,309.8,BID
41,1712451822.3766668,21880166.2247109,300.3,4.367402346237628e-09,309.8,BID
42,1712451833.0907502,21880499.2247109,300.2,1.9374148178919672e-08,309.8,BID
43,1712451836.8723862,21881007.7177109,300.2,2.9584440630502282e-08,309.8,BID
44,1712451838.6514678,21890636.26211159,300.1,-5.601947326313563e-07,309.8,ASK
45,1712451840.2108805,21890636.26211159,300.1,-0.0,309.8,ASK
46,1712451847.3493054,21894845.36855048,300.1,-2.448433626103477e-07,309.8,ASK
47,1712451852.8969023,21895086.9785886,300.2,1.4054435313683221e-08,309.8,BID
48,1712451865.6201608,21931756.57452249,300.2,-2.133067268402056e-06,309.8,ASK
49,1712451868.4919212,21938427.30311555,300.2,-3.880357133986405e-07,309.8,ASK
50,1712451868.4934635,21942005.60588683,300.2,-2.0814956705836826e-07,309.8,ASK
51,1712451868.549384,21942370.33691238,300.2,2.1216372653112727e-08,309.8,BID
52,1712451869.0307343,21943036.5594307,300.2,3.8754107077294974e-08,309.8,BID
53,1712451870.2042203,21943069.87055661,300.2,1.9377053536155437e-09,309.8,BID
54,1712451870.204963,21943069.87055661,300.2,0.0,309.8,BID
55,1712451873.1328511,21949909.26805152,300.1,-3.974834631655668e-07,309.8,ASK
56,1712451877.509673,21950242.26805152,300.2,1.935287330977186e-08,309.8,BID
57,1712451882.7901478,21950310.83164425,300.1,-3.984692263459999e-09,309.8,ASK
58,1712451886.729421,21953714.01419309,300.1,-1.977818640173914e-07,309.8,ASK
59,1712451886.829147,22003714.01419309,300.1,-2.9058368332990783e-06,309.8,ASK
60,1712451886.930774,22003747.33641901,300.1,-1.9365790287502314e-09,309.8,ASK
61,1712451886.931533,22051323.62128506,300.1,-2.764978419105945e-06,309.8,ASK
62,1712451887.2491906,22057207.11964006,300.0,-3.419297245723411e-07,309.8,ASK
63,1712451887.3293328,22059736.98415998,300.0,-1.4702747010481214e-07,309.8,ASK
64,1712451888.829282,22066385.37707383,300.0,-3.86382900226308e-07,309.8,ASK
65,1712451892.6896048,22068775.76998186,299.8,-1.389218351641663e-07,309.8,ASK
66,1712451898.5006113,22068809.10331519,300.0,-1.9372245552440503e-09,309.8,ASK
67,1712451898.502019,22071422.04596419,299.8,-1.5185569985521004e-07,309.8,ASK
68,1712451898.9892564,22071756.04596419,299.8,1.941099004643784e-08,309.8,BID
69,1712451899.4994185,22071856.11267533,299.8,5.815550700508767e-09,309.8,BID
70,1712451900.3005812,22071856.11267533,299.8,0.0,309.8,BID
71,1712451901.511417,22074129.92088685,299.8,1.3263265296218366e-07,309.8,BID
72,1712451901.5798635,22075465.5388941,299.8,7.790743245082749e-08,309.8,BID
73,1712451902.949327,22079023.6134342,299.8,-2.075447099275197e-07,309.8,ASK
74,1712451905.1020248,22079090.32457496,299.8,-3.891302501331981e-09,309.8,ASK
75,1712451905.1040924,22079701.25003486,299.8,-3.5635663596651494e-08,309.8,ASK
76,1712451905.161245,22080220.22672851,299.8,3.0272234639422574e-08,309.8,BID
77,1712451908.6100292,22080876.60324099,300.2,3.828685187742922e-08,309.8,BID
78,1712451908.7114055,22081044.23825215,300.2,9.778254888514127e-09,309.8,BID
79,1712451911.3742154,22081941.69822288,300.1,5.234940055272859e-08,309.8,BID
80,1712451911.9693584,22082441.69822288,300.0,-2.9165312248015585e-08,309.8,ASK
81,1712451916.5910106,22082458.35711695,300.3,9.71723694486746e-10,309.8,BID
82,1712451918.9192111,22098099.41107837,300.0,-9.123524453458844e-07,309.8,ASK
83,1712451925.1993697,22098132.71111167,300.0,-1.9424117379753758e-09,309.8,ASK
84,1712451925.209217,22098759.64477833,300.0,-3.656943229394503e-08,309.8,ASK
85,1712451928.9601164,22098945.23864806,300.0,1.082580632403438e-08,309.8,BID
86,1712451929.8293295,22098978.57198139,300.0,1.944354149577974e-09,309.8,BID
87,1712451930.3008091,22098978.57198139,300.0,0.0,309.8,BID
88,1712451931.3293762,22099410.57597939,300.0,2.5187110732888843e-08,309.8,BID
89,1712451934.7493825,22099744.13168319,299.8,-1.9447284020733054e-08,309.8,ASK
90,1712451934.7515063,22104402.42402752,299.8,-2.7159222054885805e-07,309.8,ASK
91,1712451935.4690642,22106257.01872842,299.8,-1.081283560161692e-07,309.8,ASK
92,1712451936.4092886,22106660.12384252,300.0,2.350222033313702e-08,309.8,BID
93,1712451942.7217965,22106693.45717585,300.0,1.943431916413295e-09,309.8,BID
94,1712451960.19293,22106693.45717585,300.0,0.0,309.8,BID
95,1712451962.5097997,22110026.79050918,300.0,1.943169859908583e-07,309.8,BID
96,1712451963.5496402,22144495.36312611,300.0,2.009348742701716e-06,309.8,BID
97,1712451963.5515666,22147469.55436544,300.0,1.733807632164182e-07,309.8,BID
98,1712451963.629549,22150802.88769877,300.0,1.943169859908583e-07,309.8,BID
99,1712451970.2492323,22152181.16253764,300.3,8.03466637671274e-08,309.8,BID
100,1712451970.259053,22153354.25751569,300.3,6.83856841247732e-08,309.8,BID
101,1712451979.1496255,22153370.91086234,300.4,9.708084383257624e-10,309.8,BID
102,1712451990.19949,22153370.91086234,300.4,0.0,309.8,BID
103,1712451998.4998567,22153387.55754899,300.4,9.69628621932037e-10,309.8,BID
104,1712451998.5018785,22153703.80034303,300.4,1.8420366231568802e-08,309.8,BID
105,1712452015.355863,22154676.5821567,300.4,5.6662152020166673e-08,309.8,BID
106,1712452015.35689,22174847.0821567,300.4,1.174882097159088e-06,309.8,BID
107,1712452018.7799118,22175347.0821567,300.5,2.912377227037228e-08,309.8,BID
108,1712452018.781965,22177847.0821567,300.5,1.456188613518614e-07,309.8,BID
109,1712452020.3105896,22177847.0821567,300.5,0.0,309.8,BID
110,1712452022.959344,22193378.27278418,300.4,-9.042664288453012e-07,309.8,ASK
111,1712452027.679423,22194142.10183143,300.4,-4.44721194510918e-08,309.8,ASK
112,1712452031.2394855,22199271.04626517,300.4,2.986205229262063e-07,309.8,BID
113,1712452031.332344,22205801.87800444,300.5,3.8024205844262657e-07,309.8,BID
114,1712452032.460797,22225352.96733608,300.5,1.1383154166349776e-06,309.8,BID
115,1712452032.6385047,22237595.9351933,300.6,7.128175223814449e-07,309.8,BID
116,1712452034.78932,22237928.93519329,300.9,1.9388128574158308e-08,309.8,BID
117,1712452034.8693557,22239785.171934,300.9,1.0807494472735777e-07,309.8,BID
118,1712452047.0900388,22240100.94521334,300.9,1.8385143964910104e-08,309.8,BID
119,1712452047.0994887,22240118.17193399,300.9,1.0029846092482027e-09,309.8,BID
120,1712452050.3106973,22240118.17193399,300.9,0.0,309.8,BID
121,1712452067.7492275,22240184.63919886,300.9,-3.865685889109709e-09,309.8,ASK
122,1712452069.979507,22246077.41267985,300.9,-3.427192519253384e-07,309.8,ASK
123,1712452072.1326916,22255588.97344517,300.9,-5.531851853201047e-07,309.8,ASK
124,1712452072.1534274,22257640.3045132,300.9,-1.193038645307841e-07,309.8,ASK
125,1712452072.2298236,22261448.74692616,300.9,-2.214961323355753e-07,309.8,ASK
126,1712452072.231917,22261481.74692616,300.9,-1.919255058762381e-09,309.8,ASK
127,1712452072.2894323,22263688.41244599,300.3,-1.2833799884636177e-07,309.8,ASK
128,1712452075.6229353,22268503.98737703,300.8,2.800701984014728e-07,309.8,BID
129,1712452080.180522,22268503.98737703,300.8,0.0,309.8,BID
130,1712452093.2993672,22268640.30653467,300.4,-7.924283583080386e-09,309.8,ASK
131,1712452097.4993906,22268708.46611349,300.4,-3.962141791431917e-09,309.8,ASK
132,1712452103.019497,22269047.66303086,300.4,-1.9717643581816893e-08,309.8,ASK
133,1712452103.17919,22269064.28869575,300.6,9.664561138994595e-10,309.8,BID
134,1712452103.7599578,22270365.48288396,300.4,-7.563890448301097e-08,309.8,ASK
135,1712452103.7617931,22281375.19951604,300.3,-6.399989427125797e-07,309.8,ASK
136,1712452103.7636511,22289292.92071643,300.0,-4.602600926329744e-07,309.8,ASK
137,1712452110.211192,22289292.92071643,300.0,-0.0,309.8,ASK
138,1712452124.37922,22289322.64771643,300.0,-1.727414955661595e-09,309.8,ASK
139,1712452127.969808,22292655.98104976,300.0,-1.9369764364290449e-07,309.8,ASK
140,1712452127.9722323,22302650.98354851,300.0,-5.808025296640408e-07,309.8,ASK
141,1712452128.1693196,22302684.31688184,299.9,-1.936976436141134e-09,309.8,ASK
142,1712452139.6297965,22308452.64688184,299.8,-3.3519357862664e-07,309.8,ASK
143,1712452139.6323898,22319411.29401092,299.8,-6.367992379251526e-07,309.8,ASK
144,1712452139.8492436,22320477.416789,299.8,-6.19516409844835e-08,309.8,ASK
145,1712452140.3004663,22320477.416789,299.8,-0.0,309.8,ASK
146,1712452143.509693,22320868.527848,299.9,2.271484332926897e-08,309.8,BID
147,1712452143.649204,22330474.0845664,299.9,-5.578689503315136e-07,309.8,ASK
148,1712452154.049326,22344782.8821516,299.9,-8.31022513674075e-07,309.8,ASK
149,1712452165.1691313,22344816.23772198,299.7,-1.937215882527725e-09,309.8,ASK
150,1712452167.086172,22344832.90438864,300.0,9.679622022934283e-10,309.8,BID
151,1712452170.3106709,22344832.90438864,300.0,0.0,309.8,BID
152,1712452177.2796376,22345336.61026852,299.4,-2.9241690511249498e-08,309.8,ASK
153,1712452183.9592223,22345905.96093845,299.8,3.3052574424060866e-08,309.8,BID
154,1712452189.5996723,22347105.66187219,299.4,-6.964636469788283e-08,309.8,ASK
155,1712452189.60191,22356400.66162682,299.4,-5.396036000070648e-07,309.8,ASK
156,1712452189.604159,22360214.75852365,299.3,-2.2142016897639738e-07,309.8,ASK
157,1712452189.9196858,22377172.28402365,299.3,-9.844370143692982e-07,309.8,ASK
158,1712452191.7623951,22384211.79241948,299.6,4.08665322532879e-07,309.8,BID
159,1712452191.763668,22389993.74241948,299.6,3.356601524931015e-07,309.8,BID
160,1712452193.1295729,22393497.2024913,299.2,-2.033867366474969e-07,309.8,ASK
161,1712452193.1404004,22394598.68247942,299.4,-6.394433379403744e-08,309.8,ASK
162,1712452193.142288,22394983.68247942,299.3,-2.2350445560715235e-08,309.8,ASK
163,1712452194.708957,22395015.7013537,299.2,-1.8587950818545007e-09,309.8,ASK
164,1712452200.2707448,22395015.7013537,299.2,-0.0,309.8,ASK
165,1712452203.06998,22400938.32528573,299.1,-3.4549684980418734e-07,309.8,ASK
166,1712452203.0729356,22417402.84633963,299.2,-9.604594556298892e-07,309.8,ASK
167,1712452203.075787,22423169.87923909,299.1,-3.3642043161043374e-07,309.8,ASK
168,1712452204.479609,22426169.87923909,299.7,1.7500529517113748e-07,309.8,BID
169,1712452211.9695592,22429034.38488975,299.0,-1.6710121897115817e-07,309.8,ASK
170,1712452211.9715924,22430076.18201256,299.0,-6.077333766193736e-08,309.8,ASK
171,1712452212.172967,22430110.18201256,298.9,-1.9833933452728915e-09,309.8,ASK
172,1712452214.659403,22432720.18201256,299.3,1.522546067988896e-07,309.8,BID
173,1712452215.799898,22438947.81212242,299.5,3.632894151974407e-07,309.8,BID
174,1712452215.8095057,22439408.93312242,299.3,2.6899538904831783e-08,309.8,BID
175,1712452215.8114548,22470643.21093747,299.5,1.822054669493459e-06,309.8,BID
176,1712452215.8134253,22473346.21026177,299.6,1.576797315321336e-07,309.8,BID
177,1712452215.939869,22473737.21026177,299.6,2.2809023470638253e-08,309.8,BID
178,1712452221.3893998,22473770.58809888,299.7,-1.9470994118880287e-09,309.8,ASK
179,1712452230.2104845,22473770.58809888,299.7,-0.0,309.8,ASK
180,1712452237.8592644,22475820.42067898,299.1,-1.1941295699714837e-07,309.8,ASK
181,1712452244.5596256,22495833.76290713,299.2,-1.1658768613881678e-06,309.8,ASK
182,1712452244.56208,22496020.8536861,299.1,-1.0898969682178768e-08,309.8,ASK
183,1712452244.6593528,22498847.60377282,299.1,-1.646722712009336e-07,309.8,ASK
184,1712452254.1605434,22498848.94240995,298.9,-7.798228004261886e-11,309.8,ASK
185,1712452254.162149,22513216.44199201,298.8,-8.369784080925861e-07,309.8,ASK
186,1712452254.163477,22518917.98733844,298.9,-3.321434130180533e-07,309.8,ASK
187,1712452254.165116,22520675.72830229,298.8,-1.023971655861039e-07,309.8,ASK
188,1712452260.3104527,22520675.72830229,298.8,-0.0,309.8,ASK
189,1712452260.8396528,22523603.95169059,298.8,-1.7044433545428729e-07,309.8,ASK
190,1712452261.869823,22537827.56610642,298.8,-8.279199314340862e-07,309.8,ASK
191,1712452268.0496483,22539404.4061567,298.6,-9.178379476156976e-08,309.8,ASK
192,1712452270.4795754,22539440.20127294,298.8,2.083541448416856e-09,309.8,BID
193,1712452274.5793042,22539773.9796441,298.8,1.942837861659316e-08,309.8,BID
194,1712452290.3103497,22539773.9796441,298.8,0.0,309.8,BID
195,1712452290.7938745,22539807.44684624,298.7,1.9473927512071976e-09,309.8,BID
196,1712452292.0894055,22542807.44684624,298.7,1.745642862377483e-07,309.8,BID
197,1712452295.2233653,22542840.91404838,298.7,1.9473927514239644e-09,309.8,BID
198,1712452298.789396,22542874.3924548,298.7,1.9480447069184932e-09,309.8,BID
199,1712452299.8463314,22543209.4008298,298.5,-1.9493499288526452e-08,309.8,ASK
200,1712452304.1900337,22543209.40083,298.5,-1.1705447555629425e-17,309.8,ASK
201,1712452304.192838,22543242.87923642,298.5,-1.9480447069184932e-09,309.8,ASK
202,1712452304.269712,22553652.69508052,298.5,6.057273575639048e-07,309.8,BID
203,1712452305.140146,22554292.72900805,298.2,-3.7242355242408654e-08,309.8,ASK
204,1712452305.1432042,22558770.0068231,298.2,-2.605242686908497e-07,309.8,ASK
205,1712452305.1457765,22558803.51888744,298.4,-1.950003197373237e-09,309.8,ASK
206,1712452305.14816,22563817.13548624,298.2,-2.917328010130729e-07,309.8,ASK
207,1712452305.2792425,22566719.45962128,298.2,1.688807136878912e-07,309.8,BID
208,1712452306.8221312,22569079.70332128,298.2,1.373380856126282e-07,309.8,BID
209,1712452306.8934555,22575316.27007268,298.2,3.628939411772967e-07,309.8,BID
210,1712452307.282093,22575349.7709102,298.5,1.949349930001512e-09,309.8,BID
211,1712452308.253832,22580379.95199672,298.2,-2.926966570050879e-07,309.8,ASK
212,1712452309.3694396,22583600.72956551,298.2,1.874109124753039e-07,309.8,BID
213,1712452311.7992384,22583935.7295655,298.4,1.9493011962781692e-08,309.8,BID
214,1712452315.8995304,22590759.33925502,298.4,3.970528516719448e-07,309.8,BID
215,1712452315.9027588,22595451.14890651,298.4,2.730074676585943e-07,309.8,BID
216,1712452316.546219,22600477.95855799,298.4,-2.925004796211593e-07,309.8,ASK
217,1712452316.739284,22604137.82809464,298.4,-2.129608377961625e-07,309.8,ASK
218,1712452316.9597132,22613490.82802163,298.4,-5.442332521456763e-07,309.8,ASK
219,1712452319.229391,22613524.34008597,298.4,-1.950003197156469e-09,309.8,ASK
220,1712452320.2082074,22613524.34008597,298.4,-0.0,309.8,ASK
221,1712452324.7296994,22613790.06883854,298.4,-1.5442478679338536e-08,309.8,ASK
222,1712452330.8693442,22613880.74797449,298.4,-5.269699307997994e-09,309.8,ASK
223,1712452335.6695368,22617771.86652773,298.6,2.261272621632604e-07,309.8,BID
224,1712452336.0610452,22617788.6146858,298.6,9.7329728691057e-10,309.8,BID
225,1712452338.6693947,22617808.70845673,298.6,1.1677231995039255e-09,309.8,BID
226,1712452346.6207628,22620150.84782022,298.4,-1.3611036380010262e-07,309.8,ASK
227,1712452346.6237853,22623997.27355697,298.4,-2.235299976254113e-07,309.8,ASK
228,1712452350.2108798,22623997.27355697,298.4,-0.0,309.8,ASK
229,1712452359.5493808,22625459.7014363,298.4,-8.497164644495133e-08,309.8,ASK
230,1712452367.2699084,22625672.87677413,298.4,1.2386155715975929e-08,309.8,BID
231,1712452375.8099527,22630701.37157802,298.4,-2.921713191232976e-07,309.8,ASK
232,1712452380.3105872,22630701.37157802,298.4,-0.0,309.8,ASK
233,1712452380.4992,22638418.44976069,298.4,-4.483343333533421e-07,309.8,ASK
234,1712452394.8396163,22638485.51884184,298.2,-3.896471057339479e-09,309.8,ASK
235,1712452394.8431544,22638585.51884184,298.2,-5.809638346804383e-09,309.8,ASK
236,1712452403.4296832,22639023.15046197,298.2,2.5424814420897026e-08,309.8,BID
237,1712452405.6193173,22642156.16387578,298.2,1.820167486991867e-07,309.8,BID
238,1712452410.2907546,22642156.16387578,298.2,0.0,309.8,BID
239,1712452416.0796132,22662270.14309133,298.2,1.1683174960237991e-06,309.8,BID
240,1712452418.2493684,22662372.8396905,298.2,5.965116713473219e-09,309.8,BID
241,1712452431.5080054,22665786.82391791,298.2,-1.9830076690896746e-07,309.8,ASK
242,1712452431.5103283,22672813.93901301,298.2,-4.081689368473547e-07,309.8,ASK
243,1712452433.4607668,22672984.01781901,298.2,-9.879002191504204e-09,309.8,ASK
244,1712452440.2117162,22672984.01781901,298.2,-0.0,309.8,ASK
245,1712452467.709362,22673000.77720239,298.4,9.72946774312191e-10,309.8,BID
246,1712452470.2115288,22673000.77720239,298.4,0.0,309.8,BID
247,1712452500.2114992,22673000.77720239,298.4,0.0,309.8,BID
248,1712452500.2194264,22673034.28926673,298.4,1.951435335807219e-09,309.8,BID
249,1712452507.1095133,22673295.40266143,298.4,1.520484980806783e-08,309.8,BID
250,1712452507.1121004,22682286.78278238,298.4,5.235755310957446e-07,309.8,BID
251,1712452515.0086646,22682286.78278255,298.2,-9.978630391802374e-18,309.8,ASK
252,1712452515.011233,22694314.84319899,298.2,-7.004039464326542e-07,309.8,ASK
253,1712452530.2023747,22694314.84319899,298.2,-0.0,309.8,ASK
254,1712452531.01872,22697086.76730406,298.0,-1.6135170771387952e-07,309.8,ASK
255,1712452531.0284915,22712914.84319899,298.0,-9.213409092983728e-07,309.8,ASK
256,1712452531.0421338,22713279.57422454,298.2,2.1230730567680065e-08,309.8,BID
257,1712452532.7488687,22713306.5064393,298.0,-1.5677048429931147e-09,309.8,ASK
258,1712452532.752178,22720855.3318003,298.0,-4.394116927673103e-07,309.8,ASK
259,1712452533.0485013,22724485.2714192,298.0,-2.112961734184813e-07,309.8,ASK
260,1712452533.4687045,22724565.05302341,297.9,-4.644029776852243e-09,309.8,ASK
261,1712452533.7385657,22730146.16253572,298.2,-3.248723690169572e-07,309.8,ASK
262,1712452542.7084703,22731152.53623582,298.1,5.8580288981428944e-08,309.8,BID
263,1712452560.2902324,22731152.53623582,298.1,0.0,309.8,BID
264,1712452569.4911466,22736955.92623582,298.1,3.375954075856548e-07,309.8,BID
265,1712452576.6083963,22736989.46077639,298.2,1.9507747869947684e-09,309.8,BID
266,1712452590.3167536,22736989.46077639,298.2,0.0,309.8,BID
267,1712452620.2074573,22736989.46077639,298.2,0.0,309.8,BID
268,1712452631.3987155,22737023.01782336,298.0,-1.951886464087157e-09,309.8,ASK
269,1712452631.4025154,22737056.58613339,297.9,-1.9525415935349727e-09,309.8,ASK
270,1712452640.1485984,22737056.58613487,297.9,-8.602435889577199e-17,309.8,ASK
271,1712452640.1520853,22737075.0487062,297.9,-1.0738979237901354e-09,309.8,ASK
272,1712452644.6285152,22737095.18293438,298.0,1.1711318783222827e-09,309.8,BID
273,1712452645.211148,22737111.96481357,298.0,9.76138420663855e-10,309.8,BID
274,1712452649.2410614,22737128.74896932,297.9,9.76270839454637e-10,309.8,BID
275,1712452650.1983206,22737128.74896932,297.9,0.0,309.8,BID
276,1712452654.260985,22740635.0729039,298.0,2.0394910527538897e-07,309.8,BID
277,1712452654.26328,22746868.49810293,297.9,3.62573885317506e-07,309.8,BID
278,1712452654.264771,22769183.85199556,298.0,1.2979965756785162e-06,309.8,BID
279,1712452654.3384287,22787464.31943856,298.0,-1.063303062858971e-06,309.8,ASK
280,1712452654.358631,22787464.31943911,298.0,-3.1852771364923546e-17,309.8,ASK
281,1712452654.4385943,22790970.64337369,298.1,2.0394910527538897e-07,309.8,BID
282,1712452654.4413726,22798433.82433911,298.1,4.34103952973052e-07,309.8,BID
283,1712452680.3012984,22798433.82433911,298.1,0.0,309.8,BID
284,1712452704.088673,22798456.36103911,297.7,1.3094798802535883e-09,309.8,BID
285,1712452710.311406,22798456.36103911,297.7,0.0,309.8,BID
286,1712452712.598713,22798475.28974679,297.6,-1.0998394710202635e-09,309.8,ASK
287,1712452712.6083624,22804898.26364679,297.6,-3.7320245710270137e-07,309.8,ASK
288,1712452714.5123217,22804920.35712358,297.4,-1.283726191744487e-09,309.8,ASK
289,1712452714.515923,22805864.81390972,297.2,-5.4877008485927256e-08,309.8,ASK
290,1712452714.5192602,22805898.42735509,297.5,-1.953086000069844e-09,309.8,ASK
291,1712452714.5226474,22805918.42735509,297.2,-1.1620861704041203e-09,309.8,ASK
292,1712452714.5243456,22805985.69947079,297.3,-3.9087997654367084e-09,309.8,ASK
293,1712452714.525853,22806002.51520717,297.4,-9.77066734803888e-10,309.8,ASK
294,1712452714.5273893,22807733.2113429,297.1,-1.005609022251582e-07,309.8,ASK
295,1712452714.5289166,22807800.46083852,297.4,-3.9074854412191485e-09,309.8,ASK
296,1712452714.53047,22807867.77824006,297.1,-3.911431067831694e-09,309.8,ASK
297,1712452714.5320098,22807935.07299106,297.2,-3.910114973874646e-09,309.8,ASK
298,1712452714.5337012,22809073.49377814,297.3,-6.61471526383773e-08,309.8,ASK
299,1712452714.5352545,22809757.60980085,297.0,-3.975008844714399e-08,309.8,ASK
300,1712452717.419566,22809823.24426736,297.0,-3.813645291671629e-09,309.8,ASK
301,1712452717.4231868,22811964.08070734,297.0,-1.2439182100001692e-07,309.8,ASK
302,1712452724.2087097,22812119.98217227,297.0,-9.058546816925194e-09,309.8,ASK
303,1712452729.208359,22812220.99227328,297.1,-5.8691220726934225e-09,309.8,ASK
304,1712452729.2983725,22812372.61061218,297.1,-8.80967874085679e-09,309.8,ASK
305,1712452729.8304963,22812406.28064585,297.0,-1.9563740243032926e-09,309.8,ASK
306,1712452729.8336031,22812523.89791445,297.1,-6.834070062013343e-09,309.8,ASK
307,1712452729.835562,22815676.75388556,297.0,-1.8319451606509817e-07,309.8,ASK
308,1712452737.428661,22815693.55267629,297.7,9.760821193734398e-10,309.8,BID
309,1712452740.189877,22815693.55267629,297.7,0.0,309.8,BID
310,1712452740.2272537,22815728.8943121,297.1,-2.052890090966265e-09,309.8,ASK
311,1712452740.351359,22819536.0962121,297.1,2.211489897412999e-07,309.8,BID
312,1712452740.539302,22823468.7304482,297.1,2.2843497959365625e-07,309.8,BID
313,1712452746.8487124,22823485.52923893,297.7,9.757915909140435e-10,309.8,BID
314,1712452752.6401887,22824200.1663357,297.6,4.151113498379847e-08,309.8,BID
315,1712452764.4485035,22824250.51591553,297.5,2.9246567443825903e-09,309.8,BID
316,1712452769.5290003,22828355.09252843,297.5,2.3842259882713364e-07,309.8,BID
317,1712452770.2111375,22828355.09252843,297.5,0.0,309.8,BID
318,1712452773.1985428,22828372.59505284,297.1,-1.016447156805068e-09,309.8,ASK
319,1712452782.2024398,22828389.40513687,297.5,9.762341544721259e-10,309.8,BID
320,1712452793.4032097,22828726.10547358,297.2,-1.9553642202775028e-08,309.8,ASK
321,1712452800.2195072,22828726.10547358,297.2,-0.0,309.8,ASK
322,1712452803.7388003,22828759.10547358,297.4,1.926883539707249e-09,309.8,BID
323,1712452806.6486115,22831572.48331129,297.5,1.642742862563858e-07,309.8,BID
324,1712452806.6589518,22835216.78297594,297.5,2.127921526535689e-07,309.8,BID
325,1712452808.7784047,22842024.13491603,297.7,3.974840727986941e-07,309.8,BID
326,1712452809.218573,22843024.13491603,297.4,-5.83904102941591e-08,309.8,ASK
327,1712452814.118709,22852942.9171581,297.4,-5.791617647329379e-07,309.8,ASK
328,1712452816.6555092,22852959.72724213,298.0,9.815477035928688e-10,309.8,BID
329,1712452830.20704,22852959.72724213,298.0,0.0,309.8,BID
330,1712452837.7487245,22853038.05442333,297.8,4.571631673371868e-09,309.8,BID
331,1712452840.6439767,22853773.73691765,297.8,4.293872626527065e-08,309.8,BID
332,1712452841.018535,22853807.29396463,297.4,-1.958585212799634e-09,309.8,ASK
333,1712452849.5047414,22856807.29396463,297.4,-1.7509751800589272e-07,309.8,ASK
334,1712452860.318721,22856807.29396463,297.4,-0.0,309.8,ASK
335,1712452860.8595862,22869420.03537549,297.4,-7.361040632805991e-07,309.8,ASK
336,1712452873.15975,22869757.30350366,297.4,-1.9683622415793308e-08,309.8,ASK
337,1712452878.398392,22869774.08538285,298.0,9.794230341446118e-10,309.8,BID
338,1712452880.3482618,22870111.92322069,297.6,-1.9716871777840026e-08,309.8,ASK
339,1712452881.3887858,22877293.41633369,297.7,-4.191258734877131e-07,309.8,ASK
340,1712452881.392783,22877293.41633456,297.7,-5.0657734750207004e-17,309.8,ASK
341,1712452886.0285988,22877310.19821375,298.0,9.794230341446118e-10,309.8,BID
342,1712452890.2984955,22877310.19821375,298.0,0.0,309.8,BID
343,1712452892.278625,22877592.64948811,297.6,-1.647853815561125e-08,309.8,ASK
344,1712452916.1159444,22877931.05896358,297.6,-1.9743205146899266e-08,309.8,ASK
345,1712452918.7988226,22884988.22198402,297.6,-4.117231560227253e-07,309.8,ASK
346,1712452918.8089252,22924666.27002996,297.6,-2.314863794271344e-06,309.8,ASK
347,1712452918.839134,22950745.49526158,297.6,1.5214925442258489e-06,309.8,BID
348,1712452920.209735,22950745.49526158,297.6,0.0,309.8,BID
349,1712452922.4617274,22951417.76416914,297.6,3.9171012078628624e-08,309.8,BID
350,1712452922.9529576,22951756.74721999,297.4,-1.9751484904194064e-08,309.8,ASK
351,1712452929.1641753,22951857.62146343,297.4,-5.877627484621041e-09,309.8,ASK
352,1712452932.7784,22952197.18003729,297.4,-1.9785018834704562e-08,309.8,ASK
353,1712452936.907419,22953118.90964066,297.6,5.370630862243778e-08,309.8,BID
354,1712452941.969107,22953454.90964065,297.9,1.9577671836497283e-08,309.8,BID
355,1712452942.0562532,22958551.02221954,297.9,2.9693458248070697e-07,309.8,BID
356,1712452942.248736,22963589.65171232,297.7,2.935852223737239e-07,309.8,BID
357,1712452942.5517557,22963929.78776675,297.6,-1.9818666826018612e-08,309.8,ASK
358,1712452945.0903912,22964265.78776675,297.9,1.9577671836931407e-08,309.8,BID
359,1712452950.2008104,22964265.78776675,297.9,0.0,309.8,BID
360,1712452951.7527854,22971336.12057972,297.9,4.118696262655403e-07,309.8,BID
361,1712452951.8683386,22971672.12057972,297.9,-1.9573080657728765e-08,309.8,ASK
362,1712452952.8565538,22971957.31720711,298.0,1.6613620807171527e-08,309.8,BID
363,1712452952.8585696,22981553.55574741,298.0,5.590117588097688e-07,309.8,BID
364,1712452952.9284024,22995797.70540932,298.1,8.297675304563102e-07,309.8,BID
365,1712452953.0120568,22998881.03220945,298.1,1.7961370283656925e-07,309.8,BID
366,1712452954.750609,22998897.80510445,298.1,9.770750795111366e-10,309.8,BID
367,1712452959.3386052,23007912.39962778,298.0,-5.251291241126314e-07,309.8,ASK
368,1712452964.2588682,23007952.39962778,298.2,2.330128649729615e-09,309.8,BID
369,1712452969.0386744,23007969.18714037,298.5,9.779266012644795e-10,309.8,BID
370,1712452969.2583675,23008874.05736272,298.5,5.271160073454898e-08,309.8,BID
371,1712452969.261335,23009192.27822534,298.5,1.8537388723288813e-08,309.8,BID
372,1712452971.6136572,23009399.20533167,298.5,1.2054169471530954e-08,309.8,BID
373,1712452971.616302,23009527.27822534,298.5,7.460657969954572e-09,309.8,BID
374,1712452971.6526878,23009813.65026646,298.1,-1.6682092437447032e-08,309.8,ASK
375,1712452976.9883587,23009830.4040353,298.5,9.759609190641535e-10,309.8,BID
376,1712452980.288989,23009830.4040353,298.5,0.0,309.8,BID
377,1712452980.8001568,23010165.4040353,298.5,1.949940178750273e-08,309.8,BID
378,1712452993.7186098,23010500.4040353,298.5,1.949940178750273e-08,309.8,BID
379,1712452994.1191325,23015462.88814241,298.7,2.888521536377531e-07,309.8,BID
380,1712452994.1232402,23017560.72907364,298.5,1.221093826994295e-07,309.8,BID
381,1712453000.1461203,23017577.46602143,298.8,9.742103571627964e-10,309.8,BID
382,1712453000.148312,23017642.49653302,298.8,3.785242011854151e-09,309.8,BID
383,1712453000.273049,23018348.4366633,298.8,-4.1090776830513054e-08,309.8,ASK
384,1712453000.310164,23019464.7892003,298.7,-6.49797213595088e-08,309.8,ASK
385,1712453000.3122716,23020279.32408702,298.7,-4.741177022722679e-08,309.8,ASK
386,1712453000.3144026,23022370.34948862,298.7,-1.21712670010946e-07,309.8,ASK
387,1712453003.6797855,23024298.44788862,298.7,1.1222915041030021e-07,309.8,BID
388,1712453003.7584426,23046132.0577243,298.7,-1.2708726288283792e-06,309.8,ASK
389,1712453010.4083428,23046132.0577243,298.7,-0.0,309.8,ASK
390,1712453018.7588053,23048941.82791732,298.1,-1.6344561243974225e-07,309.8,ASK
391,1712453018.763146,23049381.4563973,298.1,-2.5573389003423093e-08,309.8,ASK
392,1712453018.79831,23049381.45639769,298.1,-2.275369258503749e-17,309.8,ASK
393,1712453018.8184865,23056438.61941814,298.0,-4.105183885966491e-07,309.8,ASK
394,1712453018.8227234,23056768.39626377,298.0,-1.9183269377837774e-08,309.8,ASK
395,1712453026.2286046,23056785.16126545,298.3,9.75227786978687e-10,309.8,BID
396,1712453026.3085546,23056785.16126591,297.8,-2.6654325599615337e-17,309.8,ASK
397,1712453026.3126674,23064713.59141991,297.8,-4.612003947604885e-07,309.8,ASK
398,1712453026.3889987,23074388.43488497,297.7,-5.627900528430254e-07,309.8,ASK
399,1712453026.3924851,23074527.63038291,297.7,-8.097065541656069e-09,309.8,ASK
400,1712453026.551448,23075567.5500204,298.0,-6.049259916701957e-08,309.8,ASK
401,1712453028.6798568,23078606.16262544,297.5,-1.7675747982231509e-07,309.8,ASK
402,1712453028.6839516,23078606.16262632,297.7,-5.114163285779854e-17,309.8,ASK
403,1712453028.6870728,23078759.65052954,297.6,-8.928461269402818e-09,309.8,ASK
404,1712453028.690173,23078913.19002533,297.5,-8.931462432480169e-09,309.8,ASK
405,1712453028.69327,23079098.8771893,297.6,-1.0801506939220304e-08,309.8,ASK
406,1712453028.6957834,23079686.3284484,297.5,-3.417230742233492e-08,309.8,ASK
407,1712453028.700842,23079686.3284498,297.5,-8.147988963784852e-17,309.8,ASK
408,1712453037.838557,23082686.3284498,297.7,1.7451136699281017e-07,309.8,BID
409,1712453040.199756,23082686.3284498,297.7,0.0,309.8,BID
410,1712453045.9684396,23082703.12724053,297.7,9.76574898932849e-10,309.8,BID
411,1712453046.1685052,23083743.04687803,297.5,6.045431669324795e-08,309.8,BID
412,1712453050.1785562,23084187.81809973,297.5,2.5856171307105147e-08,309.8,BID
413,1712453051.7085035,23084221.40896301,297.7,1.9527592455272433e-09,309.8,BID
414,1712453066.9087462,23085641.95950743,297.7,8.258177785537384e-08,309.8,BID
415,1712453066.913129,23087221.40896301,297.7,9.18191503896006e-08,309.8,BID
416,1712453070.204342,23087221.40896301,297.7,0.0,309.8,BID
417,1712453087.7984023,23087238.1908422,298.0,9.75515222194355e-10,309.8,BID
418,1712453093.6142263,23093025.33896301,298.0,3.364016044274344e-07,309.8,BID
419,1712453093.7483697,23094382.25728515,298.0,-7.887641565700663e-08,309.8,ASK
420,1712453096.5383756,23100811.55963315,298.0,-3.737294397976253e-07,309.8,ASK
421,1712453096.55837,23100811.55963414,298.0,-5.76016890383799e-17,309.8,ASK
422,1712453097.738618,23115784.51946296,298.0,-8.703644013069033e-07,309.8,ASK
423,1712453097.759167,23117333.44634179,298.0,-9.003769668605486e-08,309.8,ASK
424,1712453100.3109772,23117333.44634179,298.0,-0.0,309.8,ASK
425,1712453101.9442527,23122149.02127283,297.6,-2.812027548707398e-07,309.8,ASK
426,1712453105.3287482,23123182.06439551,297.6,-6.032396466829427e-08,309.8,ASK
427,1712453117.0782034,23123350.0751482,297.6,-9.810892194729549e-09,309.8,ASK
428,1712453121.988421,23128292.30762052,298.1,2.885988498425382e-07,309.8,BID
429,1712453126.7085445,23131242.12801152,298.0,-1.722530813457154e-07,309.8,ASK
430,1712453130.308591,23131242.12801152,298.0,-0.0,309.8,ASK
431,1712453139.2585452,23131242.12801233,298.0,-4.7193939254313115e-17,309.8,ASK
432,1712453144.398209,23133001.96671533,298.0,1.0273992363128e-07,309.8,BID
433,1712453144.498806,23133001.96671564,298.0,1.826862164683089e-17,309.8,BID
434,1712453144.5025203,23133484.26603403,298.1,2.8156782240422658e-08,309.8,BID
435,1712453144.6589437,23134233.07992633,298.2,4.3715984867225214e-08,309.8,BID
436,1712453144.6624458,23134233.07992664,298.1,1.805113805579718e-17,309.8,BID
437,1712453148.8487685,23134249.85617622,298.4,9.794025996473267e-10,309.8,BID
438,1712453157.3193142,23134266.60433429,298.6,9.777626087358542e-10,309.8,BID
439,1712453160.292339,23134266.60433429,298.6,0.0,309.8,BID
440,1712453183.5037563,23134466.60433429,297.8,-1.1675446903421608e-08,309.8,ASK
441,1712453190.1994026,23134466.60433429,297.8,-0.0,309.8,ASK
442,1712453195.6687837,23136113.40169988,297.8,-9.613514175614265e-08,309.8,ASK
443,1712453198.6457434,23144153.6027049,298.5,4.693630676838931e-07,309.8,BID
444,1712453202.1383138,23144767.63424294,297.8,-3.5845338464648244e-08,309.8,ASK
445,1712453207.4382277,23144784.38801178,298.5,9.780352919783987e-10,309.8,BID
446,1712453207.5383437,23144824.84771892,298.5,2.361917599994263e-09,309.8,BID
447,1712453212.5587392,23144910.19312261,298.6,4.982211323271896e-09,309.8,BID
448,1712453220.3090353,23144910.19312261,298.6,0.0,309.8,BID
449,1712453228.5306978,23146934.54674286,298.5,1.1815426367179917e-07,309.8,BID
450,1712453228.5330176,23146969.88837867,298.4,2.062764585259117e-09,309.8,BID
451,1712453228.535153,23147250.19312261,298.6,1.636038303430296e-08,309.8,BID
452,1712453229.071808,23147585.19312261,298.6,1.955274905239573e-08,309.8,BID
453,1712453232.5484364,23147920.19312261,298.6,1.955274905239573e-08,309.8,BID
454,1712453235.5982935,23148255.19312261,298.6,1.955274905239573e-08,309.8,BID
455,1712453235.678265,23150524.37182861,298.6,1.3244382624899814e-07,309.8,BID
456,1712453235.6829689,23151334.55870681,298.6,4.728770362686757e-08,309.8,BID
457,1712453249.3515203,23151669.55870681,298.9,1.955274905239573e-08,309.8,BID
458,1712453250.3082645,23151669.55870681,298.9,0.0,309.8,BID
459,1712453252.7385545,23152004.55870681,298.9,1.9550446062808853e-08,309.8,BID
460,1712453255.769513,23152339.55870681,298.9,1.9550446062808853e-08,309.8,BID
461,1712453267.5385103,23152874.85479245,298.9,3.123963358194904e-08,309.8,BID
462,1712453280.3087118,23152874.85479245,298.9,0.0,309.8,BID
463,1712453291.7484927,23153209.85479245,298.9,1.9550035027562122e-08,309.8,BID
464,1712453295.3982072,23153544.85479245,298.9,1.9550035027562122e-08,309.8,BID
465,1712453298.0483584,23154817.21718561,298.9,7.425292344483405e-08,309.8,BID
466,1712453298.0583444,23160236.05586304,298.9,3.162342864254077e-07,309.8,BID
467,1712453300.5007658,23160403.50395413,298.6,-9.771988197321033e-09,309.8,ASK
468,1712453300.5045226,23161417.65563505,298.6,-5.9184181747021945e-08,309.8,ASK
469,1712453308.728293,23161434.38698333,298.9,9.764132684467896e-10,309.8,BID
470,1712453310.3398027,23161434.38698333,298.9,0.0,309.8,BID
471,1712453313.5815368,23163313.55886387,298.6,-1.0964893272463749e-07,309.8,ASK
472,1712453321.6588204,23164988.03977387,298.6,9.770529590752916e-08,309.8,BID
473,1712453321.6633422,23164988.03977479,298.6,5.3690194631922215e-17,309.8,BID
474,1712453338.9482837,23165606.04056036,298.6,-3.606010033597792e-08,309.8,ASK
475,1712453340.197991,23165606.04056036,298.6,-0.0,309.8,ASK
476,1712453343.3099556,23166077.87646123,298.6,2.7529436441643053e-08,309.8,BID
477,1712453346.378407,23199937.19232518,298.6,1.9755340412141305e-06,309.8,BID
478,1712453346.5212424,23201611.11264618,298.7,9.766548709100564e-08,309.8,BID
479,1712453346.5398245,23201611.11264658,298.7,2.325681497971987e-17,309.8,BID
480,1712453351.5982375,23201684.05281946,298.7,-4.255720791206649e-09,309.8,ASK
481,1712453356.22716,23201700.78416774,298.9,9.761965721662303e-10,309.8,BID
482,1712453367.218721,23202400.78416774,298.8,4.08417534012347e-08,309.8,BID
483,1712453367.2234197,23225089.82918941,298.9,1.323800545263542e-06,309.8,BID
484,1712453370.2004516,23225089.82918941,298.9,0.0,309.8,BID
485,1712453378.5185382,23225106.55159743,299.0,9.746644780201274e-10,309.8,BID
486,1712453388.6384869,23225424.27734995,299.0,1.8518625087376377e-08,309.8,BID
487,1712453388.764442,23225938.38651595,299.0,-2.9964819734313623e-08,309.8,ASK
488,1712453400.399064,23225938.38651595,299.0,-0.0,309.8,ASK
489,1712453410.0086384,23225938.38651609,299.0,-8.321132446257395e-18,309.8,ASK
490,1712453418.1544251,23275938.38651609,298.9,-2.939061819273025e-06,309.8,ASK
491,1712453418.2388427,23283243.04163225,298.9,-4.293766590972332e-07,309.8,ASK
492,1712453420.365794,23283343.04163225,298.4,-5.87812363854605e-09,309.8,ASK
493,1712453430.2105784,23283343.04163225,298.4,-0.0,309.8,ASK
494,1712453430.9987853,23284061.54934519,298.2,-4.2192217480117496e-08,309.8,ASK
495,1712453431.0035112,23284098.84042425,298.2,-2.189807136925881e-09,309.8,ASK
496,1712453431.078833,23284098.840425,298.2,-4.397006375750872e-17,309.8,ASK
497,1712453438.8784175,23284115.59419384,298.5,9.838149900580075e-10,309.8,BID
498,1712453451.1389432,23291172.75721428,298.5,4.1441080114803977e-07,309.8,BID
499,1712453451.1430223,23304216.0967064,298.5,7.659311189095663e-07,309.8,BID
500,1712453460.308478,23304216.0967064,298.5,0.0,309.8,BID
501,1712453469.0390174,23305891.13858244,298.5,9.83258531298291e-08,309.8,BID
502,1712453478.3326952,23306558.18883369,298.5,3.915620616608219e-08,309.8,BID
503,1712453483.028345,23308729.59492332,298.2,-1.2746269768451998e-07,309.8,ASK
504,1712453490.3115315,23308729.59492332,298.2,-0.0,309.8,ASK
505,1712453491.5130866,23308746.34869216,298.5,9.833774489051375e-10,309.8,BID
506,1712453520.1995423,23308746.34869216,298.5,0.0,309.8,BID
507,1712453538.6687737,23316151.00380832,298.5,4.3462272821908746e-07,309.8,BID
508,1712453538.6737175,23339365.48411065,298.5,1.3625942876351091e-06,309.8,BID
509,1712453540.9384463,23341125.48182937,298.6,1.033046101635195e-07,309.8,BID
510,1712453550.191298,23341125.48182937,298.6,0.0,309.8,BID
511,1712453555.1189597,23343806.18099753,298.6,-1.572567751883864e-07,309.8,ASK
512,1712453555.180123,23368831.70297648,298.6,1.4680621125107096e-06,309.8,BID
513,1712453559.8985648,23368865.19259469,298.6,1.964587979237848e-09,309.8,BID
514,1712453562.211484,23369200.19259469,298.6,1.9651970021036755e-08,309.8,BID
515,1712453571.5422983,23370680.5802855,298.6,8.684338662494362e-08,309.8,BID
516,1712453571.6584668,23372884.0505987,298.6,-1.292612911559061e-07,309.8,ASK
517,1712453579.96349,23381433.44754795,298.6,5.015298284913701e-07,309.8,BID
518,1712453579.9658463,23382896.98959127,299.0,8.585517719363557e-08,309.8,BID
519,1712453580.28835,23382896.98959127,299.0,0.0,309.8,BID
520,1712453592.0788388,23383261.78963463,299.0,2.138447027160324e-08,309.8,BID
521,1712453592.082721,23383397.60832036,299.0,7.961651047392628e-09,309.8,BID
522,1712453598.4840133,23384688.213265,299.0,7.565487881234777e-08,309.8,BID
523,1712453598.4895809,23386729.41580916,299.0,1.196546873236827e-07,309.8,BID
524,1712453598.5582857,23386925.53808624,299.0,-1.14966296747563e-08,309.8,ASK
525,1712453607.25846,23386942.26383875,299.3,9.804586480564127e-10,309.8,BID
526,1712453610.3060122,23386942.26383875,299.3,0.0,309.8,BID
527,1712453640.2091162,23386942.26383875,299.3,0.0,309.8,BID
528,1712453656.1089094,23389719.32101026,299.1,1.627787256837078e-07,309.8,BID
529,1712453668.2589483,23390722.33003734,299.0,5.879192295786173e-08,309.8,BID
530,1712453670.2186255,23390722.33003734,299.0,0.0,309.8,BID
531,1712453671.9982564,23394246.7350589,299.0,2.065712402253157e-07,309.8,BID
532,1712453684.3785534,23394617.02817321,299.0,2.170349531385812e-08,309.8,BID
533,1712453692.7207303,23394951.47633374,299.0,1.960256295452093e-08,309.8,BID
534,1712453700.3188632,23394951.47633374,299.0,0.0,309.8,BID
535,1712453730.3344948,23394951.47633374,299.0,0.0,309.8,BID
536,1712453733.6184528,23395955.15649432,298.9,5.8945430540087054e-08,309.8,BID
537,1712453753.4385557,23396055.69268734,298.4,-5.904419968855678e-09,309.8,ASK
538,1712453753.443124,23396218.85730996,298.2,-9.582543629924804e-09,309.8,ASK
539,1712453753.449333,23400573.24847898,298.4,-2.557303335057269e-07,309.8,ASK
540,1712453760.1900835,23400573.24847898,298.4,-0.0,309.8,ASK
541,1712453771.097988,23401112.29479008,298.3,-3.1654691550582565e-08,309.8,ASK
542,1712453776.4291413,23406355.50847898,298.3,-3.078999125628564e-07,309.8,ASK
543,1712453776.433952,23406733.51793668,298.3,-2.2198042246527723e-08,309.8,ASK
544,1712453777.4591854,23407403.98391053,298.3,-3.937211545696991e-08,309.8,ASK
545,1712453777.4641633,23421140.30049372,298.3,-8.066447270410985e-07,309.8,ASK
546,1712453777.556261,23421336.4227708,298.3,1.1516988539219205e-08,309.8,BID
547,1712453778.3412657,23421671.4227708,298.3,1.9672375918407298e-08,309.8,BID
548,1712453779.7387526,23426840.5039858,298.3,3.0354659347549213e-07,309.8,BID
549,1712453782.7885242,23427175.5039858,298.3,1.9672375918407298e-08,309.8,BID
550,1712453786.2283533,23427510.5039858,298.3,1.9672375918407298e-08,309.8,BID
551,1712453787.3287065,23434567.66700625,298.1,-4.144213846441413e-07,309.8,ASK
552,1712453789.241803,23434902.84200625,298.1,1.9682652532736783e-08,309.8,BID
553,1712453789.2468913,23435237.84200625,298.1,1.9672375918407298e-08,309.8,BID
554,1712453790.1988225,23435237.84200625,298.1,0.0,309.8,BID
555,1712453794.945101,23435572.84200625,298.1,1.966043934487045e-08,309.8,BID
556,1712453797.513224,23436579.55341564,298.0,-5.908175702119583e-08,309.8,ASK
557,1712453797.5181203,23436732.93823766,297.8,-9.001829820051874e-09,309.8,ASK
558,1712453797.5228384,23436793.53219739,298.0,-3.556130955043336e-09,309.8,ASK
559,1712453797.527692,23437275.99838787,297.7,-2.8314917235453053e-08,309.8,ASK
560,1712453797.5310628,23437900.24533754,298.0,-3.663572922443957e-08,309.8,ASK
561,1712453797.5337691,23445307.60623725,297.8,-4.347222975354337e-07,309.8,ASK
562,1712453797.536532,23447635.2053018,298.0,-1.3660185142601393e-07,309.8,ASK
563,1712453797.5392983,23455073.74845995,297.8,-4.365523181344266e-07,309.8,ASK
564,1712453797.5426958,23465338.32927795,297.7,-6.024064733517401e-07,309.8,ASK
565,1712453797.9284728,23465673.32927795,298.1,1.966043934487045e-08,309.8,BID
566,1712453797.968335,23465826.76562326,297.7,-9.004853612676321e-09,309.8,ASK
567,1712453804.6587512,23466035.5929082,297.6,-1.2255630355548447e-08,309.8,ASK
568,1712453804.664136,23473828.06707892,297.6,-4.573237784473959e-07,309.8,ASK
569,1712453804.7584178,23477433.80787892,297.6,2.116132784828029e-07,309.8,BID
570,1712453805.1581385,23477769.80787892,297.6,1.971912722351185e-08,309.8,BID
571,1712453808.5086253,23478105.80787892,297.6,1.971912722351185e-08,309.8,BID
572,1712453810.378444,23493714.00777634,297.6,9.160121413905444e-07,309.8,BID
573,1712453819.8288066,23493939.00429207,297.6,1.3204568210033613e-08,309.8,BID
574,1712453820.290783,23493939.00429207,297.6,0.0,309.8,BID
575,1712453827.4400916,23495439.00429207,297.6,-8.794162503736112e-08,309.8,ASK
576,1712453831.659217,23495455.77718707,298.1,9.833570953053186e-10,309.8,BID
577,1712453831.718262,23496521.14347122,297.6,-6.246002819192922e-08,309.8,ASK
578,1712453834.9129455,23496575.06488386,297.6,-3.161291101426335e-09,309.8,ASK
579,1712453846.4086895,23496591.84676305,298.0,9.838838179019548e-10,309.8,BID
580,1712453850.3092003,23496591.84676305,298.0,0.0,309.8,BID
581,1712453854.5425837,23496926.84676305,298.1,1.9639387216541083e-08,309.8,BID
582,1712453854.6184092,23497080.28310836,298.1,8.995211339366852e-09,309.8,BID
583,1712453858.5432684,23497415.28310836,298.1,1.9639387216541083e-08,309.8,BID
584,1712453867.8889058,23502907.09793559,297.8,-3.219578445179351e-07,309.8,ASK
585,1712453870.0383298,23505080.80299238,297.8,-1.274335382234549e-07,309.8,ASK
586,1712453870.0782354,23507415.28310836,297.8,-1.368589819314782e-07,309.8,ASK
587,1712453880.2007148,23507415.28310836,297.8,-0.0,309.8,ASK
588,1712453882.613019,23507751.28310836,297.8,1.9694290508039338e-08,309.8,BID
589,1712453886.1391163,23513540.45310836,297.7,-3.3932617791782125e-07,309.8,ASK
590,1712453886.1444278,23514212.49611911,297.6,-3.939110204660731e-08,309.8,ASK
591,1712453886.148934,23532042.26486581,297.5,-1.045073349370832e-06,309.8,ASK
592,1712453886.1536255,23541330.86672152,297.5,5.444417361900862e-07,309.8,BID
593,1712453891.4088795,23541364.49146933,297.4,-1.9708796181066027e-09,309.8,ASK
594,1712453891.4131553,23541518.13425439,297.3,-9.005612033884473e-09,309.8,ASK
595,1712453891.4173062,23541671.82873622,297.2,-9.00864218649748e-09,309.8,ASK
596,1712453891.420598,23553707.82873622,297.1,-7.054776206986948e-07,309.8,ASK
597,1712453891.423009,23553861.62671601,297.0,-9.014708611749854e-09,309.8,ASK
598,1712453891.4254425,23554048.96857334,297.2,-1.0980848102836906e-08,309.8,ASK
599,1712453891.4278991,23554202.5596964,297.4,-9.002583919606206e-09,309.8,ASK
600,1712453891.430322,23554303.56979741,297.0,-5.9206020047445444e-09,309.8,ASK
601,1712453891.432778,23554715.54927941,297.3,-2.4147748814989705e-08,309.8,ASK
602,1712453891.435222,23554902.95419357,297.1,-1.0984544113357068e-08,309.8,ASK
603,1712453891.437667,23608927.86227091,297.0,-3.1666137926942447e-06,309.8,ASK
604,1712453891.459039,23612443.73367091,297.0,2.060791450609544e-07,309.8,BID
605,1712453891.47899,23614617.43872845,297.0,1.2740946095845746e-07,309.8,BID
606,1712453891.4830563,23615817.27391843,297.0,7.032709164650388e-08,309.8,BID
607,1712453891.487351,23626244.27908292,297.0,6.11168062018678e-07,309.8,BID
608,1712453891.4988725,23628640.28028292,297.0,1.404391181261033e-07,309.8,BID
609,1712453891.5032237,23630627.32853663,297.0,1.1646876655381801e-07,309.8,BID
610,1712453892.6425805,23630694.69128503,296.9,-3.948397429753839e-09,309.8,ASK
611,1712453892.6485667,23632723.51583219,296.9,-1.1891744054053157e-07,309.8,ASK
612,1712453892.7188914,23634062.82870504,296.9,-7.850243094956228e-08,309.8,ASK
613,1712453892.7245524,23634553.32382111,296.9,-2.8749861037664698e-08,309.8,ASK
614,1712453892.801402,23634707.22543836,296.8,-9.020783213705065e-09,309.8,ASK
615,1712453892.807304,23634774.6108831,296.8,-3.949727752251176e-09,309.8,ASK
616,1712453892.9380913,23634825.5403831,296.8,2.9851796678671555e-09,309.8,BID
617,1712453897.8792157,23639979.95296625,297.6,3.0212053217514575e-07,309.8,BID
618,1712453897.8822625,23644457.2307813,297.0,2.6243098206792094e-07,309.8,BID
619,1712453897.8849723,23651514.39380175,297.5,4.136482699025998e-07,309.8,BID
620,1712453898.0385058,23657957.34095913,296.8,3.7764664596859033e-07,309.8,BID
621,1712453902.805875,23660347.16145913,296.7,-1.4007684282446513e-07,309.8,ASK
622,1712453902.8085794,23660432.10550092,296.6,-4.978906654716238e-09,309.8,ASK
623,1712453902.8111718,23660653.46714567,296.7,-1.297488255659612e-08,309.8,ASK
624,1712453902.8137388,23660874.90342348,296.6,-1.2979257095888632e-08,309.8,ASK
625,1712453902.8163283,23664381.70532348,296.7,-2.055475457521789e-07,309.8,ASK
626,1712453902.8427632,23674401.15646283,296.6,5.872797067543292e-07,309.8,BID
627,1712453902.8650246,23676230.96445175,296.6,1.07252291987227e-07,309.8,BID
628,1712453903.3201232,23676248.159327,296.6,1.0078597275374179e-09,309.8,BID
629,1712453905.876447,23676585.159327,296.6,1.9752904467884692e-08,309.8,BID
630,1712453910.2005303,23676585.159327,296.6,0.0,309.8,BID
631,1712453912.978671,23676753.73653536,296.6,9.851953719231876e-09,309.8,BID
632,1712453915.5272534,23677090.73653536,296.6,1.969488304916479e-08,309.8,BID
633,1712453919.1590028,23677427.73653536,296.6,1.969488304916479e-08,309.8,BID
634,1712453924.659259,23677495.19016099,296.5,-3.9421105876455856e-09,309.8,ASK
635,1712453924.6685247,23677767.12088086,296.5,-1.5892117879335295e-08,309.8,ASK
636,1712453925.288159,23687628.41855194,296.6,5.763118823291233e-07,309.8,BID
637,1712453930.750083,23688094.49704908,296.6,-2.7238461403148137e-08,309.8,ASK
638,1712453930.7560668,23688145.25772887,296.5,-2.9665449614587878e-09,309.8,ASK
639,1712453930.760805,23688366.84342387,296.4,-1.2949864535203e-08,309.8,ASK
640,1712453930.763403,23691852.77382387,296.5,-2.037240105207982e-07,309.8,ASK
641,1712453930.7660856,23692006.93514685,296.3,-9.009463581061311e-09,309.8,ASK
642,1712453930.7688098,23694344.05924685,296.5,-1.365857146020117e-07,309.8,ASK
643,1712453930.7715292,23706435.5924552,296.3,-7.066508380521565e-07,309.8,ASK
644,1712453930.774236,23706538.74886508,296.4,-6.028645187906546e-09,309.8,ASK
645,1712453934.938375,23710104.99616692,296.6,2.0841787398849962e-07,309.8,BID
646,1712453939.118599,23710121.82658415,297.1,9.835997003791766e-10,309.8,BID
647,1712453939.4982116,23710139.36452682,296.5,-1.0249487531579635e-09,309.8,ASK
648,1712453940.308289,23710139.36452682,296.5,-0.0,309.8,ASK
649,1712453946.1587172,23710498.61838329,296.5,-2.0983239246560627e-08,309.8,ASK
650,1712453948.8886375,23711213.25548006,296.5,-4.1740404190458255e-08,309.8,ASK
651,1712453952.9886494,23711381.88954414,296.6,-9.84955024987879e-09,309.8,ASK
652,1712453959.2472131,23711398.7222604,297.1,9.83162479943465e-10,309.8,BID
653,1712453959.7802973,23711439.78663559,297.1,2.3984811674778686e-09,309.8,BID
654,1712453961.528263,23711456.61598597,297.1,9.829658863024847e-10,309.8,BID
655,1712453964.4381948,23713195.78334366,296.6,-1.0158099655469044e-07,309.8,ASK
656,1712453965.6381238,23714274.40256652,297.1,6.29998114191583e-08,309.8,BID
657,1712453970.3182888,23714274.40256652,297.1,0.0,309.8,BID
658,1712453971.9685397,23714520.65926184,296.6,-1.438228926979076e-08,309.8,ASK
659,1712453976.671152,23714537.4919781,297.1,9.830920297696256e-10,309.8,BID
660,1712453982.42868,23715076.53828921,296.6,-3.148227083142761e-08,309.8,ASK
661,1712453983.5087342,23715107.54300326,297.1,1.8107883954232103e-09,309.8,BID
662,1712453983.51347,23715679.00850125,297.1,3.3375669599625454e-08,309.8,BID
663,1712453988.5423694,23717830.00850125,296.8,-1.256262461362981e-07,309.8,ASK
664,1712453988.5457354,23718858.50887384,296.7,-6.00681733882353e-08,309.8,ASK
665,1712453995.35862,23719577.4454135,296.7,-4.19885163588325e-08,309.8,ASK
666,1712454000.2398508,23719577.4454135,296.7,-0.0,309.8,ASK
667,1712454006.3085473,23720915.39296088,296.7,-7.822670602038748e-08,309.8,ASK
668,1712454013.1787407,23720932.22001337,297.2,9.83838933610207e-10,309.8,BID
669,1712454030.2277637,23720932.22001337,297.2,0.0,309.8,BID
670,1712454030.5865636,23723631.5275891,296.7,-1.5781857668981438e-07,309.8,ASK
671,1712454030.5894098,23732323.79528377,296.7,-5.08204892288702e-07,309.8,ASK
672,1712454035.888458,23732340.62233626,297.2,9.83815811932414e-10,309.8,BID
673,1712454044.238012,23732464.01964418,296.7,-7.2145863176064e-09,309.8,ASK
674,1712454044.3585746,23732666.07559294,297.2,1.1813467472826672e-08,309.8,BID
675,1712454052.7291503,23737965.79608924,297.2,3.098551469641392e-07,309.8,BID
676,1712454052.7346902,23742761.55947952,297.2,2.803906302488627e-07,309.8,BID
677,1712454060.3119557,23742761.55947952,297.2,0.0,309.8,BID
678,1712454076.6084137,23743097.55947952,297.2,1.9637241039262025e-08,309.8,BID
679,1712454080.3382876,23743433.55947952,297.2,1.9637241039262025e-08,309.8,BID
680,1712454081.230607,23743679.98096712,296.7,-1.4401899253711558e-08,309.8,ASK
681,1712454083.3381755,23743698.47777524,297.2,1.0810305937264971e-09,309.8,BID
682,1712454083.3613286,23744034.47777524,297.2,1.9637241039262025e-08,309.8,BID
683,1712454087.3884556,23744370.47777524,297.2,1.9637241039262025e-08,309.8,BID
684,1712454090.308734,23744370.47777524,297.2,0.0,309.8,BID
685,1712454090.4409678,23744706.47777524,297.2,1.9636692408182176e-08,309.8,BID
686,1712454093.435536,23745042.47777524,297.2,1.9636692408182176e-08,309.8,BID
687,1712454096.5982316,23745378.47777524,297.2,1.9636692408182176e-08,309.8,BID
688,1712454099.0698783,23750378.47777524,297.2,2.922126846455681e-07,309.8,BID
689,1712454099.0995224,23752746.88163278,297.2,1.3841552990735646e-07,309.8,BID
690,1712454099.7980692,23753082.88163278,297.2,1.9636692408182176e-08,309.8,BID
691,1712454100.2389655,23753770.41807989,297.2,4.0181374200426426e-08,309.8,BID
692,1712454102.9085023,23754106.41807989,297.2,1.9636692408182176e-08,309.8,BID
693,1712454107.038098,23754442.41807989,297.2,1.9636692408182176e-08,309.8,BID
694,1712454110.0083866,23754778.41807989,297.2,1.9636692408182176e-08,309.8,BID
695,1712454113.0693362,23755114.41807989,297.2,1.9636692408182176e-08,309.8,BID
696,1712454118.7369628,23755496.49418872,297.2,2.2329497099923352e-08,309.8,BID
697,1712454118.7427344,23758479.15563036,297.2,1.743143014502521e-07,309.8,BID
698,1712454120.2107124,23758479.15563036,297.2,0.0,309.8,BID
699,1712454128.5281262,23758815.15563036,297.2,1.963188151065464e-08,309.8,BID
700,1712454131.5810766,23760242.59969124,297.2,8.340301388757225e-08,309.8,BID
701,1712454131.598836,23760560.30854072,297.2,1.8563162166433667e-08,309.8,BID
702,1712454131.6666958,23761580.57303311,297.3,5.96122369765042e-08,309.8,BID
703,1712454131.670821,23762071.92354605,297.3,2.8708735268589377e-08,309.8,BID
704,1712454139.5088062,23762088.73363008,297.5,9.821832674456523e-10,309.8,BID
705,1712454150.200621,23762088.73363008,297.5,0.0,309.8,BID
706,1712454158.8192215,23762157.02078931,297.5,3.989646972656124e-09,309.8,BID
707,1712454158.8254838,23762424.86808386,297.5,1.5648859315249753e-08,309.8,BID
708,1712454160.608793,23763391.29795583,297.0,-5.6463236374603024e-08,309.8,ASK
709,1712454175.3281076,23763426.63959164,297.1,-2.0648193879363352e-09,309.8,ASK
710,1712454180.3159108,23763426.63959164,297.1,-0.0,309.8,ASK
711,1712454186.528915,23763446.63959164,297.1,1.168463985978286e-09,309.8,BID
712,1712454189.7588823,23763783.63959164,297.1,1.968861816373413e-08,309.8,BID
713,1712454192.0148537,23765129.9876226,297.1,7.86579593383791e-08,309.8,BID
714,1712454192.3807898,23767303.2806226,297.1,1.2697073007402076e-07,309.8,BID
715,1712454193.238088,23767640.2806226,297.1,1.968861816373413e-08,309.8,BID
716,1712454195.4783576,23768495.0796226,297.1,4.9940092337437815e-08,309.8,BID
717,1712454196.249018,23768891.0796226,297.0,-2.3135586922370082e-08,309.8,ASK
718,1712454196.2558,23780774.44506551,296.9,-6.942642276129216e-07,309.8,ASK
719,1712454196.2592998,23781111.44506551,296.9,1.968861816373413e-08,309.8,BID
720,1712454196.5101328,23781411.44406551,296.9,1.752690136657425e-08,309.8,BID
721,1712454196.968923,23785291.61212298,296.9,2.26691831734722e-07,309.8,BID
722,1712454196.9881356,23791398.65741969,297.1,3.567931244971849e-07,309.8,BID
723,1712454202.689962,23791415.47315607,297.4,9.82429117856037e-10,309.8,BID
724,1712454207.7083812,23792357.55879127,297.4,5.5039656821942274e-08,309.8,BID
725,1712454207.7136934,23793514.18323707,297.4,6.757370051095447e-08,309.8,BID
726,1712454207.7289689,23793514.18323775,297.4,3.982873809226351e-17,309.8,BID
727,1712454210.3004775,23793514.18323775,297.4,0.0,309.8,BID
728,1712454240.1898184,23793514.18323775,297.4,0.0,309.8,BID
729,1712454244.39827,23793514.18323782,297.3,4.133066346493192e-18,309.8,BID
730,1712454244.4049597,23794572.10802282,297.3,6.17750984796387e-08,309.8,BID
731,1712454244.4243934,23795630.03280782,297.3,6.17750984796387e-08,309.8,BID
732,1712454244.4354763,23796687.95759275,297.3,6.177509847572317e-08,309.8,BID
733,1712454244.4542828,23797264.89767799,297.3,3.3689096888448784e-08,309.8,BID
734,1712454248.2096462,23799036.24147799,297.4,1.034335703612311e-07,309.8,BID
735,1712454248.2163796,23809166.56742099,297.4,5.915372166652583e-07,309.8,BID
736,1712454248.2688632,23811222.25136913,297.4,1.2003696306205425e-07,309.8,BID
737,1712454248.2882502,23812230.65473048,297.5,5.88834081948956e-08,309.8,BID
738,1712454249.418196,23812342.36378857,297.7,6.522994982716328e-09,309.8,BID
739,1712454249.9876018,23812880.77873048,298.6,3.1439509245669315e-08,309.8,BID
740,1712454270.1919017,23812880.77873048,298.6,0.0,309.8,BID
741,1712454290.0285687,23813419.1936724,297.7,-3.1428938317030406e-08,309.8,ASK
742,1712454290.035834,23813712.12464853,297.7,-1.7099283216542068e-08,309.8,ASK
743,1712454293.838183,23813792.51815154,298.3,4.692816358663955e-09,309.8,BID
744,1712454300.2199695,23813792.51815154,298.3,0.0,309.8,BID
745,1712454304.5584636,23816353.26945154,298.4,1.4963067423228265e-07,309.8,BID
746,1712454304.5658967,23817942.51815154,298.4,9.286351021431192e-08,309.8,BID
747,1712454304.8582375,23818098.37405154,298.4,9.107023942621533e-09,309.8,BID
748,1712454318.3680873,23818116.83662287,298.3,-1.078811127119227e-09,309.8,ASK
749,1712454322.798184,23818444.05562287,298.6,1.9120169768590297e-08,309.8,BID
750,1712454330.2024648,23818444.05562287,298.6,0.0,309.8,BID
751,1712454336.4582746,23820526.59305154,298.3,-1.2167765263037372e-07,309.8,ASK
752,1712454336.4641511,23826469.72452346,298.3,-3.472428763199852e-07,309.8,ASK
753,1712454339.6884794,23826486.47268153,298.6,9.78554590148737e-10,309.8,BID
754,1712454360.3150916,23826486.47268153,298.6,0.0,309.8,BID
755,1712454364.0726612,23827128.28592609,298.6,3.7494348437176544e-08,309.8,BID
756,1712454364.157965,23831428.28592609,298.6,2.512034453116846e-07,309.8,BID
757,1712454364.1980343,23837128.28592609,298.6,3.329906135526982e-07,309.8,BID
758,1712454364.479018,23840918.64766807,298.6,2.214306810612971e-07,309.8,BID
759,1712454364.4878397,23846249.96192609,298.6,3.114522115474476e-07,309.8,BID
760,1712454364.5885231,23848925.7543494,298.9,1.563182036450802e-07,309.8,BID
761,1712454364.5953372,23849143.75375913,298.6,1.2735396000107146e-08,309.8,BID
762,1712454364.6003315,23850999.96192609,298.8,1.0843857831539445e-07,309.8,BID
763,1712454377.0482306,23851082.41592609,298.9,4.816913692955158e-09,309.8,BID
764,1712454379.000207,23852319.50392609,298.9,7.226994598921429e-08,309.8,BID
765,1712454380.2910557,23853126.82260609,298.9,4.716307764659789e-08,309.8,BID
766,1712454382.4084473,23853507.84989874,298.9,2.225938806314232e-08,309.8,BID
767,1712454382.4159193,23854363.91060609,298.9,5.001055792607197e-08,309.8,BID
768,1712454383.840218,23854663.91060609,298.9,1.752582176593148e-08,309.8,BID
769,1712454385.9281788,23856265.14077053,298.9,9.354291489394021e-08,309.8,BID
770,1712454386.8502345,23856400.16449874,298.9,7.8880059826281e-09,309.8,BID
771,1712454386.8558345,23858371.22077053,298.9,1.15147936366795e-07,309.8,BID
772,1712454387.608233,23859393.69217032,298.9,5.973217171147899e-08,309.8,BID
773,1712454387.612907,23859393.69469874,298.9,1.4770888658028696e-13,309.8,BID
774,1712454389.7193265,23869151.62110466,299.0,5.700522633175265e-07,309.8,BID
775,1712454389.7264955,23869393.69469874,299.0,1.4141795546856213e-08,309.8,BID
776,1712454390.31084,23869393.69469874,299.0,0.0,309.8,BID
777,1712454393.3586538,23870508.35769874,299.0,6.506921829609084e-08,309.8,BID
778,1712454403.7726505,23871088.99510466,299.0,3.389510741522429e-08,309.8,BID
779,1712454404.922751,23873480.20031885,298.9,-1.3958824691689798e-07,309.8,ASK
780,1712454420.208383,23873480.20031885,298.9,-0.0,309.8,ASK
781,1712454427.1121247,23873625.44231885,299.2,8.477996924242926e-09,309.8,BID
782,1712454446.5782816,23873673.35431885,298.9,2.7966964696302518e-09,309.8,BID
783,1712454446.7811172,23874384.21000912,298.9,4.149373015897377e-08,309.8,BID
784,1712454448.9912796,23875642.51400912,298.9,7.344912244303136e-08,309.8,BID
785,1712454450.1320643,23875642.51400962,298.9,2.913841697857833e-17,309.8,BID
786,1712454450.1372523,23876500.50091862,298.9,5.0082003660059056e-08,309.8,BID
787,1712454450.2087224,23876500.50091862,298.9,0.0,309.8,BID
788,1712454470.839741,23876533.99051862,298.6,-1.954735986669592e-09,309.8,ASK
789,1712454470.8452804,23876919.99051862,298.6,-2.2530221050000105e-08,309.8,ASK
790,1712454470.9391298,23879649.90190862,298.6,1.5934069187480966e-07,309.8,BID
791,1712454470.9579012,23879649.9019091,298.6,2.80496844380053e-17,309.8,BID
792,1712454473.248329,23879666.61313904,299.2,9.754085609931578e-10,309.8,BID
793,1712454480.3311186,23879666.61313904,299.2,0.0,309.8,BID
794,1712454503.758076,23879716.61313904,298.9,-2.9182613797754152e-09,309.8,ASK
795,1712454510.3178742,23879716.61313904,298.9,-0.0,309.8,ASK
796,1712454516.2483258,23880308.16614536,299.2,3.452609573250635e-08,309.8,BID
797,1712454523.6486547,23880465.65778974,299.2,9.19202765085954e-09,309.8,BID
798,1712454533.3743882,23880522.28678974,299.2,3.305161590556538e-09,309.8,BID
799,1712454540.212613,23880522.28678974,299.2,0.0,309.8,BID
800,1712454550.8882377,23883097.62378974,299.2,1.503078842925695e-07,309.8,BID
801,1712454550.9781518,23886008.08796409,299.2,1.6986736584636598e-07,309.8,BID
802,1712454550.984944,23899835.50744482,299.2,8.070284267171184e-07,309.8,BID
803,1712454552.5877404,23900169.22144482,299.3,1.9477002543174853e-08,309.8,BID
804,1712454552.6595323,23908902.38528682,299.3,5.097054794276141e-07,309.8,BID
805,1712454552.7392237,23908969.20787286,299.3,3.9000571695208125e-09,309.8,BID
806,1712454552.7459617,23909236.09928776,299.3,1.557694542866235e-08,309.8,BID
807,1712454552.7516477,23909270.44637882,299.4,2.004645834256897e-09,309.8,BID
1008,1712454563.2582364,23909270.44638037,299.4,9.04484536607844e-17,309.8,BID
808,1712454563.2582364,23909270.44638037,299.4,9.044845366078441e-17,309.8,BID
809,1712454569.9884958,23909303.835362,299.5,1.948726394785553e-09,309.8,BID
810,1712454570.2084308,23909303.835362,299.5,0.0,309.8,BID
811,1712454591.9890306,23909971.83803246,299.4,-3.89679578426684e-08,309.8,ASK
812,1712454591.995789,23910764.0112829,299.4,-4.621145272623863e-08,309.8,ASK
813,1712454595.9678864,23911371.60241212,299.4,-3.5443848589179125e-08,309.8,ASK
814,1712454597.2916837,23911415.33741212,299.4,2.551282669340508e-09,309.8,BID
815,1712454599.0180707,23911859.14322358,299.4,2.588942666854093e-08,309.8,BID
816,1712454600.2207878,23911859.14322358,299.4,0.0,309.8,BID
817,1712454606.90828,23912085.91728584,299.4,-1.3284504946306468e-08,309.8,ASK
818,1712454609.0758812,23913501.8411346,299.4,8.29453209282365e-08,309.8,BID
819,1712454609.0793798,23917508.23979797,299.5,2.346962537502924e-07,309.8,BID
820,1712454619.7804408,23918329.58875348,299.4,4.8114912937380594e-08,309.8,BID
821,1712454628.029182,23918380.94175348,299.5,3.008276941849476e-09,309.8,BID
822,1712454630.2081096,23918380.94175348,299.5,0.0,309.8,BID
823,1712454632.1281412,23919490.01975348,299.5,6.496275000347485e-08,309.8,BID
824,1712454632.368129,23919928.88243165,299.5,2.5705790258107007e-08,309.8,BID
825,1712454638.7150528,23920778.70703035,299.5,4.9777331217682e-08,309.8,BID
826,1712454644.7381918,23928686.09287872,299.5,4.631644754019658e-07,309.8,BID
827,1712454644.745307,23931632.59576246,299.5,1.7258743769263258e-07,309.8,BID
828,1712454650.6988857,23931649.76930877,299.8,1.005917343417826e-09,309.8,BID
829,1712454650.7031653,23932843.72651629,299.8,6.993443525823267e-08,309.8,BID
830,1712454651.545979,23933409.98311629,299.5,-3.31677176390529e-08,309.8,ASK
831,1712454651.641184,23933977.54221628,299.5,-3.324400982143069e-08,309.8,ASK
832,1712454651.717978,23934598.01261628,299.5,-3.6343217952166905e-08,309.8,ASK
833,1712454651.8183367,23935218.47971627,299.5,-3.634302465845819e-08,309.8,ASK
834,1712454655.228244,23935784.73631627,299.5,-3.31677176390529e-08,309.8,ASK
835,1712454655.348261,23936293.00673392,299.5,-2.9771255110980607e-08,309.8,ASK
836,1712454655.3627925,23936352.29541626,299.4,-3.4727547104500803e-09,309.8,ASK
837,1712454655.4742167,23936972.76581626,299.4,-3.6343217952166905e-08,309.8,ASK
838,1712454655.5680785,23937593.23291625,299.4,-3.634302465845819e-08,309.8,ASK
839,1712454660.29184,23937593.23291625,299.4,-0.0,309.8,ASK
840,1712454661.738194,23937609.914037,299.8,9.767449665793611e-10,309.8,BID
841,1712454690.301107,23937609.914037,299.8,0.0,309.8,BID
842,1712454710.9627786,23941279.02677882,299.8,2.1484086151979814e-07,309.8,BID
843,1712454715.278573,23942785.43161671,299.8,8.820587862579896e-08,309.8,BID
844,1712454715.28696,23943658.52635637,299.8,5.1123102301844585e-08,309.8,BID
845,1712454715.357864,23944177.9308958,299.8,-3.041316159545922e-08,309.8,ASK
846,1712454720.2055469,23944177.9308958,299.8,-0.0,309.8,ASK
847,1712454726.4783478,23950592.1947189,299.4,-3.755368654823196e-07,309.8,ASK
848,1712454726.484753,23954349.49389444,299.4,-2.199791580102297e-07,309.8,ASK
849,1712454732.6787426,23958481.09984554,299.3,-2.418937529037711e-07,309.8,ASK
850,1712454739.9883976,23959000.50438497,299.3,3.0409655423258054e-08,309.8,BID
851,1712454740.0883205,23959301.92284797,299.3,1.7647191932917354e-08,309.8,BID
852,1712454740.9787204,23959821.32738697,299.3,3.0409655398175966e-08,309.8,BID
853,1712454750.2007031,23959821.32738697,299.3,0.0,309.8,BID
854,1712454751.5888383,23959821.32738755,299.3,3.379702855640137e-17,309.8,BID
1055,1712454758.5002456,23960155.44031714,299.3,-1.955599787940481e-08,309.8,ASK
855,1712454758.5002456,23960155.44031714,299.3,-1.9555997879404812e-08,309.8,ASK
856,1712454768.3783703,23960556.37583334,299.3,2.3467197495842212e-08,309.8,BID
1056,1712454768.3783703,23960556.37583334,299.3,2.346719749584221e-08,309.8,BID
857,1712454772.228009,23965518.73871627,299.2,-2.904525668447002e-07,309.8,ASK
858,1712454772.2879748,23984818.72995039,299.2,-1.129649750789608e-06,309.8,ASK
859,1712454774.818399,23986245.41015867,299.0,-8.350516444233117e-08,309.8,ASK
860,1712454776.469337,23986944.69122174,299.0,-4.0929691057625015e-08,309.8,ASK
861,1712454780.3090484,23986944.69122174,299.0,-0.0,309.8,ASK
862,1712454801.168427,23986974.270712,299.0,1.730498206546266e-09,309.8,BID
863,1712454801.175227,23993197.36292174,299.0,3.640715175863294e-07,309.8,BID
864,1712454802.6762474,23993197.36292231,299.0,3.3345099694007495e-17,309.8,BID
865,1712454804.9980943,23993214.07190995,299.3,9.775311503988764e-10,309.8,BID
866,1712454810.3082333,23993214.07190995,299.3,0.0,309.8,BID
867,1712454820.730286,23993956.72890995,299.3,4.3443131369757714e-08,309.8,BID
868,1712454822.338091,23994699.38590995,299.3,4.34431313695398e-08,309.8,BID
869,1712454833.8056486,23994970.43585983,299.3,1.5855581487024203e-08,309.8,BID
870,1712454839.058597,23995974.11602041,298.9,-5.8712176777835464e-08,309.8,ASK
1070,1712454839.058597,23995974.11602041,298.9,-5.871217677783546e-08,309.8,ASK
871,1712454840.2001507,23995974.11602041,298.9,-0.0,309.8,ASK
872,1712454850.607292,23996769.44302041,298.9,4.652191603451105e-08,309.8,BID
873,1712454853.6181152,23997771.44118492,298.9,5.861095433202029e-08,309.8,BID
874,1712454867.4324546,23997850.97418492,298.8,4.652209151665151e-09,309.8,BID
875,1712454870.191129,23997850.97418492,298.8,0.0,309.8,BID
876,1712454871.719844,24012314.59507306,298.8,8.460083428670717e-07,309.8,BID
877,1712454877.518138,24013051.61349852,298.5,-4.310979536928809e-08,309.8,ASK
878,1712454877.5264068,24020639.60339806,298.5,-4.438378750555129e-07,309.8,ASK
879,1712454896.3081205,24020656.3123857,299.3,9.773446812100414e-10,309.8,BID
880,1712454900.230441,24020656.3123857,299.3,0.0,309.8,BID
881,1712454911.8691947,24021707.7654467,299.1,6.151094639336053e-08,309.8,BID
882,1712454914.105578,24023474.5008857,299.1,1.033556065509948e-07,309.8,BID
883,1712454919.6382442,24024172.87400545,298.7,-4.085545339593784e-08,309.8,ASK
884,1712454930.218212,24024172.87400545,298.7,-0.0,309.8,ASK
885,1712454934.9600074,24024272.94071659,299.3,5.853632195790679e-09,309.8,BID
1086,1712454944.7733042,24024372.80756079,299.3,5.8419405199310884e-09,309.8,BID
886,1712454944.7733042,24024372.80756079,299.3,5.841940519931088e-09,309.8,BID
887,1712454947.608865,24032525.61912109,299.3,4.769174452962895e-07,309.8,BID
888,1712454957.4882188,24032542.33144985,299.3,9.77626071581182e-10,309.8,BID
889,1712454957.7624366,24033546.01161043,299.3,5.871257719343413e-08,309.8,BID
1089,1712454957.7624366,24033546.01161043,299.3,5.8712577193434133e-08,309.8,BID
890,1712454960.3205564,24033546.01161043,299.3,0.0,309.8,BID
891,1712454981.052563,24034291.38259973,299.2,-4.3595034434055455e-08,309.8,ASK
892,1712454984.5783162,24035351.21272799,299.2,6.198702605680143e-08,309.8,BID
893,1712454984.6280484,24035518.43680824,299.0,-9.780551753873384e-09,309.8,ASK
894,1712454990.3007252,24035518.43680824,299.0,-0.0,309.8,ASK
895,1712455020.292182,24035518.43680824,299.0,-0.0,309.8,ASK
896,1712455022.0283756,24035585.28172802,299.2,3.909470647374812e-09,309.8,BID
897,1712455026.6424932,24035672.7609796,299.2,5.1162835921554355e-09,309.8,BID
898,1712455044.018203,24035689.80073903,299.2,9.96581932495098e-10,309.8,BID
899,1712455044.5905354,24035756.64565881,299.2,3.909470647156936e-09,309.8,BID
900,1712455047.5183702,24035756.64565882,299.0,-6.536284188352054e-19,309.8,ASK
901,1712455050.211953,24035756.64565882,299.0,-0.0,309.8,ASK
902,1712455052.218292,24035773.69111336,299.2,9.969108592633395e-10,309.8,BID
903,1712455067.57818,24035799.89792973,299.2,1.532717110428073e-09,309.8,BID
904,1712455069.6995623,24036383.41075873,299.2,3.4127002856078345e-08,309.8,BID
905,1712455080.3088796,24036383.41075873,299.2,0.0,309.8,BID
906,1712455102.0182312,24036825.1201569,299.2,2.583328389130321e-08,309.8,BID
907,1712455102.070205,24037266.82955507,299.2,2.583328389130321e-08,309.8,BID
908,1712455102.1182268,24037668.61495507,299.2,2.3498337016796903e-08,309.8,BID
909,1712455102.158152,24038070.40035507,299.2,2.3498337016579043e-08,309.8,BID
910,1712455110.3139024,24038070.40035507,299.2,0.0,309.8,BID
911,1712455114.7289417,24038170.40035507,299.2,5.848306923345685e-09,309.8,BID
912,1712455140.2116508,24038170.40035507,299.2,0.0,309.8,BID
913,1712455164.399613,24038187.4401145,299.2,9.965356865572342e-10,309.8,BID
914,1712455170.2108448,24038187.4401145,299.2,0.0,309.8,BID
915,1712455182.3683906,24061320.87185721,299.2,1.3529113194846764e-06,309.8,BID
916,1712455182.3761322,24064345.44043514,299.2,1.768856912865342e-07,309.8,BID
917,1712455182.6488476,24073668.12861717,299.2,-5.452183017968062e-07,309.8,ASK
918,1712455184.1288545,24073748.20237339,298.8,-4.682949438102941e-09,309.8,ASK
919,1712455190.838316,24073798.20237339,299.2,2.924147473084814e-09,309.8,BID
920,1712455200.4098847,24073798.20237339,299.2,0.0,309.8,BID
921,1712455226.316143,24074093.51944088,299.2,1.7330426034604906e-08,309.8,BID
922,1712455230.2984586,24074093.51944088,299.2,0.0,309.8,BID
923,1712455260.2118754,24074093.51944088,299.2,0.0,309.8,BID
924,1712455281.6481447,24084033.48562497,299.3,5.833152718728313e-07,309.8,BID
925,1712455285.328573,24084367.48562497,299.3,1.96003987536046e-08,309.8,BID
926,1712455289.979114,24098659.75479275,299.3,8.387250741986639e-07,309.8,BID
927,1712455290.2087076,24098659.75479275,299.3,0.0,309.8,BID
928,1712455290.2246842,24117959.74602687,299.3,1.132108891808418e-06,309.8,BID
929,1712455292.0683403,24118293.74602687,299.3,1.9591945160862813e-08,309.8,BID
930,1712455292.168207,24118993.02708938,299.3,4.10187911039615e-08,309.8,BID
931,1712455295.968534,24119327.02708938,299.3,1.9591945160862813e-08,309.8,BID
932,1712455299.9608977,24119661.02708938,299.3,1.9591945160862813e-08,309.8,BID
933,1712455302.4086,24122097.12812189,299.0,-1.4289807735109288e-07,309.8,ASK
934,1712455303.8182454,24122431.12812189,299.3,1.9591945160862813e-08,309.8,BID
935,1712455314.80378,24127442.82207444,299.3,2.939785421597984e-07,309.8,BID
936,1712455314.8790655,24127783.88619449,299.0,-2.0006315977148843e-08,309.8,ASK
937,1712455316.4582744,24127813.64809925,299.0,-1.7457892394136455e-09,309.8,ASK
938,1712455320.2981317,24127813.64809925,299.0,-0.0,309.8,ASK
939,1712455350.897307,24127813.64809925,299.0,-0.0,309.8,ASK
940,1712455372.0485144,24133580.08809925,299.3,3.3807780200573604e-07,309.8,BID
941,1712455372.5282,24141360.79231478,299.3,4.561711175776282e-07,309.8,BID
942,1712455380.217754,24141360.79231478,299.3,0.0,309.8,BID
943,1712455393.490116,24141696.29181361,299.3,1.9665161922878967e-08,309.8,BID
944,1712455410.2169137,24141696.29181361,299.3,0.0,309.8,BID
945,1712455440.3085208,24141696.29181361,299.3,0.0,309.8,BID
946,1712455442.4183035,24148118.5768288,299.3,3.764373176029829e-07,309.8,BID
947,1712455444.4482355,24153884.8068288,299.3,3.379831553329409e-07,309.8,BID
948,1712455444.5083654,24154395.10182276,299.3,2.99105502570965e-08,309.8,BID
949,1712455444.5311446,24154898.54705893,299.3,2.950905695014872e-08,309.8,BID
950,1712455444.868261,24155232.54705893,299.3,1.95771542032131e-08,309.8,BID
951,1712455445.6922235,24156355.45491993,299.3,6.58183842839288e-08,309.8,BID
952,1712455445.7290487,24158028.17839856,299.3,9.804540563017417e-08,309.8,BID
953,1712455446.5788531,24158925.08803764,299.3,5.257167158862339e-08,309.8,BID
954,1712455447.665865,24159435.99514514,299.3,2.994642882340013e-08,309.8,BID
955,1712455448.4382343,24159915.20556095,299.3,2.8088551515284503e-08,309.8,BID
956,1712455453.50319,24160917.04343252,299.3,5.8721959575890526e-08,309.8,BID
957,1712455461.2887664,24161007.20938997,299.1,-5.285008541604697e-09,309.8,ASK
958,1712455461.4330883,24161783.92492798,299.3,4.552658640614797e-08,309.8,BID
959,1712455461.9883668,24177688.62877385,299.3,9.32242035170744e-07,309.8,BID
960,1712455470.2899747,24177688.62877385,299.3,0.0,309.8,BID
961,1712455472.139858,24178750.45109348,299.3,6.219862852926086e-08,309.8,BID
962,1712455473.5784154,24179608.43832615,299.1,-5.025853024663333e-08,309.8,ASK
963,1712455477.0683928,24180037.43194248,299.1,-2.5129265123098453e-08,309.8,ASK
964,1712455492.3098962,24181788.43194248,299.1,-1.0256875989631812e-07,309.8,ASK
965,1712455500.22518,24184115.96375641,299.3,1.3634040649555668e-07,309.8,BID
966,1712455500.236271,24184115.96375641,299.3,0.0,309.8,BID
967,1712455501.4989634,24187420.82597704,299.1,-1.93909166838775e-07,309.8,ASK
968,1712455501.508138,24195779.23453605,299.1,-4.904204567618369e-07,309.8,ASK
969,1712455501.5780995,24197474.24035705,299.1,9.945260788322772e-08,309.8,BID
970,1712455501.583045,24197474.2403575,299.1,2.6447856117348938e-17,309.8,BID
971,1712455510.2489254,24198407.96918932,299.3,5.478551532386669e-08,309.8,BID
972,1712455530.1888597,24198407.96918932,299.3,0.0,309.8,BID
973,1712455531.089296,24203799.35552879,299.3,3.162543565318472e-07,309.8,BID
974,1712455531.0983877,24236466.36015753,299.3,1.916220036588825e-06,309.8,BID
975,1712455531.489095,24236776.31419377,299.4,1.8181652753715587e-08,309.8,BID
976,1712455531.5919228,24238884.26429253,299.4,1.2365064569833166e-07,309.8,BID
977,1712455531.6880016,24240094.89423396,299.4,7.101457195195167e-08,309.8,BID
978,1712455531.7801082,24242512.79836896,299.5,1.4183229845204726e-07,309.8,BID
979,1712455531.8737838,24244837.78195619,299.5,1.3638165437018233e-07,309.8,BID
980,1712455560.2984262,24244837.78195619,299.5,0.0,309.8,BID
981,1712455570.7797709,24244870.55809516,299.5,1.921055664647662e-09,309.8,BID
982,1712455571.1716886,24245337.37752751,299.5,2.736094436359413e-08,309.8,BID
983,1712455571.2242749,24246342.55809516,299.5,5.891504869143663e-08,309.8,BID
984,1712455571.2281103,24249694.38846613,299.5,1.964554985104993e-07,309.8,BID
985,1712455588.3684075,24249711.33140366,299.6,9.930494298368863e-10,309.8,BID
986,1712455588.3764536,24253545.77340736,299.6,2.247420459788683e-07,309.8,BID
987,1712455590.328916,24253545.77340736,299.6,0.0,309.8,BID
988,1712455591.5936725,24253879.66322372,299.7,1.956676092425096e-08,309.8,BID
989,1712455602.198178,24254348.24176659,299.7,2.7459850145924746e-08,309.8,BID
990,1712455602.6385186,24256199.46689659,299.7,1.0848632620871413e-07,309.8,BID
991,1712455603.7814424,24262401.8178399,299.7,3.63472954635699e-07,309.8,BID
992,1712455605.948315,24262827.52013249,299.7,2.494719687706504e-08,309.8,BID
993,1712455605.9795938,24263252.23798442,299.7,2.488950624341028e-08,309.8,BID
994,1712455606.028331,24266040.63359742,299.7,1.63406811612897e-07,309.8,BID
995,1712455606.8881085,24267086.38855427,299.7,6.128380149179564e-08,309.8,BID
996,1712455606.998287,24268136.43397123,299.7,6.153523296120508e-08,309.8,BID
997,1712455607.1206148,24268470.43397123,299.7,1.9573217955249872e-08,309.8,BID
998,1712455608.3987377,24270182.00314727,299.7,1.003021452938021e-07,309.8,BID
999,1712455609.4582107,24270200.10314727,300.0,1.060704326186446e-09,309.8,BID
1000,1712455615.268807,24270379.2914134,299.7,1.0500871221633178e-08,309.8,BID
1201,1712455615.2870631,24270713.18122977,299.7,1.9566760924687583e-08,309.8,BID
1202,1712455616.388345,24271342.67272057,299.7,3.6889742965276264e-08,309.8,BID
1203,1712455616.7287078,24273201.86730739,299.7,1.0895335589540785e-07,309.8,BID
1204,1712455620.2699957,24273201.86730739,299.7,0.0,309.8,BID
1205,1712455625.208637,24273517.10064073,300.0,1.8467070066629496e-08,309.8,BID
1206,1712455625.2110634,24273535.53430772,300.0,1.079885227459586e-09,309.8,BID
1207,1712455650.2680728,24273535.53430772,300.0,0.0,309.8,BID
1208,1712455655.77838,24275202.20097438,299.9,9.763646914677701e-08,309.8,BID
1209,1712455672.0233402,24275503.48081128,299.9,1.7649539700116642e-08,309.8,BID
1210,1712455672.0588338,24277103.93590824,299.9,9.375767081743545e-08,309.8,BID
1211,1712455672.061333,24277136.8951625,299.9,1.9308151270663603e-09,309.8,BID
1212,1712455672.6633584,24277169.03682953,299.9,-1.8829193288313953e-09,309.8,ASK
1213,1712455674.4501834,24277866.66860137,299.8,4.086858178040185e-08,309.8,BID
1214,1712455680.3307257,24277866.66860137,299.8,0.0,309.8,BID
1215,1712455692.3583572,24278200.66860137,299.8,1.9564859759399026e-08,309.8,BID
1216,1712455695.6485257,24280138.25379923,299.8,1.1349875050296173e-07,309.8,BID
1217,1712455695.6523936,24284849.80239923,299.8,2.759903820616199e-07,309.8,BID
1218,1712455700.368454,24285132.23606621,300.0,1.6544236783924782e-08,309.8,BID
1219,1712455700.3712983,24285183.80239922,300.0,3.020622975037809e-09,309.8,BID
1220,1712455710.4089582,24285183.80239922,300.0,0.0,309.8,BID
1221,1712455740.2826855,24285183.80239922,300.0,0.0,309.8,BID
1222,1712455770.2791207,24285183.80239922,300.0,0.0,309.8,BID
1223,1712455789.450688,24285617.13573256,299.6,-2.53802891216754e-08,309.8,ASK
1224,1712455797.7646606,24294952.65475962,299.6,-5.467803969328612e-07,309.8,ASK
1225,1712455800.2714615,24294952.65475962,299.6,-0.0,309.8,ASK
1226,1712455809.141922,24295285.65475962,299.9,1.9540598124180367e-08,309.8,BID
1227,1712455818.7192316,24296614.2755585,299.9,7.79640993705181e-08,309.8,BID
1228,1712455819.0184047,24296952.8771665,299.9,-1.9869303141351523e-08,309.8,ASK
1229,1712455820.908521,24297285.8771665,300.0,1.9540598124180367e-08,309.8,BID
1230,1712455821.0528064,24297285.87716708,299.9,-3.4101881370665886e-17,309.8,ASK
1231,1712455830.244403,24297285.87716708,299.9,-0.0,309.8,ASK
1232,1712455835.8881905,24304883.70204208,299.6,-4.458256646925809e-07,309.8,ASK
1233,1712455836.7710094,24306379.1607605,299.9,8.775062443900083e-08,309.8,BID
1234,1712455836.8366325,24306550.92444954,299.9,-1.0078760973917062e-08,309.8,ASK
1235,1712455836.83899,24306550.92445045,299.6,-5.333664994880496e-17,309.8,ASK
1236,1712455836.8404903,24308504.10057732,299.5,-1.1460859645359493e-07,309.8,ASK
1237,1712455850.1689634,24308504.10057739,299.3,-4.153263725521698e-18,309.8,ASK
1238,1712455850.1707802,24317360.29775439,299.3,-5.19664516890122e-07,309.8,ASK
1239,1712455860.3838434,24317360.29775439,299.3,-0.0,309.8,ASK
1240,1712455880.8286228,24325913.58876674,299.3,-5.017135800281784e-07,309.8,ASK
1241,1712455880.85058,24325913.58876675,299.3,-6.5554722606309e-19,309.8,ASK
1242,1712455881.613829,24329705.34753075,299.1,-2.224146075869637e-07,309.8,ASK
1243,1712455881.698171,24329705.34753135,299.1,-3.51810344653858e-17,309.8,ASK
1244,1712455890.0084765,24329738.78116558,299.4,1.961129149006458e-09,309.8,BID
1245,1712455890.3057246,24329738.78116558,299.4,0.0,309.8,BID
1246,1712455899.9787028,24329787.12485295,299.4,2.8350977014413183e-09,309.8,BID
1247,1712455914.8588336,24329820.52498655,299.2,1.9587385063877548e-09,309.8,BID
1248,1712455920.291643,24329820.52498655,299.2,0.0,309.8,BID
1249,1712455920.4684262,24330365.60898655,299.3,3.196620411330697e-08,309.8,BID
1250,1712455930.2408743,24330546.54124769,299.2,-1.0610690444534028e-08,309.8,ASK
1251,1712455930.2439196,24335652.17586307,299.0,-2.9941762782167854e-07,309.8,ASK
1252,1712455930.246876,24340607.63724245,298.9,-2.906107864646332e-07,309.8,ASK
1253,1712455930.2499225,24340777.46332939,299.0,-9.95937389255195e-09,309.8,ASK
1254,1712455930.2528646,24340930.28367064,298.9,-8.962079644843933e-09,309.8,ASK
1255,1712455930.25465,24341030.28367064,299.0,-5.864454673660093e-09,309.8,ASK
1256,1712455930.2559822,24344479.93506269,298.8,-2.0230324228606186e-07,309.8,ASK
1257,1712455930.2573152,24344610.97721725,298.9,-7.684907757441688e-09,309.8,ASK
1258,1712455930.2586596,24344657.87815433,298.8,-2.7504841966009183e-09,309.8,ASK
1259,1712455943.288309,24344707.87815433,299.3,2.9322273368300467e-09,309.8,BID
1260,1712455950.3538566,24344707.87815433,299.3,0.0,309.8,BID
1261,1712455980.3659115,24344707.87815433,299.3,0.0,309.8,BID
1262,1712455982.509266,24345067.04900439,298.8,-2.1057915872814087e-08,309.8,ASK
1263,1712455982.5127645,24347796.04888408,298.8,-1.599992033697874e-07,309.8,ASK
1264,1712455982.6551578,24356349.33989643,298.8,5.014729968850291e-07,309.8,BID
1265,1712455995.8384943,24356684.01191784,299.2,1.9621568038359667e-08,309.8,BID
1266,1712456010.329349,24356684.01191784,299.2,0.0,309.8,BID
1267,1712456040.2948332,24356684.01191784,299.2,0.0,309.8,BID
1268,1712456042.5753672,24356873.5658551,298.7,-1.1111073062377792e-08,309.8,ASK
1269,1712456042.578581,24357026.48851998,298.7,-8.963859716891036e-09,309.8,ASK
1270,1712456057.1685898,24357765.18454229,299.2,4.3300105465530354e-08,309.8,BID
1271,1712456057.1704657,24358809.91496798,299.2,6.123890781755566e-08,309.8,BID
1272,1712456057.2483149,24358809.91496835,299.2,2.1618149192917706e-17,309.8,BID
1273,1712456070.26658,24358809.91496835,299.2,0.0,309.8,BID
1274,1712456070.9384167,24359233.06121819,299.3,2.480261672558218e-08,309.8,BID
1275,1712456074.5284822,24364050.31627119,299.3,2.823622584237524e-07,309.8,BID
1276,1712456074.5886712,24371925.83117019,299.3,4.616214314306343e-07,309.8,BID
1277,1712456074.591835,24372632.12103436,299.3,4.1399012291257225e-08,309.8,BID
1278,1712456076.298732,24372766.63058063,299.4,7.884245041240034e-09,309.8,BID
1279,1712456076.302066,24373977.95214302,299.4,7.100132508473645e-08,309.8,BID
1280,1712456088.201087,24373999.22675096,299.7,1.247006080911773e-09,309.8,BID
1281,1712456089.7255423,24374015.93349778,299.7,9.79261988666001e-10,309.8,BID
1282,1712456100.2807257,24374015.93349778,299.7,0.0,309.8,BID
1283,1712456104.438317,24374082.55574961,299.9,3.910423089606059e-09,309.8,BID
1284,1712456114.2590103,24374555.50089799,299.9,2.7759728581801965e-08,309.8,BID
1285,1712456130.3396103,24374555.50089799,299.9,0.0,309.8,BID
1286,1712456130.4184878,24374689.39886397,299.9,7.859126799520821e-09,309.8,BID
1287,1712456131.4194365,24375022.84334546,299.9,1.9571488195411097e-08,309.8,BID
1288,1712456131.4381945,24375344.65394651,299.9,1.888863882686875e-08,309.8,BID
1289,1712456160.2801704,24375344.65394651,299.9,0.0,309.8,BID
1290,1712456164.249106,24375829.16188737,299.8,2.8437746761474816e-08,309.8,BID
1291,1712456164.2524278,24376314.51790927,299.8,2.8487524096058963e-08,309.8,BID
1292,1712456165.368914,24376628.22227027,299.8,1.841258816162124e-08,309.8,BID
1293,1712456167.5241182,24379587.63167127,299.8,1.736998055388192e-07,309.8,BID
1294,1712456167.6383176,24382547.04107227,299.8,1.7369980553903785e-07,309.8,BID
1295,1712456180.028349,24382935.68970947,299.8,2.2811373337329854e-08,309.8,BID
1296,1712456190.2877858,24382935.68970947,299.8,0.0,309.8,BID
1297,1712456207.8515005,24383306.46418917,299.8,2.175935962889505e-08,309.8,BID
1298,1712456220.320367,24383306.46418917,299.8,0.0,309.8,BID
1299,1712456223.6684682,24384071.6565534,299.8,4.4905968815377495e-08,309.8,BID
1300,1712456224.7185657,24384144.66926803,299.8,4.284813649043931e-09,309.8,BID
1301,1712456224.722267,24384444.88035766,299.8,1.7618144742674295e-08,309.8,BID
1302,1712456224.798679,24384466.47986908,299.8,1.267585814406268e-09,309.8,BID
1303,1712456224.802021,24385180.15616005,299.8,4.188270396419936e-08,309.8,BID
1304,1712456227.328436,24385976.26151927,299.8,4.6720124384614564e-08,309.8,BID
1305,1712456227.3323932,24386180.82327145,299.8,1.2004881509188712e-08,309.8,BID
1306,1712456227.348637,24392180.82327145,299.6,-3.521151353417393e-07,309.8,ASK
1307,1712456250.3585758,24392180.82327145,299.6,-0.0,309.8,ASK
1308,1712456256.4195106,24392207.03008782,299.6,-1.537729462828975e-09,309.8,ASK
1309,1712456259.828429,24392532.61287165,299.6,-1.9104122842951138e-08,309.8,ASK
1310,1712456260.9434147,24392706.10425096,299.6,-1.017990135577058e-08,309.8,ASK
1311,1712456269.478954,24393040.10425096,299.8,1.9598017298386063e-08,309.8,BID
1312,1712456280.2519715,24393040.10425096,299.8,0.0,309.8,BID
1313,1712456280.6716251,24394040.77136236,299.8,5.871495522831472e-08,309.8,BID
1314,1712456284.7788637,24396776.71354036,299.8,1.6053362867465912e-07,309.8,BID
1315,1712456286.8286328,24397603.1277792,299.8,4.8490526450540334e-08,309.8,BID
1316,1712456286.832459,24398741.69220585,299.8,6.680619216285228e-08,309.8,BID
1317,1712456289.338365,24400486.69220585,299.8,-1.023892918095524e-07,309.8,ASK
1318,1712456294.0090182,24403129.36030376,299.8,-1.550606962937849e-07,309.8,ASK
1319,1712456307.519194,24413476.8724669,299.8,-6.071486775785798e-07,309.8,ASK
1320,1712456307.529374,24415967.68183448,299.8,-1.461502619938915e-07,309.8,ASK
1321,1712456310.2799876,24415967.68183448,299.8,-0.0,309.8,ASK
1322,1712456323.5383885,24416527.02768166,299.8,-3.2806840101358595e-08,309.8,ASK
1323,1712456330.3917668,24416627.02768166,299.8,-5.8652156383854975e-09,309.8,ASK
1324,1712456330.3945763,24441613.64618911,299.8,-1.4655190562025991e-06,309.8,ASK
1325,1712456340.324172,24441613.64618911,299.8,-0.0,309.8,ASK
1326,1712456341.0725465,24445802.64538741,299.8,2.45583088781652e-07,309.8,BID
1327,1712456370.3396096,24445802.64538741,299.8,0.0,309.8,BID
1328,1712456385.0592852,24446463.18570548,299.8,3.872179997642986e-08,309.8,BID
1329,1712456385.0622818,24448766.288963,299.8,1.3501114348879744e-07,309.8,BID
1330,1712456390.4785185,24449542.16987866,299.9,4.5483227594039936e-08,309.8,BID
1331,1712456390.5813208,24449994.06902745,299.9,2.649096197500409e-08,309.8,BID
1332,1712456390.5982563,24450580.76131553,299.9,3.4392724872763625e-08,309.8,BID
1333,1712456390.6382403,24451374.45707085,299.9,4.6527558483617785e-08,309.8,BID
1334,1712456400.3294692,24451374.45707085,299.9,0.0,309.8,BID
1335,1712456403.388445,24451509.91995165,299.7,-7.973212732114081e-09,309.8,ASK
1336,1712456405.23934,24451644.42949793,299.9,7.917100394181823e-09,309.8,BID
1337,1712456405.241176,24452705.59191539,299.9,6.245898247312966e-08,309.8,BID
1338,1712456407.779287,24468568.09590016,300.0,9.336514769678964e-07,309.8,BID
1339,1712456407.7883992,24470116.13015692,300.0,9.111578295638469e-08,309.8,BID
1340,1712456407.7912853,24472475.47032496,300.0,1.388684557416479e-07,309.8,BID
1341,1712456407.9683332,24472839.1991282,300.1,2.140872176843384e-08,309.8,BID
1342,1712456430.2738883,24472839.1991282,300.1,0.0,309.8,BID
1343,1712456436.048597,24472943.35897763,300.1,6.1284241691512916e-09,309.8,BID
1344,1712456452.248557,24472991.78195041,300.1,2.8490490178841878e-09,309.8,BID
1345,1712456459.2993994,24480858.01144488,299.9,-4.628231628327476e-07,309.8,ASK
1346,1712456460.3488748,24480858.01144488,299.9,-0.0,309.8,ASK
1347,1712456464.9259408,24481222.95417424,300.1,2.1468996387976368e-08,309.8,BID
1348,1712456464.9278407,24510107.46496037,300.1,1.6992295169914617e-06,309.8,BID
1349,1712456467.3489585,24514595.13955179,300.1,2.6400271013252245e-07,309.8,BID
1350,1712456467.3530903,24514615.13955179,300.2,1.1765679741457495e-09,309.8,BID
1351,1712456467.3574004,24526007.46496037,300.2,6.701922613392028e-07,309.8,BID
1352,1712456467.368197,24530407.46496037,300.2,2.588449543120649e-07,309.8,BID
1353,1712456467.5113814,24533840.1185503,300.2,2.0193751401242645e-07,309.8,BID
1354,1712456467.7092738,24536300.11694063,300.5,1.4471776612550917e-07,309.8,BID
1355,1712456467.7127514,24551107.33984813,300.2,8.710852129502202e-07,309.8,BID
1356,1712456467.715896,24551440.1185503,300.5,1.957683817253024e-08,309.8,BID
1357,1712456473.0815654,24555103.00389454,300.3,-2.1548167945007858e-07,309.8,ASK
1358,1712456490.346248,24555103.00389454,300.3,-0.0,309.8,ASK
1359,1712456496.3090212,24556104.61674462,300.3,-5.8846129281699866e-08,309.8,ASK
1360,1712456511.6889896,24560101.95185454,300.2,-2.348489225576534e-07,309.8,ASK
1361,1712456511.6931107,24582194.45366022,300.3,-1.2979647947935247e-06,309.8,ASK
1362,1712456511.6982703,24582227.76478613,300.2,-1.957074354399064e-09,309.8,ASK
1363,1712456511.7000778,24589827.76478613,300.1,-4.465104281622751e-07,309.8,ASK
1364,1712456511.701906,24599033.96082098,300.0,-5.408766491139642e-07,309.8,ASK
1365,1712456520.3022964,24599033.96082098,300.0,-0.0,309.8,ASK
1366,1712456523.361933,24599067.26085428,300.1,-1.954907985097134e-09,309.8,ASK
1367,1712456533.1887555,24599083.90311717,300.5,9.769988009952663e-10,309.8,BID
1368,1712456544.4486127,24602382.82567633,300.1,-1.9366617428891453e-07,309.8,ASK
1369,1712456544.4527354,24603049.27019417,300.1,-3.912421641648671e-08,309.8,ASK
1370,1712456544.4580812,24603049.27019483,300.1,-3.8709275282655296e-17,309.8,ASK
1371,1712456550.3066735,24603049.27019483,300.1,-0.0,309.8,ASK
1372,1712456575.7289014,24604449.95272594,300.1,-8.222249362808186e-08,309.8,ASK
1373,1712456575.7328515,24604700.44394151,300.1,-1.4704268753822477e-08,309.8,ASK
1374,1712456580.337545,24604700.44394151,300.1,-0.0,309.8,ASK
1375,1712456603.438388,24604790.94022131,300.0,-5.312134044181435e-09,309.8,ASK
1376,1712456605.8086262,24605028.27942364,300.1,1.3931817523565328e-08,309.8,BID
1377,1712456606.76851,24610684.56614961,300.1,-3.320241820725306e-07,309.8,ASK
1378,1712456610.3491771,24610684.56614961,300.1,-0.0,309.8,ASK
1379,1712456632.2184346,24617634.56614961,300.5,4.079221847222442e-07,309.8,BID
1380,1712456632.4789732,24617651.39099108,300.5,9.875145453028167e-10,309.8,BID
1381,1712456632.488461,24618219.75283661,300.5,3.335933895562541e-08,309.8,BID
1382,1712456640.3000174,24618219.75283661,300.5,0.0,309.8,BID
1383,1712456644.4889174,24618219.75283732,300.5,4.1538281770839226e-17,309.8,BID
1384,1712456655.4685287,24622390.67902077,300.5,-2.4477514102809725e-07,309.8,ASK
1385,1712456670.2698812,24622390.67902077,300.5,-0.0,309.8,ASK
1386,1712456674.3884697,24622855.36754732,300.5,2.7268723728562964e-08,309.8,BID
1387,1712456686.148485,24623861.6996558,300.5,5.905330275576892e-08,309.8,BID
1388,1712456687.8383348,24623929.6996558,300.5,3.99035721263707e-09,309.8,BID
1389,1712456692.8787026,24624033.85950523,300.2,-6.1122795063349455e-09,309.8,ASK
1390,1712456700.2621229,24624033.85950523,300.2,-0.0,309.8,ASK
1391,1712456730.2828755,24624033.85950523,300.2,-0.0,309.8,ASK
1392,1712456733.939191,24624051.53686612,300.3,-1.038807006321346e-09,309.8,ASK
1393,1712456737.8092866,24624068.1990913,300.5,9.79152734545429e-10,309.8,BID
1394,1712456741.5585356,24625748.42334325,300.3,-9.873808289311045e-08,309.8,ASK
1395,1712456744.958837,24629626.71434307,300.5,2.279070890567313e-07,309.8,BID
1396,1712456744.9622526,24630548.42334325,300.5,5.4164067419775764e-08,309.8,BID
1397,1712456745.0591736,24633959.35430225,300.5,2.004427583889552e-07,309.8,BID
1398,1712456745.1585026,24639159.35430225,300.5,3.055770861828826e-07,309.8,BID
1399,1712456745.225185,24639492.35430225,300.5,1.956868648055768e-08,309.8,BID
1400,1712456745.4987907,24641025.64115292,300.6,9.010333232880884e-08,309.8,BID
1401,1712456745.503505,24644842.35430225,300.5,2.242884774939647e-07,309.8,BID
1402,1712456745.5208616,24644859.5810229,300.9,1.0123252116609242e-09,309.8,BID
1403,1712456745.524435,24645379.05335838,301.2,3.0526700505508114e-08,309.8,BID
1404,1712456745.5279715,24645573.10283954,300.6,1.14032836593192e-08,309.8,BID
1405,1712456745.5313456,24646073.10283954,301.0,2.938241213296948e-08,309.8,BID
1406,1712456745.534168,24646573.10283954,300.8,2.938241213296948e-08,309.8,BID
1407,1712456745.536108,24649392.73420229,300.7,1.6569514152679992e-07,309.8,BID
1408,1712456745.5382135,24649409.47773597,301.1,9.83930814199235e-10,309.8,BID
1409,1712456745.540182,24649741.7036496,301.0,1.952319743099544e-08,309.8,BID
1410,1712456745.54216,24650073.98696097,301.1,1.9526570399207e-08,309.8,BID
1411,1712456745.5441222,24651112.93163192,301.2,6.105340101035947e-08,309.8,BID
1412,1712456745.5460851,24652042.35430225,301.3,5.4617359890772263e-08,309.8,BID
1413,1712456745.54832,24652653.73802508,301.3,3.5927857031193616e-08,309.8,BID
1414,1712456745.550275,24654321.67703214,301.3,9.801614263611157e-08,309.8,BID
1415,1712456746.7589407,24654338.87190739,300.8,-1.0104538224292463e-09,309.8,ASK
1416,1712456748.1286924,24654372.46277067,300.8,-1.9739611775902822e-09,309.8,ASK
1417,1712456760.351493,24654372.46277067,300.8,-0.0,309.8,ASK
1418,1712456771.3310218,24654547.91208734,300.8,-1.0304724626374669e-08,309.8,ASK
1419,1712456778.079205,24655212.80570437,300.8,-3.9051423849354826e-08,309.8,ASK
1420,1712456790.343582,24655212.80570437,300.8,-0.0,309.8,ASK
1421,1712456797.149239,24655702.02155529,301.1,2.8732855046492265e-08,309.8,BID
1422,1712456797.153448,24656530.50113277,301.4,4.865865152165712e-08,309.8,BID
1423,1712456797.155398,24656634.6609822,301.3,6.1175651803674035e-09,309.8,BID
1424,1712456799.9788096,24656655.9606612,301.0,1.250982747373295e-09,309.8,BID
1425,1712456803.328789,24659068.76536585,301.4,1.417099787423861e-07,309.8,BID
1426,1712456809.2490847,24660729.89493395,301.4,9.756224170568445e-08,309.8,BID
1427,1712456816.4584415,24660763.07343428,301.4,1.948655258816287e-09,309.8,BID
1428,1712456819.0489569,24664276.65823616,301.0,-2.063615122369848e-07,309.8,ASK
1429,1712456819.053543,24665763.07343428,301.0,-8.730083529824561e-08,309.8,ASK
1430,1712456820.2671998,24665763.07343428,301.0,-0.0,309.8,ASK
1431,1712456820.2692494,24665779.66268444,301.4,9.741458212621403e-10,309.8,BID
1432,1712456825.3387003,24669111.37616365,301.0,-1.956432467816782e-07,309.8,ASK
1433,1712456825.3431356,24670117.04608616,301.0,-5.9054456530539855e-08,309.8,ASK
1434,1712456826.9786513,24670581.69529872,300.9,-2.7284903437031097e-08,309.8,ASK
1435,1712456828.6086566,24671405.53686168,301.4,4.8377220675493933e-08,309.8,BID
1436,1712456829.0487745,24671456.6211828,300.9,-2.999748479484635e-09,309.8,ASK
1437,1712456831.118343,24671473.54221796,301.4,9.936287373286254e-10,309.8,BID
1438,1712456845.772781,24671952.04084516,301.4,2.8098161978902054e-08,309.8,BID
1439,1712456845.7748134,24671977.70800002,301.3,1.507214093812494e-09,309.8,BID
1440,1712456850.2710984,24671977.70800002,301.3,0.0,309.8,BID
1441,1712456857.63859,24674139.01712726,301.3,1.269013926779978e-07,309.8,BID
1442,1712456857.6422713,24676956.13481714,301.3,1.65407231051491e-07,309.8,BID
1443,1712456860.3985658,24677584.63892614,301.3,3.690265577052416e-08,309.8,BID
1444,1712456871.0786245,24678265.94749783,301.2,4.0003072906615495e-08,309.8,BID
1445,1712456871.3020062,24678695.66772855,301.2,2.5231048651518223e-08,309.8,BID
1446,1712456871.3186998,24679248.27968812,301.2,3.244664374751034e-08,309.8,BID
1447,1712456873.2883315,24679684.95460093,301.2,2.5639393219933844e-08,309.8,BID
1448,1712456873.3482673,24680119.30626854,301.2,2.550298374113399e-08,309.8,BID
1449,1712456880.3808413,24680119.30626854,301.2,0.0,309.8,BID
1450,1712456885.1092567,24680969.65371919,301.2,4.9921011170285017e-08,309.8,BID
1451,1712456885.1144202,24681106.43003519,301.2,8.029673039593071e-09,309.8,BID
1452,1712456885.2485175,24688837.98145919,301.2,-4.538931288681697e-07,309.8,ASK
1453,1712456885.2684586,24688837.98145949,301.2,-1.7714630572751798e-17,309.8,ASK
1454,1712456895.555479,24705773.32635835,301.0,-9.942165890204085e-07,309.8,ASK
1455,1712456895.565262,24710157.72884149,301.0,-2.5739338098584855e-07,309.8,ASK
1456,1712456895.6089473,24713222.38394263,301.0,-1.799154938606211e-07,309.8,ASK
1457,1712456895.6125174,24713388.49689944,301.0,-9.751927598686186e-09,309.8,ASK
1458,1712456902.966375,24713754.78185221,301.2,2.1503345726244906e-08,309.8,BID
1459,1712456910.4139264,24713754.78185221,301.2,0.0,309.8,BID
1460,1712456919.101811,24714761.7891636,300.9,-5.908285669327844e-08,309.8,ASK
1461,1712456919.1055934,24721910.94090921,300.9,-4.194530697913363e-07,309.8,ASK
1462,1712456919.1186726,24721910.94090924,300.9,-1.7485536826248125e-18,309.8,ASK
1463,1712456940.24094,24721910.94090924,300.9,-0.0,309.8,ASK
1464,1712456941.3490546,24725205.77799985,300.8,-1.9328594628973002e-07,309.8,ASK
1465,1712456941.3536289,24726196.73877404,300.8,-5.8133008008353926e-08,309.8,ASK
1466,1712456943.7087898,24726363.01745711,300.7,-9.7544527153082e-09,309.8,ASK
1467,1712456957.4386356,24726529.35145577,300.6,-9.757697709258826e-09,309.8,ASK
1468,1712456970.2447004,24726529.35145577,300.6,-0.0,309.8,ASK
1469,1712456971.2787368,24726695.74080685,300.5,-9.760149478354797e-09,309.8,ASK
1470,1712456971.4794104,24729862.6847891,300.5,1.857681784048976e-07,309.8,BID
1471,1712456971.5988698,24732759.74042616,300.6,-1.699369333500745e-07,309.8,ASK
1472,1712456971.838393,24732800.80480135,300.3,-2.408774584839465e-09,309.8,ASK
1473,1712456987.5038404,24732952.69302445,300.4,-8.909535086410298e-09,309.8,ASK
1474,1712457000.3364904,24732952.69302445,300.4,-0.0,309.8,ASK
1475,1712457006.3443875,24733051.3627725,300.4,-5.801836606419725e-09,309.8,ASK
1476,1712457030.30403,24733051.3627725,300.4,-0.0,309.8,ASK
1477,1712457047.7983172,24733555.52855456,300.5,-2.9645179498785243e-08,309.8,ASK
1478,1712457060.3829887,24733555.52855456,300.5,-0.0,309.8,ASK
