,time,acc_trade_volume,trade_price,dev,high,ask_bid
0,1712451675.0655465,1327.09622883,171350.0,0.0,171750.0,ASK
1,1712451678.914603,1327.13653054,171350.0,-1.274449260995938e-11,171750.0,ASK
2,1712451682.3882265,1327.14873668,171600.0,3.859912173106688e-12,171750.0,BID
3,1712451682.3961437,1327.42798719,171550.0,8.830657709125259e-11,171750.0,BID
4,1712451684.9841983,1327.46004781,171550.0,-1.0138436673313944e-11,171750.0,ASK
5,1712451690.765926,1327.46004781,171550.0,-0.0,171750.0,ASK
6,1712451703.834266,1327.49210843,171500.0,1.013807446281328e-11,171750.0,BID
7,1712451720.5079672,1327.49210843,171500.0,0.0,171750.0,BID
8,1712451750.7371082,1327.49210843,171500.0,0.0,171750.0,BID
9,1712451775.13421,1342.0693679,171500.0,4.609551687414191e-09,171750.0,BID
10,1712451776.0342517,1344.12936123,171350.0,-6.514012973361279e-10,171750.0,ASK
11,1712451780.7905085,1344.12936123,171350.0,-0.0,171750.0,ASK
12,1712451810.7742116,1344.12936123,171350.0,-0.0,171750.0,ASK
13,1712451840.5163193,1344.12936123,171350.0,-0.0,171750.0,ASK
14,1712451870.549515,1344.12936123,171350.0,-0.0,171750.0,ASK
15,1712451900.7848763,1344.12936123,171350.0,-0.0,171750.0,ASK
16,1712451930.767124,1344.12936123,171350.0,-0.0,171750.0,ASK
17,1712451948.7146137,1344.48535772,171500.0,1.1258426852811628e-10,171750.0,BID
18,1712451960.5471058,1344.48535772,171500.0,0.0,171750.0,BID
19,1712451970.8444223,1344.60197579,171450.0,3.687987656477986e-11,171750.0,BID
20,1712451975.784236,1344.65197579,171450.0,1.58122478637691e-11,171750.0,BID
21,1712451990.5429318,1344.65197579,171450.0,0.0,171750.0,BID
22,1712452020.8372936,1344.65197579,171450.0,0.0,171750.0,BID
23,1712452050.793283,1344.65197579,171450.0,0.0,171750.0,BID
24,1712452062.3550858,1346.67575238,171450.0,6.400033594082396e-10,171750.0,BID
25,1712452062.3567364,1346.77824718,171450.0,3.2413170824345027e-11,171750.0,BID
26,1712452064.1646242,1347.76018144,171450.0,3.1052895276252035e-10,171750.0,BID
27,1712452064.1660714,1347.8413592,171500.0,2.567182532198568e-11,171750.0,BID
28,1712452080.5148337,1347.8413592,171500.0,0.0,171750.0,BID
29,1712452110.5519395,1347.8413592,171500.0,0.0,171750.0,BID
30,1712452113.0644422,1348.80300665,171500.0,3.040608285091006e-10,171750.0,BID
31,1712452140.754261,1348.80300665,171500.0,0.0,171750.0,BID
32,1712452143.7368731,1348.90418495,171500.0,3.198963773810233e-11,171750.0,BID
33,1712452168.8644383,1351.2655709,171550.0,7.466016043007431e-10,171750.0,BID
34,1712452170.807042,1351.2655709,171550.0,0.0,171750.0,BID
35,1712452172.502,1351.45593778,171500.0,-6.018043644667312e-11,171750.0,ASK
36,1712452175.8346524,1351.57255585,171500.0,3.68663201821878e-11,171750.0,BID
37,1712452200.611794,1351.57255585,171500.0,0.0,171750.0,BID
38,1712452230.564662,1351.57255585,171500.0,0.0,171750.0,BID
39,1712452260.7901406,1351.57255585,171500.0,0.0,171750.0,BID
40,1712452290.806959,1351.57255585,171500.0,0.0,171750.0,BID
41,1712452320.515661,1351.57255585,171500.0,0.0,171750.0,BID
42,1712452350.6115758,1351.57255585,171500.0,0.0,171750.0,BID
43,1712452380.7876651,1351.57255585,171500.0,0.0,171750.0,BID
44,1712452410.7677145,1351.57255585,171500.0,0.0,171750.0,BID
45,1712452440.6151366,1351.57255585,171500.0,0.0,171750.0,BID
46,1712452442.1242995,1351.63374466,171600.0,1.944038272960393e-11,171750.0,BID
47,1712452443.9444458,1351.68740977,171600.0,1.7050017439862602e-11,171750.0,BID
48,1712452470.5658891,1351.68740977,171600.0,0.0,171750.0,BID
49,1712452500.5567265,1351.68740977,171600.0,0.0,171750.0,BID
50,1712452519.8239715,1352.68740977,171600.0,3.1784841749179336e-10,171750.0,BID
51,1712452530.5305934,1352.68740977,171600.0,0.0,171750.0,BID
52,1712452531.0939548,1353.08473995,171600.0,1.2628388105977007e-10,171750.0,BID
53,1712452531.0955558,1354.52756577,171600.0,4.5857489164994384e-10,171750.0,BID
54,1712452531.2981083,1354.52756674,171600.0,3.0829621353544693e-16,171750.0,BID
55,1712452560.7643452,1354.52756674,171600.0,0.0,171750.0,BID
56,1712452590.8098376,1354.52756674,171600.0,0.0,171750.0,BID
57,1712452603.2741537,1354.67507264,171600.0,4.687725512630706e-11,171750.0,BID
58,1712452603.2842302,1373.37587267,171750.0,5.9430990494122964e-09,171750.0,BID
59,1712452603.2858005,1380.36828044,171750.0,2.222181505835298e-09,171750.0,BID
60,1712452610.848856,1385.54703063,171750.0,-1.645802601063009e-09,171750.0,ASK
61,1712452615.224094,1431.35905145,171750.0,-1.4559022980312434e-08,171750.0,ASK
62,1712452620.5640757,1431.35905145,171750.0,-0.0,171750.0,ASK
63,1712452650.5392745,1431.35905145,171750.0,-0.0,171750.0,ASK
64,1712452672.6044905,1433.85544405,171800.0,7.90038426258397e-10,171800.0,BID
65,1712452672.6062548,1456.74918889,171800.0,7.245229834664076e-09,171800.0,BID
66,1712452672.6079955,1567.5341711,171800.0,3.5060347878876065e-08,171800.0,BID
67,1712452680.798517,1567.5341711,171800.0,0.0,171800.0,BID
68,1712452710.7946692,1567.5341711,171800.0,0.0,171800.0,BID
69,1712452732.4541426,1568.11624327,171800.0,1.8285572734388366e-10,171800.0,BID
70,1712452740.530228,1568.11624327,171800.0,0.0,171800.0,BID
71,1712452770.5413268,1568.11624327,171800.0,0.0,171800.0,BID
72,1712452795.7841136,1568.1551413,171850.0,1.22192822434889e-11,171850.0,BID
73,1712452800.5961015,1568.1551413,171850.0,0.0,171850.0,BID
74,1712452820.014091,1571.13459997,171800.0,9.366256460371228e-10,171850.0,BID
75,1712452830.508546,1571.13459997,171800.0,0.0,171850.0,BID
76,1712452835.785482,1571.88935024,171900.0,2.372258869667218e-10,171900.0,BID
77,1712452835.7874887,1576.23084988,171950.0,1.364578647801573e-09,171950.0,BID
78,1712452835.789374,1641.12243726,171900.0,2.03961031678674e-08,171950.0,BID
79,1712452835.7907002,1641.25685104,171950.0,4.224765389090472e-11,171950.0,BID
80,1712452835.7918372,1699.68147785,172000.0,1.8363469966958824e-08,172000.0,BID
81,1712452835.7929692,1708.79870612,171950.0,2.865639999079896e-09,172000.0,BID
82,1712452835.794365,1709.79406207,172000.0,3.1285076332116116e-10,172000.0,BID
83,1712452835.7952986,1718.79406207,172100.0,2.828793930342081e-09,172100.0,BID
84,1712452835.7962208,1718.83926405,172050.0,1.4207454073716532e-11,172100.0,BID
85,1712452835.7971492,1718.8844529,172100.0,1.4203327177660504e-11,172100.0,BID
86,1712452835.79809,1724.79799811,172000.0,1.8586889774279238e-09,172100.0,BID
87,1712452835.7990415,1751.00687104,172100.0,8.237722296165684e-09,172100.0,BID
88,1712452841.6482558,1751.04587104,172100.0,1.2258107031478353e-11,172100.0,BID
89,1712452860.8122184,1751.04587104,172100.0,0.0,172100.0,BID
90,1712452890.7925277,1751.04587104,172100.0,0.0,172100.0,BID
91,1712452897.664312,1751.56462967,171950.0,1.6148083629918943e-10,172100.0,BID
92,1712452920.5484416,1751.56462967,171950.0,0.0,172100.0,BID
93,1712452936.8859794,1754.59572524,171950.0,9.43502871773765e-10,172100.0,BID
94,1712452936.8968706,1757.58724724,171950.0,-9.311846270733267e-10,172100.0,ASK
95,1712452936.898322,1757.5872479,171950.0,-2.0544121619433047e-16,172100.0,ASK
96,1712452950.518289,1757.5872479,171950.0,-0.0,172100.0,ASK
97,1712452975.2360268,1759.33295636,171850.0,-5.43219485369333e-10,172100.0,ASK
98,1712452980.8093352,1759.33295636,171850.0,-0.0,172100.0,ASK
99,1712452982.229764,1759.39114664,171850.0,1.81056253554164e-11,172100.0,BID
100,1712453009.5870278,1759.68209805,171850.0,-9.052812988857168e-11,172100.0,ASK
101,1712453010.8065271,1759.68209805,171850.0,-0.0,172100.0,ASK
102,1712453021.4553187,1760.99353004,171950.0,4.0803812978625525e-10,172100.0,BID
103,1712453021.684514,1808.92873381,171950.0,-1.4914529343784558e-08,172100.0,ASK
104,1712453027.08396,1808.95965781,172000.0,9.621674033949854e-12,172100.0,BID
105,1712453027.187442,1820.56679025,172000.0,-3.611435933478108e-09,172100.0,ASK
106,1712453033.7177682,1844.95965781,172000.0,7.589581568241035e-09,172100.0,BID
107,1712453033.8047051,1880.95965781,172000.0,-1.1201017501719144e-08,172100.0,ASK
108,1712453034.8050044,1916.95965781,172000.0,-1.1201017501719144e-08,172100.0,ASK
109,1712453036.9853454,1952.95965781,172000.0,-1.1201017501719144e-08,172100.0,ASK
110,1712453037.993832,1988.95965781,172000.0,-1.1201017501719144e-08,172100.0,ASK
111,1712453040.5056512,1988.95965781,172000.0,-0.0,172100.0,ASK
112,1712453052.776163,1995.70959559,172000.0,-2.074716219925584e-09,172100.0,ASK
113,1712453052.77714,2060.55965781,172000.0,-1.9932846840407106e-08,172100.0,ASK
114,1712453052.7990065,2061.35965781,172000.0,-2.4589455933338234e-10,172100.0,ASK
115,1712453052.8011787,2063.85965781,172000.0,-7.68420497916645e-10,172100.0,ASK
116,1712453052.81393,2064.25965781,172000.0,-1.2294727966669115e-10,172100.0,ASK
117,1712453070.1787057,2064.29464323,172100.0,1.0753405542453671e-11,172100.0,BID
118,1712453070.1823976,2065.94513142,172100.0,5.073075827061471e-10,172100.0,BID
119,1712453070.2840152,2065.94513168,172100.0,-7.991572529169391e-17,172100.0,ASK
120,1712453070.2972558,2072.97552068,172100.0,-2.1609180063710863e-09,172100.0,ASK
121,1712453070.5184402,2072.97552068,172100.0,-0.0,172100.0,ASK
122,1712453070.6537998,2073.00811596,172000.0,-9.97444640035584e-12,172100.0,ASK
123,1712453070.6551173,2073.01484859,171850.0,-2.060244828960498e-12,172100.0,ASK
124,1712453070.663693,2078.53619277,171850.0,-1.689580564471421e-09,172100.0,ASK
125,1712453070.813827,2078.57552068,171850.0,1.203469122931634e-11,172100.0,BID
126,1712453100.7982433,2078.57552068,171850.0,0.0,172100.0,BID
127,1712453130.8104649,2078.57552068,171850.0,0.0,172100.0,BID
128,1712453160.5653467,2078.57552068,171850.0,0.0,172100.0,BID
129,1712453190.5671754,2078.57552068,171850.0,0.0,172100.0,BID
130,1712453220.791321,2078.57552068,171850.0,0.0,172100.0,BID
131,1712453250.820927,2078.57552068,171850.0,0.0,172100.0,BID
132,1712453280.8233182,2078.57552068,171850.0,0.0,172100.0,BID
133,1712453283.7038612,2081.19256051,171950.0,-8.00846752701023e-10,172100.0,ASK
134,1712453300.983639,2082.43323124,171950.0,3.7966068146994947e-10,172100.0,BID
135,1712453310.8013592,2082.43323124,171950.0,0.0,172100.0,BID
136,1712453340.543094,2082.43323124,171950.0,0.0,172100.0,BID
137,1712453361.0137856,2082.46816573,171750.0,-1.0688219058762463e-11,172100.0,ASK
138,1712453361.015956,2090.72286267,171750.0,-2.525527327274316e-09,172100.0,ASK
139,1712453361.0635867,2105.28174071,171750.0,4.4542936720429834e-09,172100.0,BID
140,1712453370.5817587,2105.28174071,171750.0,0.0,172100.0,BID
141,1712453400.6953108,2105.28174071,171750.0,0.0,172100.0,BID
142,1712453402.4415932,2125.84539924,171800.0,-6.2859291862464355e-09,172100.0,ASK
143,1712453409.8640907,2126.20162149,172100.0,1.0889053787770808e-10,172100.0,BID
144,1712453409.8659165,2127.07039739,172100.0,2.655686865326101e-10,172100.0,BID
145,1712453410.7493465,2127.09974011,172150.0,8.969525523988897e-12,172150.0,BID
146,1712453410.7504008,2127.81548752,172150.0,2.1879071411029687e-10,172150.0,BID
147,1712453410.7514386,2128.93363607,172150.0,3.417972825580123e-10,172150.0,BID
148,1712453410.8436444,2129.0676627,172200.0,4.096945609271912e-11,172200.0,BID
149,1712453410.8540018,2130.78889141,172150.0,5.26147707063438e-10,172200.0,BID
150,1712453410.8557744,2131.1523835,172200.0,1.1111279319128799e-10,172200.0,BID
151,1712453412.5338595,2131.18247189,172250.0,9.197463019275632e-12,172250.0,BID
152,1712453412.5361507,2132.30348239,172250.0,3.4267212761574773e-10,172250.0,BID
153,1712453412.538336,2132.37548239,172250.0,2.200906520341928e-11,172250.0,BID
154,1712453413.555714,2134.11663155,172300.0,5.322370193263956e-10,172300.0,BID
155,1712453413.5648525,2134.28376794,172300.0,5.109049590821268e-11,172300.0,BID
156,1712453413.566691,2134.65467824,172300.0,1.1338040246334e-10,172300.0,BID
157,1712453414.984051,2140.95467824,172250.0,-1.9257932053081524e-09,172300.0,ASK
158,1712453420.7190754,2140.99980154,172350.0,1.379335627646704e-11,172350.0,BID
159,1712453420.720996,2142.02927233,172350.0,3.1469013530871007e-10,172350.0,BID
160,1712453420.7229116,2142.11677233,172400.0,2.6747127851531088e-11,172400.0,BID
161,1712453420.7247858,2142.40857273,172350.0,8.919797263903118e-11,172400.0,BID
162,1712453420.726702,2143.12898069,172400.0,2.202153578441532e-10,172400.0,BID
163,1712453430.572333,2143.12898069,172400.0,0.0,172400.0,BID
164,1712453436.2313614,2143.1901695,172100.0,-1.866713899057726e-11,172400.0,ASK
165,1712453443.298974,2143.36690099,172400.0,5.391625180858772e-11,172400.0,BID
166,1712453443.3002384,2145.16232727,172400.0,5.477385802401101e-10,172400.0,BID
167,1712453460.823983,2145.16232727,172400.0,0.0,172400.0,BID
168,1712453490.887145,2145.16232727,172400.0,0.0,172400.0,BID
169,1712453520.529539,2145.16232727,172400.0,0.0,172400.0,BID
170,1712453536.8638277,2145.19713005,172400.0,1.0616301653424708e-11,172400.0,BID
171,1712453546.2439756,2145.36407568,172400.0,5.0925390667034427e-11,172400.0,BID
172,1712453546.2464714,2146.83516742,172400.0,4.4874442994699455e-10,172400.0,BID
173,1712453546.24902,2147.05095555,172450.0,6.582439337615729e-11,172450.0,BID
174,1712453546.2516327,2150.22787378,172500.0,9.69092763793202e-10,172500.0,BID
175,1712453546.2541702,2150.2686901,172400.0,1.2450682546097395e-11,172500.0,BID
176,1712453550.5749094,2150.2686901,172400.0,0.0,172500.0,BID
177,1712453580.8126662,2150.2686901,172400.0,0.0,172500.0,BID
178,1712453610.8348496,2150.2686901,172400.0,0.0,172500.0,BID
179,1712453640.5777004,2150.2686901,172400.0,0.0,172500.0,BID
180,1712453640.9236703,2150.35798982,172500.0,2.7232828935015768e-11,172500.0,BID
181,1712453641.5703435,2151.01335376,172500.0,1.9985968677417207e-10,172500.0,BID
182,1712453643.8936243,2151.11335376,172250.0,-3.0495984685092096e-11,172500.0,ASK
183,1712453647.6413493,2151.7978689,172100.0,-2.087496322618052e-10,172500.0,ASK
184,1712453652.213717,2152.5005649,172100.0,-2.1429406454289863e-10,172500.0,ASK
185,1712453670.574858,2152.5005649,172100.0,-0.0,172500.0,ASK
186,1712453700.8570418,2152.5005649,172100.0,-0.0,172500.0,ASK
187,1712453730.7979276,2152.5005649,172100.0,-0.0,172500.0,ASK
188,1712453760.5260751,2152.5005649,172100.0,-0.0,172500.0,ASK
189,1712453790.5713606,2152.5005649,172100.0,-0.0,172500.0,ASK
190,1712453820.7836883,2152.5005649,172100.0,-0.0,172500.0,ASK
191,1712453832.1237926,2155.05586737,172200.0,-7.795862522740668e-10,172500.0,ASK
192,1712453850.8412066,2155.05586737,172200.0,-0.0,172500.0,ASK
193,1712453880.552227,2155.05586737,172200.0,-0.0,172500.0,ASK
194,1712453905.8835726,2155.11383838,172500.0,1.768375243004482e-11,172500.0,BID
195,1712453910.5215244,2155.11383838,172500.0,0.0,172500.0,BID
196,1712453940.802385,2155.11383838,172500.0,0.0,172500.0,BID
197,1712453970.7940984,2155.11383838,172500.0,0.0,172500.0,BID
198,1712453980.653731,2155.16022863,172450.0,1.415105918865711e-11,172500.0,BID
199,1712454000.623787,2155.16022863,172450.0,0.0,172500.0,BID
200,1712454030.578264,2155.16022863,172450.0,0.0,172500.0,BID
201,1712454060.807159,2155.16022863,172450.0,0.0,172500.0,BID
202,1712454090.790547,2155.16022863,172450.0,0.0,172500.0,BID
203,1712454120.5717587,2155.16022863,172450.0,0.0,172500.0,BID
204,1712454139.254773,2155.16022899,172100.0,-1.0984889409519056e-16,172500.0,ASK
205,1712454139.257468,2174.26042863,172000.0,-5.828150397324969e-09,172500.0,ASK
206,1712454139.2838647,2174.26042969,172000.0,-3.2344361904796423e-16,172500.0,ASK
207,1712454150.5451713,2174.26042969,172000.0,-0.0,172500.0,ASK
208,1712454180.8040583,2174.26042969,172000.0,-0.0,172500.0,ASK
209,1712454191.623732,2174.29532355,171950.0,-1.0636695361049497e-11,172500.0,ASK
210,1712454191.626417,2174.36042969,171950.0,-1.984630468834732e-11,172500.0,ASK
211,1712454205.8036284,2174.40744916,171950.0,-1.433294506337664e-11,172500.0,ASK
212,1712454209.1935143,2174.60744916,171900.0,-6.096600009893225e-11,172500.0,ASK
213,1712454210.7811632,2174.60744916,171900.0,-0.0,172500.0,ASK
214,1712454214.8239484,2174.98918272,171900.0,-1.1636172511075679e-10,172500.0,ASK
215,1712454214.8270364,2176.67254515,171900.0,-5.13130038505426e-10,172500.0,ASK
216,1712454214.8297703,2176.70744916,171900.0,-1.0639595892185215e-11,172500.0,ASK
217,1712454214.903503,2176.7388773,171900.0,-9.58006570704934e-12,172500.0,ASK
218,1712454219.0738208,2176.77379146,171850.0,-1.0642689860555379e-11,172500.0,ASK
219,1712454219.0835576,2176.8388773,171850.0,-1.983975583043152e-11,172500.0,ASK
220,1712454222.401134,2176.86107688,171850.0,-6.766974917035054e-12,172500.0,ASK
221,1712454234.188364,2182.60750191,171850.0,1.751650888936641e-09,172500.0,BID
222,1712454234.1897533,2182.6801051,171850.0,2.2131227961696035e-11,172500.0,BID
223,1712454240.5218115,2182.6801051,171850.0,0.0,172500.0,BID
224,1712454243.563615,2182.72696126,171850.0,1.4276865678831566e-11,172500.0,BID
225,1712454243.5790017,2182.76350071,171900.0,1.1133409558791143e-11,172500.0,BID
226,1712454247.3240168,2182.79842504,171800.0,-1.0641289605041294e-11,172500.0,ASK
227,1712454247.3267837,2182.84689632,171800.0,-1.4768985632719976e-11,172500.0,ASK
228,1712454270.4965923,2182.84689632,171800.0,-0.0,172500.0,ASK
229,1712454286.003696,2182.93027832,171900.0,2.5405906466103465e-11,172500.0,BID
230,1712454286.013354,2190.98647968,172000.0,2.454667652774213e-09,172500.0,BID
231,1712454300.56401,2190.98647968,172000.0,0.0,172500.0,BID
232,1712454322.543723,2192.78647968,171800.0,-5.495285606318934e-10,172500.0,ASK
233,1712454326.8337276,2192.79347922,171700.0,-2.136915078468544e-12,172500.0,ASK
234,1712454326.8353026,2192.85154519,171800.0,-1.7727171619858502e-11,172500.0,ASK
235,1712454326.8366492,2192.88647968,171750.0,-1.0665277781191732e-11,172500.0,ASK
236,1712454330.569784,2192.88647968,171750.0,-0.0,172500.0,ASK
237,1712454360.800868,2192.88647968,171750.0,-0.0,172500.0,ASK
238,1712454372.5338223,2192.94470384,171750.0,-1.777369481591144e-11,172500.0,ASK
239,1712454372.5368671,2193.002928,171750.0,-1.777369481591144e-11,172500.0,ASK
240,1712454390.7667334,2193.002928,171750.0,-0.0,172500.0,ASK
241,1712454419.6539538,2193.06116911,171700.0,-1.7778760483509386e-11,172500.0,ASK
242,1712454419.6580794,2193.14735535,171700.0,-2.6309328890530124e-11,172500.0,ASK
243,1712454420.5614302,2193.14735535,171700.0,-0.0,172500.0,ASK
244,1712454435.7638388,2193.18231019,171650.0,-1.0670281245960284e-11,172500.0,ASK
245,1712454435.7736218,2193.24056827,171650.0,-1.778380614677064e-11,172500.0,ASK
246,1712454442.0538714,2193.29882635,171650.0,1.778380614677064e-11,172500.0,BID
247,1712454450.585873,2193.29882635,171650.0,0.0,172500.0,BID
248,1712454471.2436025,2193.33379138,171600.0,-1.0673307124477736e-11,172500.0,ASK
249,1712454471.253896,2196.06910371,171600.0,-8.349722159394122e-10,172500.0,ASK
250,1712454480.812032,2196.06910371,171600.0,-0.0,172500.0,ASK
251,1712454483.2837002,2196.16910371,171600.0,3.052123368983359e-11,172500.0,BID
252,1712454487.663595,2198.87923159,171600.0,-8.27164463548907e-10,172500.0,ASK
253,1712454510.8079004,2198.87923159,171600.0,-0.0,172500.0,ASK
254,1712454532.813559,2198.9491838,171600.0,-2.1347135638078856e-11,172500.0,ASK
255,1712454535.7643287,2199.00583881,171600.0,1.7289263385006528e-11,172500.0,BID
256,1712454540.570546,2199.00583881,171600.0,0.0,172500.0,BID
257,1712454542.9656718,2199.87923159,171600.0,2.665292565898328e-10,172500.0,BID
258,1712454545.8134336,2201.64110047,171600.0,-5.37661420552583e-10,172500.0,ASK
259,1712454570.5604205,2201.64110047,171600.0,-0.0,172500.0,ASK
260,1712454600.597233,2201.64110047,171600.0,-0.0,172500.0,ASK
261,1712454601.713575,2210.64110047,171650.0,-2.746525715657356e-09,172500.0,ASK
262,1712454601.79342,2220.14839314,171650.0,2.9013359782706223e-09,172500.0,BID
263,1712454626.8036776,2220.58587349,172050.0,1.335056701521939e-10,172500.0,BID
264,1712454628.7735493,2228.72304291,172050.0,2.4832161182990202e-09,172500.0,BID
265,1712454630.5462582,2228.72304291,172050.0,0.0,172500.0,BID
266,1712454646.5435555,2232.83354611,172050.0,1.252622004372529e-09,172500.0,BID
267,1712454647.303879,2232.87931187,172050.0,1.3946515848187398e-11,172500.0,BID
268,1712454655.6435091,2234.91168059,172050.0,6.193377442621015e-10,172500.0,BID
269,1712454659.493687,2236.71660033,172050.0,5.500256470911875e-10,172500.0,BID
270,1712454660.7579966,2236.71660033,172050.0,0.0,172500.0,BID
271,1712454690.7947838,2236.71660033,172050.0,0.0,172500.0,BID
272,1712454720.6316614,2236.71660033,172050.0,0.0,172500.0,BID
273,1712454750.5752337,2236.75778719,172050.0,-1.2545898042757942e-11,172500.0,ASK
274,1712454750.5856197,2236.75778719,172050.0,-0.0,172500.0,ASK
275,1712454780.816634,2236.75778719,172050.0,-0.0,172500.0,ASK
276,1712454810.8020322,2236.75778719,172050.0,-0.0,172500.0,ASK
277,1712454818.7735314,2236.79485315,172050.0,-1.1290609462712012e-11,172500.0,ASK
278,1712454829.8255594,2236.82821089,172050.0,-1.0161053831935193e-11,172500.0,ASK
279,1712454838.7132905,2236.85823123,172050.0,9.14445315533008e-12,172500.0,BID
280,1712454840.5402637,2236.85823123,172050.0,0.0,172500.0,BID
281,1712454870.5910242,2236.85823123,172050.0,0.0,172500.0,BID
282,1712454900.5552285,2236.85823123,172050.0,0.0,172500.0,BID
283,1712454909.053922,2236.9163201,172150.0,1.7695810346598702e-11,172500.0,BID
284,1712454930.5680926,2236.9163201,172150.0,0.0,172500.0,BID
285,1712454958.5238898,2237.25798682,172350.0,1.0408277972288296e-10,172500.0,BID
286,1712454958.5255458,2237.49624467,172350.0,7.258107935947621e-11,172500.0,BID
287,1712454960.8135848,2237.49624467,172350.0,0.0,172500.0,BID
288,1712454990.7994618,2237.49624467,172350.0,0.0,172500.0,BID
289,1712455020.700502,2237.49624467,172350.0,0.0,172500.0,BID
290,1712455050.576815,2237.49624467,172350.0,0.0,172500.0,BID
291,1712455080.7952125,2237.49624467,172350.0,0.0,172500.0,BID
292,1712455096.27371,2237.56378608,172050.0,-2.0574680669203003e-11,172500.0,ASK
293,1712455096.2776003,2238.8821759,172050.0,-4.0161213015816975e-10,172500.0,ASK
294,1712455096.293434,2239.86836565,172050.0,-3.0041628070038707e-10,172500.0,ASK
295,1712455104.5237658,2241.61002022,172200.0,5.305483941444107e-10,172500.0,BID
296,1712455110.798818,2241.61002022,172200.0,0.0,172500.0,BID
297,1712455118.6440718,2241.64796592,172200.0,-1.1556648097691398e-11,172500.0,ASK
298,1712455140.557647,2241.64796592,172200.0,-0.0,172500.0,ASK
299,1712455170.8080978,2241.64796592,172200.0,-0.0,172500.0,ASK
300,1712455175.0037746,2242.57043222,172050.0,-2.809434849253598e-10,172500.0,ASK
301,1712455186.8438056,2242.67043222,172100.0,-3.045569089354325e-11,172500.0,ASK
302,1712455186.8471856,2256.87043222,172050.0,-4.324708106887158e-09,172500.0,ASK
303,1712455200.9537282,2256.87043222,172050.0,-0.0,172500.0,ASK
304,1712455229.775145,2256.87146394,172050.0,-3.1401526323820533e-13,172500.0,ASK
305,1712455229.779094,2256.922112,172050.0,-1.541529086863829e-11,172500.0,ASK
306,1712455230.8126783,2256.922112,172050.0,-0.0,172500.0,ASK
307,1712455260.5679705,2256.922112,172050.0,-0.0,172500.0,ASK
308,1712455283.803835,2256.96292833,172050.0,1.2422862719607532e-11,172500.0,BID
309,1712455283.8066876,2257.56292833,172050.0,1.8261606645641678e-10,172500.0,BID
310,1712455290.5733652,2257.56292833,172050.0,0.0,172500.0,BID
311,1712455320.847279,2257.56292833,172050.0,0.0,172500.0,BID
312,1712455351.0900264,2257.56292833,172050.0,0.0,172500.0,BID
313,1712455380.529153,2257.56292833,172050.0,0.0,172500.0,BID
314,1712455410.5300598,2257.56292833,172050.0,0.0,172500.0,BID
315,1712455440.784957,2257.56292833,172050.0,0.0,172500.0,BID
316,1712455470.7539325,2257.56292833,172050.0,0.0,172500.0,BID
317,1712455500.5076833,2257.56292833,172050.0,0.0,172500.0,BID
318,1712455525.82381,2257.61046249,171700.0,-1.4467060771291434e-11,172500.0,ASK
319,1712455530.489532,2257.61046249,171700.0,-0.0,172500.0,ASK
320,1712455557.543672,2258.61046249,171700.0,-3.0435006814681593e-10,172500.0,ASK
321,1712455560.754011,2258.61046249,171700.0,-0.0,172500.0,ASK
322,1712455575.6435654,2258.71668411,171850.0,3.2326867983623046e-11,172500.0,BID
323,1712455590.7569015,2258.71668411,171850.0,0.0,172500.0,BID
324,1712455610.0741143,2258.77480674,171700.0,-1.768860377762412e-11,172500.0,ASK
325,1712455610.077813,2261.64468011,171700.0,-8.733956624850789e-10,172500.0,ASK
326,1712455610.0935965,2261.64468029,171700.0,-5.47798195615584e-17,172500.0,ASK
327,1712455620.4810224,2261.64468029,171700.0,-0.0,172500.0,ASK
328,1712455650.5290856,2261.64468029,171700.0,-0.0,172500.0,ASK
329,1712455657.60433,2261.72402357,171850.0,2.414304282443094e-11,172500.0,BID
330,1712455680.7851665,2261.72402357,171850.0,0.0,172500.0,BID
331,1712455695.8315394,2261.78221385,171850.0,1.7706409328706096e-11,172500.0,BID
332,1712455710.8249972,2261.78221385,171850.0,0.0,172500.0,BID
333,1712455740.5342574,2261.78221385,171850.0,0.0,172500.0,BID
334,1712455765.9239192,2261.83924032,171850.0,1.7352227003123127e-11,172500.0,BID
335,1712455770.5049157,2261.83924032,171850.0,0.0,172500.0,BID
336,1712455772.0639715,2262.41962337,171850.0,1.7660059269172583e-10,172500.0,BID
337,1712455777.7238395,2262.53600393,171850.0,3.541260530228257e-11,172500.0,BID
338,1712455796.38416,2262.6206686,171850.0,2.5762004769231228e-11,172500.0,BID
339,1712455800.5439382,2262.6206686,171850.0,0.0,172500.0,BID
340,1712455806.7038586,2265.53018272,171950.0,8.89728955981576e-10,172500.0,BID
341,1712455809.0337584,2265.62242804,172050.0,2.820860421115661e-11,172500.0,BID
342,1712455830.5034623,2265.62242804,172050.0,0.0,172500.0,BID
343,1712455835.3371074,2265.73853834,172250.0,3.55009077654856e-11,172500.0,BID
344,1712455860.7741275,2265.73853834,172250.0,0.0,172500.0,BID
345,1712455890.797795,2265.73853834,172250.0,0.0,172500.0,BID
346,1712455910.593677,2266.37733044,172200.0,-1.9531050001109187e-10,172500.0,ASK
347,1712455920.5333674,2266.37733044,172200.0,-0.0,172500.0,ASK
348,1712455930.0917864,2267.01630807,172150.0,1.9536065529389604e-10,172500.0,BID
349,1712455944.6641147,2267.59719682,172150.0,1.7760059433212742e-10,172500.0,BID
350,1712455950.5498245,2267.59719682,172150.0,0.0,172500.0,BID
351,1712455980.7838793,2267.59719682,172150.0,0.0,172500.0,BID
352,1712455984.7540438,2273.40777206,172100.0,1.776407897218378e-09,172500.0,BID
353,1712455998.897648,2274.57225532,171750.0,-3.5600558874145167e-10,172500.0,ASK
354,1712455998.9936368,2274.9486041,171750.0,1.1505727355504307e-10,172500.0,BID
355,1712456010.770264,2274.9486041,171750.0,0.0,172500.0,BID
356,1712456018.474008,2284.33276832,171750.0,2.8678160346651403e-09,172500.0,BID
357,1712456035.9153109,2285.29649043,171900.0,-2.9451506337980384e-10,172500.0,ASK
358,1712456035.9188027,2287.95351552,171750.0,-8.119912417314232e-10,172500.0,ASK
359,1712456035.9222429,2288.80496569,171900.0,-2.6020457368375433e-10,172500.0,ASK
360,1712456040.5117905,2288.80496569,171900.0,-0.0,172500.0,ASK
361,1712456070.5239658,2288.80496569,171900.0,-0.0,172500.0,ASK
362,1712456077.4536157,2294.21077786,171900.0,-1.6508243497830115e-09,172500.0,ASK
363,1712456085.4739687,2297.41077786,171900.0,-9.772144782651771e-10,172500.0,ASK
364,1712456085.573811,2297.49902037,171900.0,-2.6947455740727487e-11,172500.0,ASK
365,1712456094.913793,2297.55007957,172000.0,1.5592434215214408e-11,172500.0,BID
366,1712456100.563845,2297.55007957,172000.0,0.0,172500.0,BID
367,1712456105.3952694,2312.08918977,171950.0,4.439281305049634e-09,172500.0,BID
368,1712456111.3938105,2317.91160577,171750.0,-1.7777802178720671e-09,172500.0,ASK
369,1712456116.8638406,2317.91160607,171750.0,-9.16001337290404e-17,172500.0,ASK
370,1712456118.0239449,2318.46160607,171650.0,-1.6793357256334218e-10,172500.0,ASK
371,1712456118.0277452,2318.51160607,171650.0,-1.526668841489978e-11,172500.0,ASK
372,1712456119.6642923,2318.5441869,171650.0,-9.94802759811433e-12,172500.0,ASK
373,1712456119.66704,2319.01160607,171600.0,-1.4271885655032808e-10,172500.0,ASK
374,1712456119.7537813,2319.01803446,171600.0,-1.962804542676774e-12,172500.0,ASK
375,1712456130.7738764,2319.01803446,171600.0,-0.0,172500.0,ASK
376,1712456140.1639729,2319.08100618,171550.0,-1.9205754410782948e-11,172500.0,ASK
377,1712456154.083853,2320.30556674,171600.0,3.734789104777712e-10,172500.0,BID
378,1712456154.1039407,2328.26556674,172050.0,2.427721604395645e-09,172500.0,BID
379,1712456154.107075,2381.12444828,171600.0,1.6121438278749646e-08,172500.0,BID
380,1712456154.1103833,2389.00444828,171850.0,2.403322392291188e-09,172500.0,BID
381,1712456154.113505,2393.70444828,171900.0,1.433453711138208e-09,172500.0,BID
382,1712456154.1638858,2428.30556628,172050.0,-1.0553000214176225e-08,172500.0,ASK
383,1712456154.183977,2428.30556674,172050.0,-1.4029537285458366e-16,172500.0,ASK
384,1712456154.2899697,2442.50216616,172050.0,4.329823005136242e-09,172500.0,BID
385,1712456154.3240194,2455.30059642,172050.0,3.9033951814765646e-09,172500.0,BID
386,1712456154.3277965,2455.69339449,172150.0,1.1979954280200648e-10,172500.0,BID
387,1712456154.3315687,2462.79736435,172150.0,2.1666408424744834e-09,172500.0,BID
388,1712456154.335673,2469.00613602,172150.0,1.893614211057687e-09,172500.0,BID
389,1712456154.3837626,2472.55490769,172150.0,1.082340408583675e-09,172500.0,BID
390,1712456154.3859422,2475.50613602,172150.0,9.00095574905221e-10,172500.0,BID
391,1712456154.5322082,2475.67676532,172250.0,5.204025602415665e-11,172500.0,BID
392,1712456154.5352182,2511.75676532,172250.0,1.1004044659119884e-08,172500.0,BID
393,1712456154.538092,2532.50613602,172350.0,6.328353709297053e-09,172500.0,BID
394,1712456154.543642,2543.47676532,172350.0,3.34593389012884e-09,172500.0,BID
395,1712456154.545524,2545.68051785,172500.0,6.721228175655682e-10,172500.0,BID
396,1712456154.9460642,2560.68051785,172550.0,4.5748522695897624e-09,172550.0,BID
397,1712456160.540347,2560.68051785,172550.0,0.0,172550.0,BID
398,1712456162.7456222,2560.73267664,172550.0,1.570871713726933e-11,172550.0,BID
399,1712456175.1141868,2560.78941442,172550.0,-1.7087776327049738e-11,172550.0,ASK
400,1712456190.5093677,2560.78941442,172550.0,-0.0,172550.0,ASK
401,1712456220.7305596,2560.78941442,172550.0,-0.0,172550.0,ASK
402,1712456248.5747976,2567.68088556,172500.0,2.075499799274787e-09,172550.0,BID
403,1712456248.578938,2569.9780426,172500.0,6.91833264417109e-10,172550.0,BID
404,1712456248.5829406,2599.68039489,172550.0,8.945437768441646e-09,172550.0,BID
405,1712456250.7755814,2599.68039489,172550.0,0.0,172550.0,BID
406,1712456280.504474,2599.68039489,172550.0,0.0,172550.0,BID
407,1712456283.6138391,2603.18028368,172600.0,1.0519333367079656e-09,172600.0,BID
408,1712456283.623993,2605.72265374,172600.0,7.641396572383392e-10,172600.0,BID
409,1712456283.6271198,2608.60449813,172550.0,8.661727177468673e-10,172600.0,BID
410,1712456310.4839585,2608.60449813,172550.0,0.0,172600.0,BID
411,1712456340.735397,2608.60449813,172550.0,0.0,172600.0,BID
412,1712456370.8073137,2608.60449813,172550.0,0.0,172600.0,BID
413,1712456399.9241104,2609.18437635,172450.0,1.7420867482258008e-10,172600.0,BID
414,1712456400.5458384,2609.18437635,172450.0,0.0,172600.0,BID
415,1712456430.5629325,2609.18437635,172450.0,0.0,172600.0,BID
416,1712456443.1758995,2609.21929051,172450.0,1.0519536514775016e-11,172600.0,BID
417,1712456456.5937943,2609.52049532,172450.0,-9.075214747320016e-11,172600.0,ASK
418,1712456460.776228,2609.52049532,172450.0,-0.0,172600.0,ASK
419,1712456490.7739956,2609.52049532,172450.0,-0.0,172600.0,ASK
420,1712456497.6138258,2609.57842518,172450.0,-1.7453796256008434e-11,172600.0,ASK
421,1712456497.6739855,2652.10144794,172450.0,1.2811841344721037e-08,172600.0,BID
422,1712456510.413793,2652.16004683,172450.0,-1.7655369560412958e-11,172600.0,ASK
423,1712456520.5041907,2652.16004683,172450.0,-0.0,172600.0,ASK
424,1712456540.7237592,2653.31980329,172450.0,-3.4865277564291366e-10,172600.0,ASK
425,1712456550.5218146,2653.31980329,172450.0,-0.0,172600.0,ASK
426,1712456574.9640749,2661.05908034,172600.0,2.326486888228421e-09,172600.0,BID
427,1712456574.977236,2661.10859194,172550.0,1.4883572131022874e-11,172600.0,BID
428,1712456580.7637882,2661.10859194,172550.0,0.0,172600.0,BID
429,1712456610.7638652,2661.10859194,172550.0,0.0,172600.0,BID
430,1712456615.5440228,2661.50267763,172600.0,1.184173693642672e-10,172600.0,BID
431,1712456615.548194,2661.96555704,172600.0,1.3908894297859458e-10,172600.0,BID
432,1712456615.5514996,2666.46337429,172600.0,1.3515326745977075e-09,172600.0,BID
433,1712456615.58393,2668.12922139,172600.0,5.005643096179395e-10,172600.0,BID
434,1712456615.5878997,2668.89736626,172600.0,2.30817045897012e-10,172600.0,BID
435,1712456615.6451836,2669.72231184,172700.0,2.4788488374778976e-10,172700.0,BID
436,1712456615.6485796,2670.1244401,172700.0,1.208340518434165e-10,172700.0,BID
437,1712456615.6519904,2673.01879611,172750.0,8.697144641511196e-10,172750.0,BID
438,1712456615.6544263,2675.98682855,172750.0,8.91853225456435e-10,172750.0,BID
439,1712456615.6564617,2678.88202253,172750.0,8.69966262695192e-10,172750.0,BID
440,1712456615.6648054,2678.9419872,172900.0,1.801856463291396e-11,172900.0,BID
441,1712456615.6735451,2681.83466872,172850.0,8.69211302768079e-10,172900.0,BID
442,1712456615.675629,2683.13202915,172900.0,3.898390962583367e-10,172900.0,BID
443,1712456615.6776989,2683.5423641,172800.0,1.233000501420009e-10,172900.0,BID
444,1712456615.6799035,2683.96107324,172900.0,1.2581637990351726e-10,172900.0,BID
445,1712456615.6819608,2686.8841136,172900.0,8.783337196965411e-10,172900.0,BID
446,1712456615.6840637,2688.6240276,172900.0,5.22820401827058e-10,172900.0,BID
447,1712456615.6861434,2688.74064567,172900.0,3.5042137840031886e-11,172900.0,BID
448,1712456615.704194,2689.09497246,173000.0,1.0647036274545443e-10,173000.0,BID
449,1712456615.7076845,2689.35579301,173000.0,7.837301427300701e-11,173000.0,BID
450,1712456615.714558,2692.24064567,173000.0,8.66858837226003e-10,173000.0,BID
451,1712456615.7240722,2692.97756467,173000.0,2.2143409829107354e-10,173000.0,BID
452,1712456615.784624,2694.50380384,173000.0,4.5861403273012894e-10,173000.0,BID
453,1712456615.788718,2695.23613984,173000.0,2.2005696936313367e-10,173000.0,BID
454,1712456615.792028,2695.27322047,173300.0,1.1142223050517056e-11,173300.0,BID
455,1712456615.7958732,2695.59436435,173050.0,9.64993513391322e-11,173300.0,BID
456,1712456615.7991664,2696.02096394,173300.0,1.2818735239965872e-10,173300.0,BID
457,1712456615.801611,2696.15696629,173200.0,4.086684932502383e-11,173300.0,BID
458,1712456615.8036077,2703.81049019,173350.0,2.2997794378294037e-09,173350.0,BID
459,1712456615.8055823,2703.86829366,173000.0,1.7369153539921546e-11,173350.0,BID
460,1712456615.8075624,2704.24523705,173100.0,1.1326634225942935e-10,173350.0,BID
461,1712456615.809573,2704.64624066,173200.0,1.2049610987339377e-10,173350.0,BID
462,1712456615.8115816,2705.11710587,173300.0,1.4148856684799522e-10,173350.0,BID
463,1712456615.8137648,2705.1470443,173150.0,8.996089463331613e-12,173350.0,BID
464,1712456615.8157823,2705.20990067,173300.0,1.888748100244849e-11,173350.0,BID
465,1712456616.586831,2705.86227624,173050.0,1.9602995185371395e-10,173350.0,BID
466,1712456617.7739303,2706.17956062,173300.0,9.533962428314052e-11,173350.0,BID
467,1712456619.3137825,2706.73033179,173300.0,1.65499216866061e-10,173350.0,BID
468,1712456623.375369,2706.99328582,173300.0,-7.901409588441396e-11,173350.0,ASK
469,1712456628.4405696,2707.0229715,173000.0,-8.920141539260702e-12,173350.0,ASK
470,1712456630.5239732,2707.05239174,173350.0,8.84038044332608e-12,173350.0,BID
471,1712456631.703985,2707.18415644,173400.0,3.959349335695363e-11,173400.0,BID
472,1712456631.7065427,2707.70857402,173400.0,1.5758032287845131e-10,173400.0,BID
473,1712456631.709015,2707.73856034,173500.0,9.010479754525792e-12,173500.0,BID
474,1712456631.7114916,2707.84639399,173500.0,3.2402539564296104e-11,173500.0,BID
475,1712456631.7139614,2707.88619787,173350.0,1.1960522494829436e-11,173500.0,BID
476,1712456640.5141015,2707.88619787,173350.0,0.0,173500.0,BID
477,1712456646.288443,2707.9315581,173500.0,1.3597081045387371e-11,173500.0,BID
478,1712456670.4864445,2707.9315581,173500.0,0.0,173500.0,BID
479,1712456687.7940967,2709.83374413,173300.0,-5.70193682825032e-10,173500.0,ASK
480,1712456687.799836,2712.56386733,173300.0,-8.183736908077806e-10,173500.0,ASK
481,1712456687.8138113,2756.75586733,173300.0,-1.3246863784087736e-08,173500.0,ASK
482,1712456687.8166432,2759.69687533,173300.0,-8.81587897445452e-10,173500.0,ASK
483,1712456687.893945,2765.13586419,173300.0,-1.630375284024146e-09,173500.0,ASK
484,1712456689.0941076,2766.93044164,173250.0,5.3793725176829e-10,173500.0,BID
485,1712456700.544417,2766.93044164,173250.0,0.0,173500.0,BID
486,1712456701.1687126,2768.02070426,173250.0,3.2602258529280107e-10,173500.0,BID
487,1712456730.5378866,2768.02070426,173250.0,0.0,173500.0,BID
488,1712456751.0055478,2770.91004261,173050.0,8.63953636118021e-10,173500.0,BID
489,1712456760.777135,2770.91004261,173050.0,0.0,173500.0,BID
490,1712456769.3242266,2772.3687399,173100.0,4.361062247733335e-10,173500.0,BID
491,1712456790.7640338,2772.3687399,173100.0,0.0,173500.0,BID
492,1712456801.8844666,2773.79854637,173100.0,4.27436479125992e-10,173500.0,BID
493,1712456801.8895855,2781.82785745,173100.0,2.400339157677847e-09,173500.0,BID
494,1712456807.5742807,2784.36974075,173100.0,7.598886079323783e-10,173500.0,BID
495,1712456820.3577394,2795.28828494,173100.0,3.264066979466596e-09,173500.0,BID
496,1712456820.4942148,2795.28828494,173100.0,0.0,173500.0,BID
497,1712456850.5156443,2795.28828494,173100.0,0.0,173500.0,BID
498,1712456880.8043623,2795.28828494,173100.0,0.0,173500.0,BID
499,1712456888.4442658,2795.89379508,173050.0,1.8080105615716558e-10,173500.0,BID
500,1712456888.4498563,2796.61374781,173050.0,2.1497280618154152e-10,173500.0,BID
501,1712456910.829518,2796.61374781,173050.0,0.0,173500.0,BID
502,1712456915.2741747,2813.4516673,173050.0,5.027339658717113e-09,173500.0,BID
503,1712456921.437877,2815.9935506,173100.0,7.58936442801729e-10,173500.0,BID
504,1712456924.0374537,2816.78729673,173100.0,2.369907636552871e-10,173500.0,BID
505,1712456940.5547729,2816.78729673,173100.0,0.0,173500.0,BID
506,1712456944.2843688,2828.34131175,173100.0,3.446118957481818e-09,173500.0,BID
507,1712456970.4868248,2828.34131175,173100.0,0.0,173500.0,BID
508,1712456990.254103,2834.11831926,173100.0,1.722032246569318e-09,173500.0,BID
509,1712457000.606606,2834.11831926,173100.0,0.0,173500.0,BID
510,1712457020.5941637,2849.77325264,173100.0,4.667970710995974e-09,173500.0,BID
511,1712457020.6001816,2849.86077729,173100.0,2.6098003279402792e-11,173500.0,BID
512,1712457022.7340877,2852.74844695,173150.0,8.610421436307601e-10,173500.0,BID
513,1712457023.786215,2855.63528298,173200.0,8.607935727598178e-10,173500.0,BID
514,1712457030.6206348,2855.63528298,173200.0,0.0,173500.0,BID
515,1712457043.5865977,2855.67601618,173200.0,1.2132304879099132e-11,173500.0,BID
516,1712457060.7937715,2855.67601618,173200.0,0.0,173500.0,BID
517,1712457068.7817185,2856.00561948,173500.0,9.817149946332038e-11,173500.0,BID
518,1712457068.7839942,2858.89078971,173300.0,8.593405699697028e-10,173500.0,BID
519,1712457068.786123,2861.80565841,173250.0,8.681861832620934e-10,173500.0,BID
520,1712457068.7884078,2861.83448262,173500.0,8.585217188505729e-12,173500.0,BID
521,1712457068.7905738,2878.05198592,173500.0,4.830341857959661e-09,173500.0,BID
522,1712457073.9140668,2879.36568071,173150.0,-3.9128063150890046e-10,173500.0,ASK
523,1712457073.918389,2890.87229162,173200.0,-3.4272146145842307e-09,173500.0,ASK
524,1712457076.9441764,2895.68658662,173150.0,-1.433925446160799e-09,173500.0,ASK
525,1712457076.9491937,2897.28244447,173100.0,-4.753221768857666e-10,173500.0,ASK
526,1712457080.6442487,2897.92345975,173100.0,-1.9092476081539446e-10,173500.0,ASK
527,1712457090.774156,2897.92345975,173100.0,-0.0,173500.0,ASK
528,1712457120.513735,2897.92345975,173100.0,-0.0,173500.0,ASK
529,1712457146.2409146,2899.70343575,173050.0,-5.29007595195122e-10,173500.0,ASK
530,1712457150.5596192,2899.70343575,173050.0,-0.0,173500.0,ASK
531,1712457151.984119,2899.70343631,173050.0,-1.6641636214340264e-16,173500.0,ASK
532,1712457152.2241275,2917.04583509,172900.0,-5.153676732083485e-09,173500.0,ASK
533,1712457157.7353027,2917.22529283,172750.0,-5.33298300173652e-11,173500.0,ASK
534,1712457159.7244186,2918.42013404,172750.0,-3.5507344864040977e-10,173500.0,ASK
535,1712457159.7301264,2920.18845283,172750.0,-5.254949743999702e-10,173500.0,ASK
536,1712457165.1838105,2928.90845227,172650.0,-2.5913403784449702e-09,173500.0,ASK
537,1712457165.1867838,2928.90845283,172750.0,-1.6641636214340264e-16,173500.0,ASK
538,1712457180.744931,2928.90845283,172750.0,-0.0,173500.0,ASK
539,1712457194.2039905,2930.01836545,173000.0,3.293410981673379e-10,173500.0,BID
540,1712457194.323925,2933.28841028,173000.0,9.70310757767925e-10,173500.0,BID
541,1712457195.3339555,2936.57066668,173000.0,9.73934260917503e-10,173500.0,BID
542,1712457197.197384,2937.9072906,173000.0,3.9661247355621327e-10,173500.0,BID
543,1712457198.4438963,2941.189547,173000.0,9.73934260917368e-10,173500.0,BID
544,1712457200.6080272,2942.52617092,173000.0,3.9661247355621327e-10,173500.0,BID
545,1712457200.773886,2956.2135574,173000.0,4.0614178207680194e-09,173500.0,BID
546,1712457203.624045,2969.90094388,173000.0,4.0614178207680194e-09,173500.0,BID
547,1712457210.8082492,2969.90094388,173000.0,0.0,173500.0,BID
548,1712457216.8251235,2970.93732295,173000.0,3.0687594585337536e-10,173500.0,BID
549,1712457216.831188,2998.80267798,173000.0,8.251041948742705e-09,173500.0,BID
550,1712457240.5147982,2998.80267798,173000.0,0.0,173500.0,BID
551,1712457260.6544406,2999.21110238,173100.0,1.2075729830089308e-10,173500.0,BID
552,1712457260.659949,3008.21110238,173350.0,2.660995975532053e-09,173500.0,BID
553,1712457260.6642046,3012.29003153,173000.0,1.2060015614033815e-09,173500.0,BID
554,1712457260.6683571,3013.20379697,173550.0,2.7016957315784797e-10,173550.0,BID
555,1712457267.6349783,3017.02401744,173450.0,1.1295101440350468e-09,173550.0,BID
556,1712457267.6373158,3019.02401744,173450.0,5.913324390071229e-10,173550.0,BID
557,1712457270.5565095,3019.02401744,173450.0,0.0,173550.0,BID
558,1712457300.7641404,3019.02401744,173450.0,0.0,173550.0,BID
559,1712457330.7902453,3019.02401744,173450.0,0.0,173550.0,BID
560,1712457360.5273652,3019.02401744,173450.0,0.0,173550.0,BID
561,1712457390.4879413,3019.02401744,173450.0,0.0,173550.0,BID
562,1712457420.794234,3019.02401744,173450.0,0.0,173550.0,BID
563,1712457435.1846793,3019.05284996,173450.0,8.540812455505198e-12,173550.0,BID
564,1712457435.1889584,3024.31918729,173450.0,1.5600023675723355e-09,173550.0,BID
565,1712457435.1931198,3025.42355044,173450.0,3.2713611390691477e-10,173550.0,BID
566,1712457450.8010316,3025.42355044,173450.0,0.0,173550.0,BID
567,1712457454.1843796,3025.48301314,173000.0,-1.7608340740433108e-11,173550.0,ASK
568,1712457464.1313884,3031.38801159,173000.0,-1.748612571902439e-09,173550.0,ASK
569,1712457464.6494555,3034.27234964,173350.0,8.54122116805293e-10,173550.0,BID
570,1712457464.7937946,3037.34117564,173350.0,-9.087534518457283e-10,173550.0,ASK
571,1712457464.8139424,3037.34117576,173350.0,-3.553492466804332e-17,173550.0,ASK
572,1712457480.517479,3037.34117576,173350.0,-0.0,173550.0,ASK
573,1712457510.5542662,3037.34117576,173350.0,-0.0,173550.0,ASK
574,1712457510.587649,3065.22117576,173050.0,-8.250898406208273e-09,173550.0,ASK
575,1712457510.5916889,3089.27914452,173000.0,-7.119793977707916e-09,173550.0,ASK
576,1712457518.0538878,3089.45351241,173150.0,-5.1603003790994165e-11,173550.0,ASK
577,1712457533.8640256,3106.68661173,173150.0,-5.100019788860152e-09,173550.0,ASK
578,1712457540.7640517,3106.68661173,173150.0,-0.0,173550.0,ASK
579,1712457570.764228,3106.68661173,173150.0,-0.0,173550.0,ASK
580,1712457581.8052423,3106.74436512,173150.0,1.703123994124869e-11,173550.0,BID
581,1712457600.606689,3106.74436512,173150.0,0.0,173550.0,BID
582,1712457607.8340633,3115.43845501,173150.0,2.573267685103765e-09,173550.0,BID
583,1712457607.8395894,3123.0696962,173150.0,2.258686832079803e-09,173550.0,BID
584,1712457625.4338295,3123.12730292,173300.0,1.705037708331539e-11,173550.0,BID
585,1712457630.4817502,3123.12730292,173300.0,0.0,173550.0,BID
586,1712457660.7670074,3123.12730292,173300.0,0.0,173550.0,BID
587,1712457690.774014,3123.12730292,173300.0,0.0,173550.0,BID
588,1712457717.4809418,3123.16931133,173250.0,1.2423174915304731e-11,173550.0,BID
589,1712457717.4837918,3123.24944273,173300.0,2.3697312000545024e-11,173550.0,BID
590,1712457717.5940616,3124.85890673,173300.0,-4.759678548188958e-10,173550.0,ASK
591,1712457717.5996666,3124.85890682,173300.0,-2.6615747108584306e-17,173550.0,ASK
592,1712457720.6452155,3124.85890682,173300.0,-0.0,173550.0,ASK
593,1712457750.497085,3124.85890682,173300.0,-0.0,173550.0,ASK
594,1712457758.705269,3134.09145082,173300.0,-2.730104071543387e-09,173550.0,ASK
595,1712457758.7078714,3134.09145154,173300.0,-2.1290721705094167e-16,173550.0,ASK
596,1712457780.7438867,3134.09145154,173300.0,-0.0,173550.0,ASK
597,1712457810.8415897,3134.09145154,173300.0,-0.0,173550.0,ASK
598,1712457829.5551915,3135.82355315,173200.0,-5.119478861053459e-10,173550.0,ASK
599,1712457829.561104,3143.62458951,173200.0,-2.305710040840543e-09,173550.0,ASK
600,1712457840.4969218,3143.62458951,173200.0,-0.0,173550.0,ASK
601,1712457864.5936878,3143.74006296,173200.0,3.4113213957827644e-11,173550.0,BID
602,1712457870.504705,3143.74006296,173200.0,0.0,173550.0,BID
603,1712457900.5712082,3143.74006296,173200.0,0.0,173550.0,BID
604,1712457902.583893,3144.03151961,173200.0,8.615545251811201e-11,173550.0,BID
605,1712457930.5079873,3144.03151961,173200.0,0.0,173550.0,BID
606,1712457960.7958813,3144.03151961,173200.0,0.0,173550.0,BID
607,1712457971.4193072,3150.43105261,173200.0,1.8916927586306484e-09,173550.0,BID
608,1712457974.4398527,3150.49298464,173200.0,-1.830701907134349e-11,173550.0,ASK
609,1712457975.8837783,3151.53296519,173200.0,-3.0741675612142166e-10,173550.0,ASK
610,1712457983.6938996,3152.53712343,173150.0,-2.9682773276225237e-10,173550.0,ASK
611,1712457983.6982522,3180.71956639,173150.0,-8.330689640627723e-09,173550.0,ASK
612,1712457990.7923152,3180.71956639,173150.0,-0.0,173550.0,ASK
613,1712457994.623843,3180.89292669,173050.0,-5.114900227703065e-11,173550.0,ASK
614,1712458006.7790422,3192.34348332,173000.0,-3.3784237056688263e-09,173550.0,ASK
615,1712458013.5334878,3197.34348332,173000.0,-1.4752224781883135e-09,173550.0,ASK
616,1712458020.516774,3197.34348332,173000.0,-0.0,173550.0,ASK
617,1712458050.5070126,3197.34348332,173000.0,-0.0,173550.0,ASK
618,1712458080.5282123,3197.34348332,173000.0,-0.0,173550.0,ASK
619,1712458084.2239602,3197.41470515,173050.0,2.099579330564285e-11,173550.0,BID
620,1712458084.2283971,3197.48592698,173050.0,2.099579330564285e-11,173550.0,BID
621,1712458110.5642445,3197.48592698,173050.0,0.0,173550.0,BID
622,1712458140.7987812,3197.48592698,173050.0,0.0,173550.0,BID
623,1712458155.1742022,3206.08008699,173050.0,-2.533491431111065e-09,173550.0,ASK
624,1712458170.77414,3206.08008699,173050.0,-0.0,173550.0,ASK
625,1712458178.223805,3206.19566052,173050.0,3.405524591826991e-11,173550.0,BID
626,1712458184.1060357,3211.43338219,173000.0,-1.5433629095128687e-09,173550.0,ASK
627,1712458200.5643067,3211.43338219,173000.0,-0.0,173550.0,ASK
628,1712458220.703944,3220.06604743,173050.0,2.5485554131151806e-09,173550.0,BID
629,1712458230.5182176,3220.06604743,173050.0,0.0,173550.0,BID
630,1712458260.7738724,3220.06604743,173050.0,0.0,173550.0,BID
631,1712458264.3640606,3223.14473445,173050.0,-9.084964359757027e-10,173550.0,ASK
632,1712458284.474936,3223.26030799,173100.0,-3.410484680670374e-11,173550.0,ASK
633,1712458290.7638452,3223.26030799,173100.0,-0.0,173550.0,ASK
634,1712458300.074129,3225.06030799,173100.0,-5.310792784125998e-10,173550.0,ASK
635,1712458300.108774,3227.66030799,173100.0,-7.671145132625392e-10,173550.0,ASK
636,1712458300.1135163,3233.46030799,173100.0,-1.711255452662568e-09,173550.0,ASK
637,1712458300.133702,3246.76030799,173100.0,-3.924085779381644e-09,173550.0,ASK
638,1712458300.1390066,3259.26030799,173100.0,-3.6880505445315694e-09,173550.0,ASK
639,1712458300.6239953,3259.31807807,173100.0,-1.7044718000117243e-11,173550.0,ASK
640,1712458309.193927,3270.85148683,173050.0,-3.402863556609834e-09,173550.0,ASK
641,1712458309.2027116,3270.86542218,173100.0,-4.111542012558789e-12,173550.0,ASK
642,1712458320.1104136,3271.96542218,173100.0,-3.245484479187513e-10,173550.0,ASK
643,1712458320.5571527,3271.96542218,173100.0,-0.0,173550.0,ASK
644,1712458328.6620886,3276.96542218,173100.0,-1.4715600014921203e-09,173550.0,ASK
645,1712458328.6890168,3279.46542218,173100.0,-7.357800007460602e-10,173550.0,ASK
646,1712458328.7068317,3289.96542218,173100.0,-3.0902760031334526e-09,173550.0,ASK
647,1712458331.700133,3289.97061173,173050.0,-1.5273468411687782e-12,173550.0,ASK
648,1712458331.7032502,3290.06542218,173100.0,-2.7903853188646865e-11,173550.0,ASK
649,1712458334.4838712,3290.09521068,173050.0,-8.767113020888167e-12,173550.0,ASK
650,1712458350.5369058,3290.09521068,173050.0,-0.0,173550.0,ASK
651,1712458380.7840097,3290.09521068,173050.0,-0.0,173550.0,ASK
652,1712458410.1138442,3307.69521068,173050.0,-5.175111322647274e-09,173550.0,ASK
653,1712458410.119635,3332.59521068,173050.0,-7.321606359881721e-09,173550.0,ASK
654,1712458410.7773638,3332.59521068,173050.0,-0.0,173550.0,ASK
655,1712458427.82722,3333.68994188,173050.0,-3.2120060291066517e-10,173550.0,ASK
656,1712458427.8334768,3333.69521068,173050.0,-1.5458970536671645e-12,173550.0,ASK
657,1712458430.4887116,3333.75621481,173050.0,-1.7898972219011114e-11,173550.0,ASK
658,1712458430.4914298,3333.79521068,173000.0,-1.1441618686813019e-11,173550.0,ASK
659,1712458440.520993,3333.79521068,173000.0,-0.0,173550.0,ASK
660,1712458470.5234067,3333.79521068,173000.0,-0.0,173550.0,ASK
661,1712458497.8748393,3335.52931472,173000.0,-5.087653741511939e-10,173550.0,ASK
662,1712458497.8811314,3340.86263041,173000.0,-1.564731002235003e-09,173550.0,ASK
663,1712458497.8870995,3342.09521068,173000.0,-3.616243015257477e-10,173550.0,ASK
664,1712458500.769555,3342.09521068,173000.0,-0.0,173550.0,ASK
665,1712458510.124147,3344.59521068,173000.0,-7.354622665069501e-10,173550.0,ASK
666,1712458510.1436875,3347.39521068,173000.0,-8.23717738487837e-10,173550.0,ASK
667,1712458510.1497808,3351.99521068,173000.0,-1.353250570372761e-09,173550.0,ASK
668,1712458510.164667,3365.59521068,173000.0,-4.000914729797781e-09,173550.0,ASK
669,1712458530.7942345,3365.59521068,173000.0,-0.0,173550.0,ASK
670,1712458560.5239365,3365.59521068,173000.0,-0.0,173550.0,ASK
671,1712458590.549595,3365.59521068,173000.0,-0.0,173550.0,ASK
672,1712458593.8146713,3365.64918544,173000.0,-1.5859591519494005e-11,173550.0,ASK
673,1712458593.8177068,3365.69521068,172950.0,-1.3523756399900015e-11,173550.0,ASK
674,1712458616.644062,3367.99521068,173350.0,6.758170021467305e-10,173550.0,BID
675,1712458616.6500134,3370.79521068,173400.0,8.227337417437004e-10,173550.0,BID
676,1712458616.7223082,3373.67788581,173450.0,8.47026462834596e-10,173550.0,BID
677,1712458616.7249222,3374.68204405,173450.0,2.9505530932070967e-10,173550.0,BID
678,1712458616.7275565,3375.81170433,173500.0,3.3193201037985123e-10,173550.0,BID
679,1712458616.7301595,3375.89521068,173400.0,2.4536961355407447e-11,173550.0,BID
680,1712458620.7839231,3375.89521068,173400.0,0.0,173550.0,BID
681,1712458650.7780442,3375.89521068,173400.0,0.0,173550.0,BID
682,1712458654.8571682,3376.89521068,173400.0,2.936793455404445e-10,173550.0,BID
683,1712458678.413793,3377.03639521,173000.0,-4.146298037081135e-11,173550.0,ASK
684,1712458680.577656,3377.03639521,173000.0,-0.0,173550.0,ASK
685,1712458693.4937532,3393.36172629,172950.0,-4.794134022049992e-09,173550.0,ASK
686,1712458710.535216,3393.36172629,172950.0,-0.0,173550.0,ASK
687,1712458712.1539054,3399.35310566,172950.0,-1.757984528865186e-09,173550.0,ASK
688,1712458715.7869322,3399.56169121,172950.0,-6.120296299060193e-11,173550.0,ASK
689,1712458720.1238256,3406.66169121,172950.0,-2.083274882816029e-09,173550.0,ASK
690,1712458720.5040166,3407.53212438,172950.0,-2.554016282015637e-10,173550.0,ASK
691,1712458720.6046343,3407.67756613,172950.0,-4.267537249121712e-11,173550.0,ASK
692,1712458722.2939448,3408.95036997,172950.0,-3.734648268484413e-10,173550.0,ASK
693,1712458722.300464,3409.87756613,172950.0,-2.7205696782703643e-10,173550.0,ASK
694,1712458722.3427508,3410.07756613,172950.0,-5.868379951589187e-11,173550.0,ASK
695,1712458722.3477662,3410.10677355,172950.0,-8.570011898333467e-12,173550.0,ASK
696,1712458722.6540313,3412.47756613,172850.0,-6.95635582293036e-10,173550.0,ASK
697,1712458740.7838533,3412.47756613,172850.0,-0.0,173550.0,ASK
698,1712458770.7840133,3412.47756613,172850.0,-0.0,173550.0,ASK
699,1712458771.643794,3413.19959,172850.0,-2.1165021978181967e-10,173550.0,ASK
700,1712458775.43532,3413.24959,173350.0,1.4656732870938097e-11,173550.0,BID
701,1712458800.7137594,3413.24959,173350.0,0.0,173550.0,BID
702,1712458811.0538397,3417.29962151,173300.0,1.1875349755375055e-09,173550.0,BID
703,1712458830.5257032,3417.29962151,173300.0,0.0,173550.0,BID
704,1712458840.4938807,3417.38040627,173300.0,2.3682529004255413e-11,173550.0,BID
705,1712458844.1582508,3417.51492444,173300.0,3.9434795159687426e-11,173550.0,BID
706,1712458844.1642416,3418.580413,173300.0,3.1235425748536067e-10,173550.0,BID
707,1712458860.7741356,3418.580413,173300.0,0.0,173550.0,BID
708,1712458890.774576,3418.580413,173300.0,0.0,173550.0,BID
709,1712458920.504939,3418.580413,173300.0,0.0,173550.0,BID
710,1712458950.566591,3418.580413,173300.0,0.0,173550.0,BID
711,1712458980.7974648,3418.580413,173300.0,0.0,173550.0,BID
712,1712459010.7878067,3418.580413,173300.0,0.0,173550.0,BID
713,1712459040.559851,3418.580413,173300.0,0.0,173550.0,BID
714,1712459070.5258837,3418.580413,173300.0,0.0,173550.0,BID
715,1712459100.7893322,3418.580413,173300.0,0.0,173550.0,BID
716,1712459130.77473,3418.580413,173300.0,0.0,173550.0,BID
717,1712459154.7240376,3418.86893002,173200.0,8.507880871427681e-11,173550.0,BID
718,1712459160.425081,3419.12874757,173200.0,7.661581849521125e-11,173550.0,BID
719,1712459160.517449,3419.12874757,173200.0,0.0,173550.0,BID
720,1712459169.0039723,3419.2638068,173200.0,3.982557632471591e-11,173550.0,BID
721,1712459187.113962,3419.32154352,173200.0,1.702510927311674e-11,173550.0,BID
722,1712459190.4759474,3419.32154352,173200.0,0.0,173550.0,BID
723,1712459193.095652,3419.42154352,173200.0,2.948719919731023e-11,173550.0,BID
724,1712459193.5742254,3419.47928024,173200.0,1.702494163650337e-11,173550.0,BID
725,1712459198.681509,3419.53701696,173200.0,1.7024941636369276e-11,173550.0,BID
726,1712459204.0138848,3419.59475368,173200.0,1.7024941636369276e-11,173550.0,BID
727,1712459209.864029,3419.6524904,173200.0,1.7024941636369276e-11,173550.0,BID
728,1712459220.5555272,3419.6524904,173200.0,0.0,173550.0,BID
729,1712459239.2839038,3419.65249081,173200.0,1.208955357080787e-16,173550.0,BID
730,1712459239.2936606,3421.33421681,173200.0,4.958855140854136e-10,173550.0,BID
731,1712459250.492895,3421.33421681,173200.0,0.0,173550.0,BID
732,1712459280.7673123,3421.33421681,173200.0,0.0,173550.0,BID
733,1712459310.7547796,3421.33421681,173200.0,0.0,173550.0,BID
734,1712459332.3940568,3421.4560552,172900.0,-3.5923036196685247e-11,173550.0,ASK
735,1712459340.4962575,3421.4560552,172900.0,-0.0,173550.0,ASK
736,1712459370.5695715,3421.4560552,172900.0,-0.0,173550.0,ASK
737,1712459386.4117708,3430.4560552,172900.0,-2.6535586828650827e-09,173550.0,ASK
738,1712459386.4163268,3445.2919308,172900.0,-4.374207390698538e-09,173550.0,ASK
739,1712459386.4199326,3465.43068625,172850.0,-5.937707709604812e-09,173550.0,ASK
740,1712459397.613962,3465.48084638,173200.0,1.478920538841453e-11,173550.0,BID
741,1712459400.557804,3465.48084638,173200.0,0.0,173550.0,BID
742,1712459430.524615,3465.48084638,173200.0,0.0,173550.0,BID
743,1712459460.767503,3465.48084638,173200.0,0.0,173550.0,BID
744,1712459490.7742207,3465.48084638,173200.0,0.0,173550.0,BID
745,1712459491.104096,3474.48084638,173000.0,-2.649176110253104e-09,173550.0,ASK
746,1712459491.1108675,3479.94425396,172850.0,-1.6081698712790707e-09,173550.0,ASK
747,1712459520.4961288,3479.94425396,172850.0,-0.0,173550.0,ASK
748,1712459550.5176177,3479.94425396,172850.0,-0.0,173550.0,ASK
749,1712459580.7809532,3479.94425396,172850.0,-0.0,173550.0,ASK
750,1712459596.87422,3480.94425396,172850.0,-2.941363345478621e-10,173550.0,ASK
751,1712459610.783981,3480.94425396,172850.0,-0.0,173550.0,ASK
752,1712459640.5374162,3480.94425396,172850.0,-0.0,173550.0,ASK
753,1712459670.4531434,3481.04425396,172850.0,-2.94121380985572e-11,173550.0,ASK
754,1712459670.4586985,3482.70478126,172850.0,-4.88396582640691e-10,173550.0,ASK
755,1712459670.513931,3482.70478126,172850.0,-0.0,173550.0,ASK
756,1712459670.6343322,3490.94425326,172850.0,2.4231880000634315e-09,173550.0,BID
757,1712459670.679844,3490.94425396,172850.0,2.0586650367022883e-16,173550.0,BID
758,1712459700.575473,3490.94425396,172850.0,0.0,173550.0,BID
759,1712459719.3042247,3491.65082383,172850.0,2.0782353012434243e-10,173550.0,BID
760,1712459722.517104,3492.3573937,172950.0,-2.0782353012447607e-10,173550.0,ASK
761,1712459730.5438988,3492.3573937,172950.0,-0.0,173550.0,ASK
762,1712459751.3939128,3493.3573937,173150.0,2.9410905376047467e-10,173550.0,BID
763,1712459754.0043955,3499.38001193,173200.0,1.771306548785828e-09,173550.0,BID
764,1712459754.01471,3503.8687897,173200.0,1.3201901824757743e-09,173550.0,BID
765,1712459754.116202,3507.4047587,173200.0,1.0399604967163787e-09,173550.0,BID
766,1712459760.778178,3507.4047587,173200.0,0.0,173550.0,BID
767,1712459770.054007,3507.46294898,172900.0,-1.710118024748946e-11,173550.0,ASK
768,1712459790.7639554,3507.46294898,172900.0,-0.0,173550.0,ASK
769,1712459820.52523,3507.46294898,172900.0,-0.0,173550.0,ASK
770,1712459850.507696,3507.46294898,172900.0,-0.0,173550.0,ASK
771,1712459877.3940032,3511.48251598,173000.0,1.1812821065035402e-09,173550.0,BID
772,1712459877.403819,3513.1116742,173000.0,4.78781782701818e-10,173550.0,BID
773,1712459880.8133662,3513.1116742,173000.0,0.0,173550.0,BID
774,1712459910.7739146,3513.1116742,173000.0,0.0,173550.0,BID
775,1712459916.0741065,3513.68970889,173000.0,-1.6982575291271026e-10,173550.0,ASK
776,1712459940.5196216,3513.68970889,173000.0,-0.0,173550.0,ASK
777,1712459970.4970913,3513.68970889,173000.0,-0.0,173550.0,ASK
778,1712460000.568085,3513.68970889,173000.0,-0.0,173550.0,ASK
779,1712460030.5378852,3513.68970889,173000.0,-0.0,173550.0,ASK
780,1712460060.7775164,3513.68970889,173000.0,-0.0,173550.0,ASK
781,1712460090.803809,3513.68970889,173000.0,-0.0,173550.0,ASK
782,1712460120.5103962,3513.68970889,173000.0,-0.0,173550.0,ASK
783,1712460150.5361314,3513.68970889,173000.0,-0.0,173550.0,ASK
784,1712460180.766854,3513.68970889,173000.0,-0.0,173550.0,ASK
785,1712460199.3140209,3521.22714049,172850.0,-2.2218622218096743e-09,173550.0,ASK
786,1712460199.3265471,3527.00915841,172950.0,-1.7044064694763607e-09,173550.0,ASK
787,1712460199.3299098,3527.58719309,173000.0,-1.7039138615696624e-10,173550.0,ASK
788,1712460199.332913,3597.42408609,172950.0,-2.0586316729596552e-08,173550.0,ASK
789,1712460199.3362377,3632.22408609,172900.0,-1.0258243049128232e-08,173550.0,ASK
790,1712460210.1251488,3659.42719129,172900.0,-8.018852437718393e-09,173550.0,ASK
791,1712460210.1305556,3674.49672821,172900.0,-4.442154378252097e-09,173550.0,ASK
792,1712460210.778653,3674.49672821,172900.0,-0.0,173550.0,ASK
793,1712460230.1395814,3674.59672821,172750.0,-2.923804955236403e-11,173550.0,ASK
794,1712460230.1500018,3674.69672821,172800.0,-2.923804955236403e-11,173550.0,ASK
795,1712460230.153713,3674.81223499,172800.0,-3.377192957278031e-11,173550.0,ASK
796,1712460230.1568675,3688.8978472,172750.0,-4.118358277717357e-09,173550.0,ASK
797,1712460240.514215,3688.8978472,172750.0,-0.0,173550.0,ASK
798,1712460270.5469708,3688.8978472,172750.0,-0.0,173550.0,ASK
799,1712460300.814257,3688.8978472,172750.0,-0.0,173550.0,ASK
800,1712460310.274115,3690.0555896,172800.0,-3.3907614150523116e-10,173550.0,ASK
801,1712460330.7882586,3690.0555896,172800.0,-0.0,173550.0,ASK
802,1712460350.144364,3690.1555896,172800.0,-2.9285985846113166e-11,173550.0,ASK
1003,1712460350.1517043,3705.62997739,172750.0,-4.531827017956198e-09,173550.0,ASK
803,1712460350.1517043,3705.62997739,172750.0,-4.5318270179561984e-09,173550.0,ASK
804,1712460350.158733,3707.61224357,172700.0,-5.80526192907586e-10,173550.0,ASK
805,1712460350.1625435,3707.94305718,172750.0,-9.688202700168954e-11,173550.0,ASK
806,1712460350.1657302,3708.04305718,172700.0,-2.9285985846113166e-11,173550.0,ASK
807,1712460360.7442794,3708.04305718,172700.0,-0.0,173550.0,ASK
808,1712460390.788939,3708.04305718,172700.0,-0.0,173550.0,ASK
809,1712460401.7029338,3714.06417217,172800.0,-1.761739727608095e-09,173550.0,ASK
810,1712460405.9641073,3725.5147288,172800.0,-3.350359618077444e-09,173550.0,ASK
811,1712460420.5281334,3725.5147288,172800.0,-0.0,173550.0,ASK
812,1712460427.1338098,3725.70536695,172800.0,-5.573027264003378e-11,173550.0,ASK
813,1712460448.1238215,3738.44065259,172750.0,-3.7229743409957455e-09,173550.0,ASK
814,1712460448.1271791,3740.46533134,172750.0,-5.918851958321313e-10,173550.0,ASK
815,1712460450.4966347,3740.46533134,172750.0,-0.0,173550.0,ASK
816,1712460475.963849,3741.46533134,172700.0,-2.9211480909659724e-10,173550.0,ASK
817,1712460480.7479572,3741.46533134,172700.0,-0.0,173550.0,ASK
818,1712460510.7582986,3741.46533134,172700.0,-0.0,173550.0,ASK
819,1712460519.114975,3744.27345312,172700.0,-8.202525773960292e-10,173550.0,ASK
820,1712460519.128505,3744.3889599,172700.0,-3.3739538889137464e-11,173550.0,ASK
821,1712460519.573929,3746.72674277,172700.0,6.82866547372377e-10,173550.0,BID
822,1712460540.4920676,3746.72674277,172700.0,0.0,173550.0,BID
823,1712460570.5238853,3746.72674277,172700.0,0.0,173550.0,BID
824,1712460600.598433,3746.72674277,172700.0,0.0,173550.0,BID
825,1712460611.47402,3746.92674277,172650.0,-5.841985409495976e-11,173550.0,ASK
826,1712460611.481458,3747.02674333,172650.0,-2.9210090623001866e-11,173550.0,ASK
827,1712460611.5937386,3748.05753787,172650.0,3.010943331429916e-10,173550.0,BID
828,1712460611.633726,3748.34186248,172650.0,8.305101115895123e-11,173550.0,BID
829,1712460630.5082033,3748.34186248,172650.0,0.0,173550.0,BID
830,1712460660.7363892,3748.34186248,172650.0,0.0,173550.0,BID
831,1712460690.7839143,3748.34186248,172650.0,0.0,173550.0,BID
832,1712460720.5006025,3748.34186248,172650.0,0.0,173550.0,BID
833,1712460750.5442472,3748.34186248,172650.0,0.0,173550.0,BID
834,1712460780.7641757,3748.34186248,172650.0,0.0,173550.0,BID
835,1712460784.086283,3748.54186248,172500.0,-5.841509606820881e-11,173550.0,ASK
836,1712460784.0928795,3748.90869827,172650.0,-1.0714373957066172e-10,173550.0,ASK
837,1712460784.098544,3749.00869827,172600.0,-2.9207548034104406e-11,173550.0,ASK
838,1712460784.1036122,3749.12420505,172500.0,-3.373669825118746e-11,173550.0,ASK
839,1712460784.1066723,3749.22420505,172500.0,-2.9207548034104406e-11,173550.0,ASK
840,1712460784.1097617,3749.32420505,172450.0,-2.9207548034104406e-11,173550.0,ASK
841,1712460784.1128683,3749.44236317,172650.0,-3.451108965531857e-11,173550.0,ASK
842,1712460784.1159935,3750.6657076,172600.0,-3.573089120151149e-10,173550.0,ASK
843,1712460784.1192558,3753.54008998,172450.0,-8.39536614323109e-10,173550.0,ASK
844,1712460784.1223636,3753.64008998,172550.0,-2.9207548034104406e-11,173550.0,ASK
845,1712460784.1255147,3753.75559676,172500.0,-3.373669825118746e-11,173550.0,ASK
846,1712460810.7937024,3753.75559676,172500.0,-0.0,173550.0,ASK
847,1712460812.8045514,3756.01515643,172600.0,6.597820018232586e-10,173550.0,BID
848,1712460840.5248203,3756.01515643,172600.0,0.0,173550.0,BID
849,1712460870.5399346,3756.01515643,172600.0,0.0,173550.0,BID
850,1712460900.784134,3756.01515643,172600.0,0.0,173550.0,BID
851,1712460930.781119,3756.01515643,172600.0,0.0,173550.0,BID
852,1712460960.5151734,3756.01515643,172600.0,0.0,173550.0,BID
853,1712460990.545529,3756.01515643,172600.0,0.0,173550.0,BID
854,1712461013.9937727,3790.23348103,172600.0,-9.997833232261082e-09,173550.0,ASK
855,1712461020.7746756,3790.23348103,172600.0,-0.0,173550.0,ASK
856,1712461050.7852116,3790.23348103,172600.0,-0.0,173550.0,ASK
857,1712461080.5472577,3790.23348103,172600.0,-0.0,173550.0,ASK
858,1712461110.5571532,3790.23348103,172600.0,-0.0,173550.0,ASK
859,1712461117.833873,3791.48845155,172600.0,-3.660428150482267e-10,173550.0,ASK
860,1712461140.7741225,3791.48845155,172600.0,-0.0,173550.0,ASK
861,1712461170.7936995,3791.48845155,172600.0,-0.0,173550.0,ASK
862,1712461200.5485978,3791.48845155,172600.0,-0.0,173550.0,ASK
863,1712461230.5234797,3791.48845155,172600.0,-0.0,173550.0,ASK
864,1712461260.9324262,3791.48845155,172600.0,-0.0,173550.0,ASK
865,1712461290.775698,3791.48845155,172600.0,-0.0,173550.0,ASK
866,1712461320.5659192,3791.48845155,172600.0,-0.0,173550.0,ASK
867,1712461350.494466,3791.48845155,172600.0,-0.0,173550.0,ASK
868,1712461380.77504,3791.48845155,172600.0,-0.0,173550.0,ASK
869,1712461396.5238535,3793.07863177,172650.0,-4.639193611561975e-10,173550.0,ASK
1069,1712461396.5238535,3793.07863177,172650.0,-4.6391936115619747e-10,173550.0,ASK
870,1712461410.783617,3793.07863177,172650.0,-0.0,173550.0,ASK
871,1712461440.4902112,3793.07863177,172650.0,-0.0,173550.0,ASK
872,1712461470.546821,3793.07863177,172650.0,-0.0,173550.0,ASK
873,1712461475.5240765,3806.91947488,172700.0,-4.037605773694232e-09,173550.0,ASK
874,1712461489.4937985,3809.86845748,172700.0,-8.60267620812828e-10,173550.0,ASK
875,1712461500.5633051,3809.86845748,172700.0,-0.0,173550.0,ASK
876,1712461530.5097342,3809.86845748,172700.0,-0.0,173550.0,ASK
877,1712461536.7941666,3811.49047965,172950.0,4.72775884890139e-10,173550.0,BID
878,1712461558.544064,3813.49047965,172900.0,5.829462674855159e-10,173550.0,BID
879,1712461560.7744071,3813.49047965,172900.0,0.0,173550.0,BID
880,1712461565.064006,3814.49047965,172850.0,2.9141993270299237e-10,173550.0,BID
881,1712461569.7907715,3815.49047965,172850.0,2.9141993270299237e-10,173550.0,BID
882,1712461590.7746382,3815.49047965,172850.0,0.0,173550.0,BID
883,1712461620.4881492,3815.49047965,172850.0,0.0,173550.0,BID
884,1712461634.2042294,3817.49047965,172850.0,5.827811537767618e-10,173550.0,BID
885,1712461650.523496,3817.49047965,172850.0,0.0,173550.0,BID
886,1712461668.0442004,3819.49436175,172800.0,-5.83853547394066e-10,173550.0,ASK
887,1712461680.7840238,3819.49436175,172800.0,-0.0,173550.0,ASK
888,1712461693.4441583,3825.28474971,173000.0,1.6869243471419795e-09,173550.0,BID
889,1712461705.977801,3826.43881681,173300.0,3.3621648543650984e-10,173550.0,BID
890,1712461705.983982,3826.4388178,173200.0,2.8841851315767593e-16,173550.0,BID
891,1712461710.770883,3826.4388178,173200.0,0.0,173550.0,BID
892,1712461740.5284357,3826.4388178,173200.0,0.0,173550.0,BID
893,1712461770.5341847,3826.4388178,173200.0,0.0,173550.0,BID
894,1712461800.6142073,3826.4388178,173200.0,0.0,173550.0,BID
895,1712461830.5744116,3826.4388178,173200.0,0.0,173550.0,BID
896,1712461860.7745068,3826.4388178,173200.0,0.0,173550.0,BID
897,1712461878.2138653,3826.47621486,173200.0,1.0893161598796003e-11,173550.0,BID
898,1712461878.2197237,3826.52296119,173200.0,1.3616453454998462e-11,173550.0,BID
899,1712461881.2341938,3827.46831841,173300.0,2.75367340803872e-10,173550.0,BID
900,1712461881.2440305,3829.27666863,173300.0,5.267433101357678e-10,173550.0,BID
901,1712461883.984041,3830.32706555,173400.0,3.059637145934651e-10,173550.0,BID
902,1712461884.2743046,3830.38969925,173450.0,1.8244188597484777e-11,173550.0,BID
903,1712461884.2938418,3831.38969925,173500.0,2.912839030349505e-10,173550.0,BID
904,1712461887.2241838,3831.46660146,173500.0,2.240037588090036e-11,173550.0,BID
905,1712461887.2305784,3832.21878557,173500.0,2.1909912336158e-10,173550.0,BID
1105,1712461887.2305784,3832.21878557,173500.0,2.1909912336158002e-10,173550.0,BID
906,1712461888.0262632,3832.54911072,173500.0,9.621839896264488e-11,173550.0,BID
907,1712461888.3860528,3833.14188336,173500.0,1.726651281915378e-10,173550.0,BID
908,1712461888.389848,3834.30899105,173500.0,3.399596832052291e-10,173550.0,BID
909,1712461888.3934584,3835.56899389,173500.0,3.670185450703799e-10,173550.0,BID
1109,1712461888.3934584,3835.56899389,173500.0,3.6701854507037986e-10,173550.0,BID
910,1712461890.7420716,3836.90920821,173550.0,3.9038285803295724e-10,173550.0,BID
911,1712461890.776896,3836.90920821,173550.0,0.0,173550.0,BID
912,1712461920.5166962,3836.90920821,173550.0,0.0,173550.0,BID
913,1712461950.5489388,3836.90920821,173550.0,0.0,173550.0,BID
914,1712461953.154005,3837.90920821,173300.0,-2.9112990396707537e-10,173550.0,ASK
915,1712461980.5485702,3837.90920821,173300.0,-0.0,173550.0,ASK
916,1712462010.5445943,3837.90920821,173300.0,-0.0,173550.0,ASK
917,1712462023.0743043,3838.19764202,173350.0,-8.396747101103679e-11,173550.0,ASK
918,1712462040.795319,3838.19764202,173350.0,-0.0,173550.0,ASK
919,1712462070.792316,3838.19764202,173350.0,-0.0,173550.0,ASK
920,1712462092.9340477,3841.25318284,173350.0,-8.89501479618645e-10,173550.0,ASK
921,1712462100.469716,3841.25318284,173350.0,-0.0,173550.0,ASK
922,1712462128.3541942,3841.45318284,173450.0,-5.824802765508404e-11,173550.0,ASK
923,1712462130.5055156,3841.45318284,173450.0,-0.0,173550.0,ASK
924,1712462160.765923,3841.45318284,173450.0,-0.0,173550.0,ASK
925,1712462184.324067,3850.81318284,173450.0,-2.7259801533547606e-09,173550.0,ASK
926,1712462190.775741,3850.81318284,173450.0,-0.0,173550.0,ASK
927,1712462220.5240514,3850.81318284,173450.0,-0.0,173550.0,ASK
928,1712462225.367488,3857.99289895,173400.0,-2.090012184838225e-09,173550.0,ASK
929,1712462250.5164218,3857.99289895,173400.0,-0.0,173550.0,ASK
930,1712462280.7740178,3857.99289895,173400.0,-0.0,173550.0,ASK
931,1712462287.2053044,3859.33318284,173400.0,-3.9001470322930017e-10,173550.0,ASK
932,1712462287.2167308,3859.4656021,173400.0,-3.853322327909248e-11,173550.0,ASK
933,1712462310.7581315,3859.4656021,173400.0,-0.0,173550.0,ASK
934,1712462340.5142975,3859.4656021,173400.0,-0.0,173550.0,ASK
935,1712462370.4864664,3859.4656021,173400.0,-0.0,173550.0,ASK
936,1712462378.2341816,3860.38072173,173350.0,-2.662746254593519e-10,173550.0,ASK
937,1712462378.2433057,3865.2367471,173350.0,-1.412969730108281e-09,173550.0,ASK
938,1712462390.9845986,3865.23674717,173350.0,-2.0368122624861e-17,173550.0,ASK
939,1712462400.6760542,3865.23674717,173350.0,-0.0,173550.0,ASK
940,1712462430.5584474,3865.23674717,173350.0,-0.0,173550.0,ASK
941,1712462460.7783144,3865.23674717,173350.0,-0.0,173550.0,ASK
942,1712462463.792625,3865.46749421,173350.0,6.737731100569459e-11,173550.0,BID
943,1712462465.5740843,3866.34887789,173350.0,2.5736088455426627e-10,173550.0,BID
944,1712462465.5799787,3866.73239545,173350.0,1.1198575685407352e-10,173550.0,BID
945,1712462490.7869136,3866.73239545,173350.0,0.0,173550.0,BID
946,1712462513.444791,3874.75825669,173400.0,2.3433453926602117e-09,173550.0,BID
947,1712462513.4485471,3875.04660733,173400.0,8.419098256354583e-11,173550.0,BID
948,1712462520.5373542,3875.04660733,173400.0,0.0,173550.0,BID
949,1712462550.5242505,3875.04660733,173400.0,0.0,173550.0,BID
950,1712462580.7842329,3875.04660733,173400.0,0.0,173550.0,BID
951,1712462610.7757788,3875.04660733,173400.0,0.0,173550.0,BID
952,1712462624.6344266,3883.02406967,173450.0,2.3282341218734004e-09,173550.0,BID
953,1712462624.6400092,3884.65939264,173450.0,4.772714149896048e-10,173550.0,BID
954,1712462625.0762963,3891.11980984,173500.0,1.885482265602009e-09,173550.0,BID
955,1712462640.548224,3891.11980984,173500.0,0.0,173550.0,BID
956,1712462670.4881892,3891.11980984,173500.0,0.0,173550.0,BID
957,1712462671.4040415,3892.66060964,173550.0,4.4931905711057846e-10,173550.0,BID
958,1712462671.4105637,3895.72441177,173550.0,8.93448119752468e-10,173550.0,BID
959,1712462694.0440545,3896.50680869,173600.0,2.2815802960290792e-10,173600.0,BID
960,1712462694.0495691,3897.02042271,173600.0,1.4977712690840988e-10,173600.0,BID
961,1712462697.8342698,3928.25483371,173550.0,-9.108396885775756e-09,173600.0,ASK
962,1712462697.842162,3938.80123793,173550.0,-3.0754809288248163e-09,173600.0,ASK
963,1712462697.854285,3941.69658728,173550.0,-8.443249018774573e-10,173600.0,ASK
964,1712462697.8602438,3945.23255628,173550.0,-1.0311386703530106e-09,173600.0,ASK
965,1712462700.7771654,3945.23255628,173550.0,-0.0,173600.0,ASK
966,1712462730.78696,3945.23255628,173550.0,-0.0,173600.0,ASK
967,1712462760.5039916,3945.23255628,173550.0,-0.0,173600.0,ASK
968,1712462790.5340378,3945.23255628,173550.0,-0.0,173600.0,ASK
969,1712462807.5642896,3946.5293426,173600.0,3.771284471886912e-10,173600.0,BID
970,1712462807.5715003,3949.20316689,173600.0,7.77595496645417e-10,173600.0,BID
971,1712462807.604137,3949.74956478,173700.0,1.5890219122839446e-10,173700.0,BID
972,1712462807.611284,3951.17715307,173700.0,4.1516797850895615e-10,173700.0,BID
973,1712462807.62455,3955.50661716,173700.0,1.2590848964395488e-09,173700.0,BID
974,1712462807.6306562,3956.11580418,173700.0,1.7716238315969443e-10,173700.0,BID
975,1712462807.764227,3956.94749085,173700.0,2.4186922515097046e-10,173700.0,BID
976,1712462820.7541206,3956.94749085,173700.0,0.0,173700.0,BID
977,1712462833.3542967,3957.5287652,173800.0,1.6894492519348874e-10,173800.0,BID
978,1712462833.3623238,3959.12973596,173800.0,4.6531536319309047e-10,173800.0,BID
979,1712462833.3684814,3959.21699719,174000.0,2.5362106507253984e-11,174000.0,BID
980,1712462833.372018,3960.99585359,173900.0,5.17017070214721e-10,174000.0,BID
981,1712462833.3756175,3961.05452182,173850.0,1.7051672293088038e-11,174000.0,BID
982,1712462833.3792317,3961.15529628,173800.0,2.9289669509992965e-11,174000.0,BID
983,1712462833.3828468,3961.31276755,174000.0,4.576835693893488e-11,174000.0,BID
984,1712462833.3865376,3961.93114452,173900.0,1.7972864437942708e-10,174000.0,BID
985,1712462833.3901792,3963.46108134,174000.0,4.4466964971982216e-10,174000.0,BID
986,1712462833.3938184,3964.16909019,173900.0,2.0577977025752926e-10,174000.0,BID
987,1712462833.3974493,3964.42321457,174000.0,7.386017354607351e-11,174000.0,BID
988,1712462841.1744866,3967.3025696,173700.0,-8.36872330851732e-10,174000.0,ASK
989,1712462850.7742429,3967.3025696,173700.0,-0.0,174000.0,ASK
990,1712462855.3151212,3970.18026695,173700.0,-8.359531589749081e-10,174000.0,ASK
991,1712462855.318989,3970.1810958,173700.0,-2.407757633227349e-13,174000.0,ASK
992,1712462880.7642665,3970.1810958,173700.0,-0.0,174000.0,ASK
1193,1712462905.9642022,3973.05796577,173800.0,8.355914431820601e-10,174000.0,BID
993,1712462905.9642022,3973.05796577,173800.0,8.3559144318206e-10,174000.0,BID
994,1712462908.174262,3973.35540776,173750.0,-8.639249749865416e-11,174000.0,ASK
995,1712462910.7906811,3973.35540776,173750.0,-0.0,174000.0,ASK
996,1712462940.5362582,3973.35540776,173750.0,-0.0,174000.0,ASK
997,1712462947.8542318,3974.06974336,173850.0,2.07446666854454e-10,174000.0,BID
998,1712462948.55428,3985.72289917,173750.0,-3.384135315559224e-09,174000.0,ASK
999,1712462970.5414505,3985.72289917,173750.0,-0.0,174000.0,ASK
1000,1712463000.597085,3985.72289917,173750.0,-0.0,174000.0,ASK
1201,1712463028.1742935,3985.77899477,173750.0,1.6373216184172635e-11,174000.0,BID
1202,1712463030.523708,3985.77899477,173750.0,0.0,174000.0,BID
1203,1712463034.164132,3987.50375792,173850.0,5.03423433985558e-10,174000.0,BID
1204,1712463037.1746433,3987.94070174,173850.0,1.2753505217394662e-10,174000.0,BID
1205,1712463037.17762,3987.97978524,173850.0,1.140768214019127e-11,174000.0,BID
1206,1712463048.6201978,3988.70064268,173900.0,2.1040368809978288e-10,174000.0,BID
1207,1712463048.636221,3989.42995844,173900.0,2.1287250041201223e-10,174000.0,BID
1208,1712463060.7742434,3989.42995844,173900.0,0.0,174000.0,BID
1209,1712463090.8071392,3989.42995844,173900.0,0.0,174000.0,BID
1210,1712463113.1716175,3989.46907262,173850.0,1.1414522092907158e-11,174000.0,BID
1211,1712463120.5264642,3989.46907262,173850.0,0.0,174000.0,BID
1212,1712463136.804197,3995.28929309,173850.0,-1.698486413517724e-09,174000.0,ASK
1213,1712463150.5457668,3995.28929309,173850.0,-0.0,174000.0,ASK
1214,1712463180.5942106,3995.28929309,173850.0,-0.0,174000.0,ASK
1215,1712463210.5642176,3995.28929309,173850.0,-0.0,174000.0,ASK
1216,1712463240.764136,3995.28929309,173850.0,-0.0,174000.0,ASK
1217,1712463249.514181,3995.40430171,173900.0,3.3552494447779285e-11,174000.0,BID
1218,1712463262.7543604,3995.46079888,173900.0,1.6482425254226376e-11,174000.0,BID
1219,1712463270.7909777,3995.46079888,173900.0,0.0,174000.0,BID
1220,1712463300.595025,3995.46079888,173900.0,0.0,174000.0,BID
1221,1712463330.53731,3995.46079888,173900.0,0.0,174000.0,BID
1222,1712463349.6743343,3995.49418247,173900.0,9.756640848978771e-12,174000.0,BID
1223,1712463360.7679467,3995.49418247,173900.0,0.0,174000.0,BID
1224,1712463390.7640908,3995.49418247,173900.0,0.0,174000.0,BID
1225,1712463394.313999,3996.71433554,173900.0,3.5659960736653017e-10,174000.0,BID
1226,1712463394.3161595,3998.02185631,173900.0,3.821335246123936e-10,174000.0,BID
1227,1712463394.353903,4000.54733053,173900.0,7.380902752359935e-10,174000.0,BID
1228,1712463396.503965,4036.54733053,173900.0,1.0521291287818413e-08,174000.0,BID
1229,1712463397.524462,4057.26021135,173900.0,6.0535070143635314e-09,174000.0,BID
1230,1712463400.5339253,4058.67212633,173950.0,4.1264357717258805e-10,174000.0,BID
1231,1712463400.5939193,4060.07635732,173950.0,4.103978689214593e-10,174000.0,BID
1232,1712463400.694125,4060.13460055,173950.0,1.7022055232532894e-11,174000.0,BID
1233,1712463400.7039216,4060.90578325,173950.0,2.2538438396734598e-10,174000.0,BID
1234,1712463420.518996,4060.90578325,173950.0,0.0,174000.0,BID
1235,1712463424.934,4061.48109996,173950.0,1.6758382917728906e-10,174000.0,BID
1236,1712463424.947252,4062.82899058,173950.0,3.9262664804527583e-10,174000.0,BID
1237,1712463448.614313,4068.57776858,173950.0,-1.674559792170556e-09,174000.0,ASK
1238,1712463448.6339445,4068.57776896,173950.0,-1.1069010580440411e-16,174000.0,ASK
1239,1712463450.5360858,4068.57776896,173950.0,-0.0,174000.0,ASK
1240,1712463480.769097,4068.57776896,173950.0,-0.0,174000.0,ASK
1241,1712463498.4741752,4074.90142518,173900.0,1.8413001098408702e-09,174000.0,BID
1242,1712463508.4784417,4079.64916267,173650.0,-1.3824296036498615e-09,174000.0,ASK
1243,1712463510.785385,4079.64916267,173650.0,-0.0,174000.0,ASK
1244,1712463526.3243976,4079.70674977,173650.0,-1.675862124454521e-11,174000.0,ASK
1245,1712463526.3339992,4080.81498118,173650.0,-3.225102575310678e-10,174000.0,ASK
1246,1712463526.3362815,4089.81498118,173550.0,-2.6191211434621116e-09,174000.0,ASK
1247,1712463526.413941,4092.4678891,173550.0,7.7203191388111e-10,174000.0,BID
1248,1712463526.4340532,4097.20842518,173550.0,1.37955980871918e-09,174000.0,BID
1249,1712463540.5363843,4097.20842518,173550.0,0.0,174000.0,BID
1250,1712463570.5373068,4097.20842518,173550.0,0.0,174000.0,BID
1251,1712463578.9648356,4097.24540469,173950.0,1.0751999529217e-11,174000.0,BID
1252,1712463600.5362155,4097.24540469,173950.0,0.0,174000.0,BID
1253,1712463630.5062914,4097.24540469,173950.0,0.0,174000.0,BID
1254,1712463660.7540908,4097.24540469,173950.0,0.0,174000.0,BID
1255,1712463688.364926,4097.25614844,174000.0,3.123895044199417e-12,174000.0,BID
1256,1712463688.3730252,4097.73973559,174000.0,1.406097034380848e-10,174000.0,BID
1257,1712463688.3743534,4097.79583119,173950.0,1.6310577483651377e-11,174000.0,BID
1258,1712463688.375698,4097.84540469,174000.0,1.441418601242372e-11,174000.0,BID
1259,1712463690.789096,4097.84540469,174000.0,0.0,174000.0,BID
1260,1712463720.5285945,4097.84540469,174000.0,0.0,174000.0,BID
1261,1712463745.764561,4109.68092181,173350.0,-3.441237091329641e-09,174000.0,ASK
1262,1712463750.5321734,4109.68092181,173350.0,-0.0,174000.0,ASK
1263,1712463780.5639708,4109.68092181,173350.0,-0.0,174000.0,ASK
1264,1712463782.9381294,4110.83465702,173350.0,-3.3525441664109085e-10,174000.0,ASK
1265,1712463782.9405918,4155.42099954,173350.0,-1.2955978219384872e-08,174000.0,ASK
1266,1712463784.604161,4155.48469954,173350.0,1.8510058595017165e-11,174000.0,BID
1267,1712463786.1262743,4156.52322606,173350.0,3.0177687186001816e-10,174000.0,BID
1268,1712463805.144341,4158.52322606,173350.0,5.81163535159824e-10,174000.0,BID
1269,1712463809.1400926,4180.20651715,173350.0,6.3007690518820316e-09,174000.0,BID
1270,1712463810.574333,4180.20651715,173350.0,0.0,174000.0,BID
1271,1712463840.7540898,4180.20651715,173350.0,0.0,174000.0,BID
1272,1712463842.0143335,4191.21595477,173100.0,-3.187816996508286e-09,174000.0,ASK
1273,1712463842.0175033,4192.94905702,173100.0,-5.018251612777991e-10,174000.0,ASK
1274,1712463842.0204606,4201.34905702,173250.0,-2.4322461959387808e-09,174000.0,ASK
1275,1712463842.022814,4209.71774062,173200.0,-2.423178434656338e-09,174000.0,ASK
1276,1712463870.7573931,4209.71774062,173200.0,-0.0,174000.0,ASK
1277,1712463900.5088696,4209.71774062,173200.0,-0.0,174000.0,ASK
1278,1712463930.5167074,4209.71774062,173200.0,-0.0,174000.0,ASK
1279,1712463944.39055,4209.81915231,173550.0,2.9321410840417313e-11,174000.0,BID
1280,1712463960.7598066,4209.81915231,173550.0,0.0,174000.0,BID
1281,1712463961.7940302,4210.13762093,173700.0,9.207914520172618e-11,174000.0,BID
1282,1712463990.789232,4210.13762093,173700.0,0.0,174000.0,BID
1283,1712464020.5445735,4210.13762093,173700.0,0.0,174000.0,BID
1284,1712464050.5345187,4210.13762093,173700.0,0.0,174000.0,BID
1285,1712464080.7541013,4210.13762093,173700.0,0.0,174000.0,BID
1286,1712464110.7682357,4210.13762093,173700.0,0.0,174000.0,BID
1287,1712464130.2343128,4210.71935449,173500.0,1.6819450600453511e-10,174000.0,BID
1288,1712464130.237707,4210.78612655,173500.0,1.9305562578359268e-11,174000.0,BID
1289,1712464130.3341284,4211.75367655,173500.0,-2.7974420847340897e-10,174000.0,ASK
1290,1712464140.4681163,4211.75367655,173500.0,-0.0,174000.0,ASK
1291,1712464170.514174,4211.75367655,173500.0,-0.0,174000.0,ASK
1292,1712464178.3541777,4211.75367745,173500.0,-2.6019277060201623e-16,174000.0,ASK
1293,1712464178.357437,4211.86895055,173500.0,-3.332579005444121e-11,174000.0,ASK
1294,1712464200.629669,4211.86895055,173500.0,-0.0,174000.0,ASK
1295,1712464207.2342002,4211.86895122,173500.0,-1.9370100189617543e-16,174000.0,ASK
1296,1712464230.5380526,4211.86895122,173500.0,-0.0,174000.0,ASK
1297,1712464238.6643908,4211.98416735,173500.0,3.330966189749818e-11,174000.0,BID
1298,1712464260.739092,4211.98416735,173500.0,0.0,174000.0,BID
1299,1712464275.804206,4212.04715948,173050.0,-1.8211290609711232e-11,174000.0,ASK
1300,1712464290.7609782,4212.04715948,173050.0,-0.0,174000.0,ASK
1301,1712464320.5369303,4212.04715948,173050.0,-0.0,174000.0,ASK
1302,1712464350.5442774,4212.04715948,173050.0,-0.0,174000.0,ASK
1303,1712464380.754325,4212.04715948,173050.0,-0.0,174000.0,ASK
1304,1712464389.405058,4212.18960315,173050.0,-4.1180936328487546e-11,174000.0,ASK
1305,1712464410.7543285,4212.18960315,173050.0,-0.0,174000.0,ASK
1306,1712464429.184354,4214.55780539,173050.0,-6.84650224657861e-10,174000.0,ASK
1307,1712464440.5743196,4214.55780539,173050.0,-0.0,174000.0,ASK
1308,1712464459.4743824,4222.04715948,173050.0,-2.1649251214982702e-09,174000.0,ASK
1309,1712464459.4766855,4235.52071948,172850.0,-3.894761573492667e-09,174000.0,ASK
1310,1712464459.478569,4394.43007646,172750.0,-4.593545115278816e-08,174000.0,ASK
1311,1712464470.497849,4394.43007646,172750.0,-0.0,174000.0,ASK
1312,1712464475.7364104,4397.31691248,173200.0,8.27059389761636e-10,174000.0,BID
1313,1712464500.777696,4397.31691248,173200.0,0.0,174000.0,BID
1314,1712464530.807742,4397.31691248,173200.0,0.0,174000.0,BID
1315,1712464560.5397923,4397.31691248,173200.0,0.0,174000.0,BID
1316,1712464582.7342317,4400.55499117,172900.0,-9.279109584164559e-10,174000.0,ASK
1317,1712464590.5241072,4400.55499117,172900.0,-0.0,174000.0,ASK
1318,1712464620.7535846,4400.55499117,172900.0,-0.0,174000.0,ASK
1319,1712464645.5742722,4400.6127279,173200.0,1.6542510452067356e-11,174000.0,BID
1320,1712464645.5777535,4401.77214818,173200.0,3.3219273242808827e-10,174000.0,BID
1321,1712464650.7741125,4401.77214818,173200.0,0.0,174000.0,BID
1322,1712464680.5339932,4401.77214818,173200.0,0.0,174000.0,BID
1323,1712464684.7040873,4402.39644005,173250.0,-1.7885895235620174e-10,174000.0,ASK
1324,1712464707.7240803,4403.15418705,173250.0,2.170937042172236e-10,174000.0,BID
1325,1712464707.7442484,4403.1541875,173250.0,1.2892471819410843e-16,174000.0,BID
1326,1712464710.5379443,4403.1541875,173250.0,0.0,174000.0,BID
1327,1712464721.0443497,4403.21204083,173400.0,1.657378016235722e-11,174000.0,BID
1328,1712464723.174225,4409.67485336,173500.0,1.8514618623284567e-09,174000.0,BID
1329,1712464723.177706,4409.78354091,173500.0,3.1136730765434056e-11,174000.0,BID
1330,1712464723.6141284,4409.84139424,173550.0,1.6573780162617768e-11,174000.0,BID
1331,1712464726.644288,4413.45084452,173550.0,-1.0340327073342575e-09,174000.0,ASK
1332,1712464733.8343947,4414.34219089,173450.0,-2.5535226382002097e-10,174000.0,ASK
1333,1712464740.7387526,4414.34219089,173450.0,-0.0,174000.0,ASK
1334,1712464770.7673073,4414.34219089,173450.0,-0.0,174000.0,ASK
1335,1712464787.3443456,4414.37098191,173700.0,8.243446185646558e-12,174000.0,BID
1336,1712464791.6441593,4414.42883525,173750.0,1.6564570999491068e-11,174000.0,BID
1337,1712464800.5632465,4414.42883525,173750.0,0.0,174000.0,BID
1338,1712464830.5276814,4414.42883525,173750.0,0.0,174000.0,BID
1339,1712464860.744292,4414.42883525,173750.0,0.0,174000.0,BID
1340,1712464890.7793171,4414.42883525,173750.0,0.0,174000.0,BID
1341,1712464920.5077982,4414.42883525,173750.0,0.0,174000.0,BID
1342,1712464947.154251,4414.71619157,174000.0,8.228505382816793e-11,174000.0,BID
1343,1712464950.501442,4414.71619157,174000.0,0.0,174000.0,BID
1344,1712464980.7839496,4414.71619157,174000.0,0.0,174000.0,BID
1345,1712465005.3645344,4420.17532657,173750.0,-1.563211784873485e-09,174000.0,ASK
1346,1712465005.7038865,4420.42820013,174000.0,7.240981017592508e-11,174000.0,BID
1347,1712465010.7841177,4420.42820013,174000.0,0.0,174000.0,BID
1348,1712465012.174331,4420.42820031,173750.0,-5.152795123845312e-17,174000.0,ASK
1349,1712465024.0640404,4421.33958702,173750.0,2.6089951122147955e-10,174000.0,BID
1350,1712465031.734127,4422.17040149,174000.0,2.378343756389598e-10,174000.0,BID
1351,1712465040.5169308,4422.17040149,174000.0,0.0,174000.0,BID
1352,1712465070.5169356,4422.17040149,174000.0,0.0,174000.0,BID
1353,1712465100.4739673,4423.4139162,173700.0,-3.5594577573964205e-10,174000.0,ASK
1354,1712465100.5669937,4423.4139162,173700.0,-0.0,174000.0,ASK
1355,1712465105.784383,4423.44265183,174000.0,8.226104394976526e-12,174000.0,BID
1356,1712465114.2543788,4424.91643507,174000.0,4.2189765068631644e-10,174000.0,BID
1357,1712465114.3138378,4426.43401389,174000.0,-4.3443494369555135e-10,174000.0,ASK
1358,1712465130.5140147,4426.43401389,174000.0,-0.0,174000.0,ASK
1359,1712465141.804076,4429.3075771,174000.0,8.22486770298421e-10,174000.0,BID
1360,1712465160.7687852,4429.3075771,174000.0,0.0,174000.0,BID
1361,1712465173.8646712,4429.34451652,174050.0,1.0571487236600756e-11,174050.0,BID
1362,1712465173.868743,4456.36032071,174000.0,7.731502800618231e-09,174050.0,BID
1363,1712465173.872344,4459.23305843,174050.0,8.221328364468093e-10,174050.0,BID
1364,1712465173.8754375,4500.45239634,174050.0,1.179633314816342e-08,174050.0,BID
1365,1712465190.7743263,4500.45239634,174050.0,0.0,174050.0,BID
1366,1712465195.2342255,4500.50990066,173900.0,-1.639873492170383e-11,174050.0,ASK
1367,1712465197.804277,4504.53751862,173800.0,-1.1485717819330766e-09,174050.0,ASK
1368,1712465220.509282,4504.53751862,173800.0,-0.0,174050.0,ASK
1369,1712465239.944086,4504.82553705,173600.0,-8.211873072049958e-11,174050.0,ASK
1370,1712465250.5477717,4504.82553705,173600.0,-0.0,174050.0,ASK
1371,1712465280.7641623,4504.82553705,173600.0,-0.0,174050.0,ASK
1372,1712465297.0541284,4505.70650633,173600.0,-2.5117506462488144e-10,174050.0,ASK
1373,1712465310.7641833,4505.70650633,173600.0,-0.0,174050.0,ASK
1374,1712465340.5472229,4505.70650633,173600.0,-0.0,174050.0,ASK
1375,1712465365.8115647,4505.78765208,173750.0,-2.313463224482256e-11,174050.0,ASK
1376,1712465370.5482807,4505.78765208,173750.0,-0.0,174050.0,ASK
1377,1712465400.6102922,4505.78765208,173750.0,-0.0,174050.0,ASK
1378,1712465425.094063,4506.03108934,173750.0,-6.95915541126009e-11,174050.0,ASK
1379,1712465430.567633,4506.03108934,173750.0,-0.0,174050.0,ASK
1380,1712465460.7643116,4506.03108934,173750.0,-0.0,174050.0,ASK
1381,1712465490.7882054,4506.03108934,173750.0,-0.0,174050.0,ASK
1382,1712465520.8142884,4506.03108934,173750.0,-0.0,174050.0,ASK
1383,1712465550.5279503,4506.03108934,173750.0,-0.0,174050.0,ASK
1384,1712465580.7806928,4506.03108934,173750.0,-0.0,174050.0,ASK
1385,1712465610.7698078,4506.03108934,173750.0,-0.0,174050.0,ASK
1386,1712465618.514305,4507.53108934,173950.0,-4.288007061093496e-10,174050.0,ASK
1387,1712465620.8944466,4507.73693009,174100.0,5.884310596401758e-11,174100.0,BID
1388,1712465620.898381,4507.87571886,174100.0,3.967514838410257e-11,174100.0,BID
1389,1712465640.5176506,4507.87571886,174100.0,0.0,174100.0,BID
1390,1712465650.0152514,4508.4501014,174100.0,1.641820301126081e-10,174100.0,BID
1391,1712465662.8444507,4508.73878531,174100.0,8.251767263800851e-11,174100.0,BID
1392,1712465670.5089123,4508.73878531,174100.0,0.0,174100.0,BID
1393,1712465684.394299,4508.79622357,174100.0,1.6417499587788262e-11,174100.0,BID
1394,1712465684.397536,4513.70514761,174100.0,1.4031110692326681e-09,174100.0,BID
1395,1712465687.9944077,4522.7011925,173950.0,-2.5713272524936997e-09,174100.0,ASK
1396,1712465700.775674,4522.7011925,173950.0,-0.0,174100.0,ASK
1397,1712465704.7627437,4534.36448516,173800.0,-3.3319047519728604e-09,174100.0,ASK
1398,1712465730.7643683,4534.36448516,173800.0,-0.0,174100.0,ASK
1399,1712465739.5244572,4534.59450514,173800.0,-6.567280185079508e-11,174100.0,ASK
1400,1712465757.274727,4546.34381195,173800.0,-3.354534236620148e-09,174100.0,ASK
1401,1712465760.5083845,4546.34381195,173800.0,-0.0,174100.0,ASK
1402,1712465790.4701602,4546.34381195,173800.0,-0.0,174100.0,ASK
1403,1712465811.0142365,4551.85742708,173750.0,-1.573252207046664e-09,174100.0,ASK
1404,1712465820.784656,4551.85742708,173750.0,-0.0,174100.0,ASK
1405,1712465840.17448,4551.91499761,173700.0,-1.642265730588361e-11,174100.0,ASK
1406,1712465850.7944624,4551.91499761,173700.0,-0.0,174100.0,ASK
1407,1712465880.5196495,4551.91499761,173700.0,-0.0,174100.0,ASK
1408,1712465910.4871335,4551.91499761,173700.0,-0.0,174100.0,ASK
1409,1712465940.7645464,4551.91499761,173700.0,-0.0,174100.0,ASK
1410,1712465970.7803829,4551.91499761,173700.0,-0.0,174100.0,ASK
1411,1712465976.444543,4552.06297038,173650.0,4.221081793374143e-11,174100.0,BID
1412,1712466000.6931648,4552.06297038,173650.0,0.0,174100.0,BID
1413,1712466018.0943856,4552.11297038,173750.0,1.4263337998023162e-11,174100.0,BID
1414,1712466023.254736,4556.98821198,173650.0,-1.3907443752515943e-09,174100.0,ASK
1415,1712466023.274335,4560.97704602,173650.0,-1.137881762606479e-09,174100.0,ASK
1416,1712466023.37432,4565.67916114,173650.0,-1.3413571452387959e-09,174100.0,ASK
1417,1712466030.4691565,4565.67916114,173650.0,-0.0,174100.0,ASK
1418,1712466037.7747371,4569.72577614,173650.0,-1.1535866546714766e-09,174100.0,ASK
1419,1712466040.9932408,4574.00422846,173650.0,-1.219677557415745e-09,174100.0,ASK
1420,1712466041.0041783,4578.89388825,173650.0,-1.3939172072529583e-09,174100.0,ASK
1421,1712466041.2045393,4583.5925457,173650.0,-1.339467315075529e-09,174100.0,ASK
1422,1712466041.2244778,4588.74005864,173650.0,-1.467424559127402e-09,174100.0,ASK
1423,1712466041.2865837,4591.47018185,173650.0,-7.782884461865681e-10,174100.0,ASK
1424,1712466041.4455757,4597.4421068,173650.0,-1.702443381695872e-09,174100.0,ASK
1425,1712466041.4497464,4608.8430544,173650.0,-3.2501191741668592e-09,174100.0,ASK
1426,1712466060.73456,4608.8430544,173650.0,-0.0,174100.0,ASK
1427,1712466061.04444,4609.13101183,173550.0,-8.191428339658231e-11,174100.0,ASK
1428,1712466061.0485451,4609.5099764,173550.0,-1.0780277898813907e-10,174100.0,ASK
1429,1712466090.764336,4609.5099764,173550.0,-0.0,174100.0,ASK
1430,1712466101.904455,4610.2677234,173550.0,-2.1554664826338868e-10,174100.0,ASK
1431,1712466101.9643424,4610.86210825,173550.0,-1.6907709591191075e-10,174100.0,ASK
1432,1712466120.5319583,4610.86210825,173550.0,-0.0,174100.0,ASK
1433,1712466150.5043638,4610.86210825,173550.0,-0.0,174100.0,ASK
1434,1712466180.76439,4610.86210825,173550.0,-0.0,174100.0,ASK
1435,1712466210.777783,4610.86210825,173550.0,-0.0,174100.0,ASK
1436,1712466223.4545212,4611.36210825,173750.0,1.4221914515801488e-10,174100.0,BID
1437,1712466223.4574084,4622.4039172,173750.0,3.14071325973421e-09,174100.0,BID
1438,1712466240.537801,4622.4039172,173750.0,0.0,174100.0,BID
1439,1712466270.524686,4622.4039172,173750.0,0.0,174100.0,BID
1440,1712466300.7839975,4622.4039172,173750.0,0.0,174100.0,BID
1441,1712466330.791839,4622.4039172,173750.0,0.0,174100.0,BID
1442,1712466360.534502,4622.4039172,173750.0,0.0,174100.0,BID
1443,1712466377.40446,4623.36210825,173750.0,2.7314067091019246e-10,174100.0,BID
1444,1712466377.524439,4627.00593273,173750.0,-1.038703777441749e-09,174100.0,ASK
1445,1712466390.5244982,4627.00593273,173750.0,-0.0,174100.0,ASK
1446,1712466420.734358,4627.00593273,173750.0,-0.0,174100.0,ASK
1447,1712466450.7644198,4627.00593273,173750.0,-0.0,174100.0,ASK
1448,1712466480.5493336,4627.00593273,173750.0,-0.0,174100.0,ASK
1449,1712466510.5044923,4627.00593273,173750.0,-0.0,174100.0,ASK
1450,1712466540.7923796,4627.00593273,173750.0,-0.0,174100.0,ASK
1451,1712466570.7708416,4627.00593273,173750.0,-0.0,174100.0,ASK
1452,1712466592.1145158,4636.64621769,173750.0,2.747420627559712e-09,174100.0,BID
1453,1712466593.07461,4636.88506695,173800.0,6.807053801027732e-11,174100.0,BID
1454,1712466600.519438,4636.88506695,173800.0,0.0,174100.0,BID
1455,1712466630.5399537,4636.88506695,173800.0,0.0,174100.0,BID
1456,1712466660.7687206,4636.88506695,173800.0,0.0,174100.0,BID
1457,1712466690.7579038,4636.88506695,173800.0,0.0,174100.0,BID
1458,1712466713.484704,4642.99326449,173800.0,1.7450092340324571e-09,174100.0,BID
1459,1712466714.664561,4646.44550844,173800.0,9.862479940165648e-10,174100.0,BID
1460,1712466716.4345326,4647.44536686,173800.0,2.856427226198473e-10,174100.0,BID
1461,1712466720.529887,4647.44536686,173800.0,0.0,174100.0,BID
1462,1712466738.5746963,4653.88506695,173800.0,1.8387498083140687e-09,174100.0,BID
1463,1712466750.5144756,4653.88506695,173800.0,0.0,174100.0,BID
1464,1712466770.3446348,4653.97430089,173500.0,-2.547113515626893e-11,174100.0,ASK
1465,1712466780.7717314,4653.97430089,173500.0,-0.0,174100.0,ASK
1466,1712466810.7880156,4653.97430089,173500.0,-0.0,174100.0,ASK
1467,1712466840.52802,4653.97430089,173500.0,-0.0,174100.0,ASK
1468,1712466870.5353174,4653.97430089,173500.0,-0.0,174100.0,ASK
1469,1712466900.509869,4653.97430089,173500.0,-0.0,174100.0,ASK
1470,1712466930.4848602,4653.97430089,173500.0,-0.0,174100.0,ASK
1471,1712466960.544582,4653.97430089,173500.0,-0.0,174100.0,ASK
1472,1712466990.5294793,4653.97430089,173500.0,-0.0,174100.0,ASK
1473,1712467004.1129467,4654.12412555,173500.0,-4.2818779241852715e-11,174100.0,ASK
1474,1712467004.12069,4654.89930089,173500.0,-2.2153937647712863e-10,174100.0,ASK
1475,1712467020.7347338,4654.89930089,173500.0,-0.0,174100.0,ASK
1476,1712467025.2047808,4672.13618921,173500.0,-4.92594920800823e-09,174100.0,ASK
1477,1712467025.209935,4672.26495789,173500.0,-3.6799448107151105e-11,174100.0,ASK
1478,1712467032.1145673,4672.26495878,173500.0,-2.5434365828827354e-16,174100.0,ASK
1479,1712467032.1183364,4678.03196989,173400.0,-1.6480935121520203e-09,174100.0,ASK
1480,1712467050.7745793,4678.03196989,173400.0,-0.0,174100.0,ASK
1481,1712467080.53817,4678.03196989,173400.0,-0.0,174100.0,ASK
1482,1712467110.5391407,4678.03196989,173400.0,-0.0,174100.0,ASK
1483,1712467140.784629,4678.03196989,173400.0,-0.0,174100.0,ASK
1484,1712467170.786081,4678.03196989,173400.0,-0.0,174100.0,ASK
1485,1712467200.5584116,4678.03196989,173400.0,-0.0,174100.0,ASK
1486,1712467230.5207071,4678.03196989,173400.0,-0.0,174100.0,ASK
1487,1712467245.2745886,4678.14961694,173400.0,-3.3620894839599406e-11,174100.0,ASK
1488,1712467245.279173,4678.14961851,173400.0,-4.486710687639102e-16,174100.0,ASK
1489,1712467245.3344276,4694.97765898,173400.0,4.809077482187366e-09,174100.0,BID
1490,1712467246.6546905,4695.94002498,173800.0,2.75022672335036e-10,174100.0,BID
1491,1712467260.7809336,4695.94002498,173800.0,0.0,174100.0,BID
1492,1712467290.7644184,4695.94002498,173800.0,0.0,174100.0,BID
1493,1712467320.5350947,4695.94002498,173800.0,0.0,174100.0,BID
1494,1712467322.9144225,4696.83957036,173250.0,-2.5684199143551187e-10,174100.0,ASK
1495,1712467350.5193918,4696.83957036,173250.0,-0.0,174100.0,ASK
1496,1712467356.0543709,4696.98922196,173250.0,-4.2727254832843545e-11,174100.0,ASK
1497,1712467356.0581334,4697.24407773,173250.0,-7.276425664969052e-11,174100.0,ASK
1498,1712467380.7887104,4697.24407773,173250.0,-0.0,174100.0,ASK
1499,1712467410.7686298,4697.24407773,173250.0,-0.0,174100.0,ASK
1500,1712467423.2746954,4698.24882728,173250.0,-2.8686182504724203e-10,174100.0,ASK
1501,1712467423.279704,4709.79454733,173250.0,-3.296370050652439e-09,174100.0,ASK
1502,1712467434.6343892,4714.01926694,173250.0,1.206181956127607e-09,174100.0,BID
1503,1712467434.6446133,4715.51459402,173250.0,4.2692455568769484e-10,174100.0,BID
1504,1712467440.5305092,4715.51459402,173250.0,0.0,174100.0,BID
1505,1712467453.6342142,4716.90195102,173250.0,-3.9574082841000805e-10,174100.0,ASK
1506,1712467458.4344325,4718.6441522,173250.0,-4.969594258941733e-10,174100.0,ASK
1507,1712467461.3042293,4718.64415312,173250.0,-2.6242825098007864e-16,174100.0,ASK
1508,1712467461.3141105,4731.71156912,173250.0,-3.727454456941935e-09,174100.0,ASK
1509,1712467470.527252,4731.71156912,173250.0,-0.0,174100.0,ASK
1510,1712467500.5467727,4731.71156912,173250.0,-0.0,174100.0,ASK
1511,1712467506.4342437,4740.71156912,173300.0,2.566629595451733e-09,174100.0,BID
1512,1712467506.514309,4749.6617073,173350.0,-2.552409948463409e-09,174100.0,ASK
1513,1712467525.125482,4755.60103128,173250.0,1.6937827448938415e-09,174100.0,BID
1514,1712467525.1455436,4773.10502447,173250.0,4.9918074400044206e-09,174100.0,BID
1515,1712467530.5382311,4773.10502447,173250.0,0.0,174100.0,BID
1516,1712467549.224528,4790.16880937,173250.0,4.856334564936717e-09,174100.0,BID
1517,1712467549.2302594,4795.95876337,173250.0,1.647814591216054e-09,174100.0,BID
1518,1712467560.7381315,4795.95876337,173250.0,0.0,174100.0,BID
1519,1712467590.7903764,4795.95876337,173250.0,0.0,174100.0,BID
1520,1712467620.5345583,4795.95876337,173250.0,0.0,174100.0,BID
1521,1712467625.274574,4812.59073899,173300.0,4.7281142685337205e-09,174100.0,BID
1522,1712467625.294104,4814.6817387,173300.0,5.94426410321409e-10,174100.0,BID
1523,1712467650.5357304,4814.6817387,173300.0,0.0,174100.0,BID
1524,1712467673.984254,4830.89530873,173300.0,4.604922961250032e-09,174100.0,BID
