,time,acc_trade_volume,trade_price,dev,high,ask_bid
0,1712451675.0519068,2346829.86827162,486.3,0.0,488.5,BID
1,1712451685.9043136,2349042.83724095,485.9,-2.6957133716480045e-07,488.5,ASK
2,1712451686.8342772,2349994.49982656,485.9,-1.1592614233996129e-07,488.5,ASK
3,1712451690.9162502,2349994.49982656,485.9,-0.0,488.5,ASK
4,1712451690.9254034,2350194.49982656,485.9,-2.4357523142349272e-08,488.5,ASK
5,1712451697.0144448,2355347.22286823,485.9,-6.275378536680151e-07,488.5,ASK
6,1712451700.0445635,2357403.56668891,486.3,2.504372110041919e-07,488.5,BID
7,1712451708.9341898,2359403.56668891,486.3,2.435752314234927e-07,488.5,BID
8,1712451718.6145954,2360338.3266424,485.9,-1.1384218599836913e-07,488.5,ASK
9,1712451720.6044245,2360338.3266424,485.9,-0.0,488.5,ASK
10,1712451731.5243878,2362198.44568999,485.9,-2.2640083621996975e-07,488.5,ASK
11,1712451731.5259373,2362396.36327546,485.9,-2.4089160804546012e-08,488.5,ASK
12,1712451732.9243658,2362849.36327546,486.3,5.5136029567849714e-08,488.5,BID
13,1712451736.1250722,2363274.82306511,486.2,5.1784025479196966e-08,488.5,BID
14,1712451736.5647316,2375099.53931511,486.2,1.4392227478839646e-06,488.5,BID
15,1712451738.2643404,2375554.3143599,486.2,5.535207575333733e-08,488.5,BID
16,1712451744.1542144,2376890.17062628,486.2,1.6259119338082825e-07,488.5,BID
17,1712451750.7425067,2376890.17062628,486.2,0.0,488.5,BID
18,1712451774.54444,2377004.76253653,485.8,-1.3933688539465e-08,488.5,ASK
19,1712451774.546076,2377324.93057978,485.8,-3.89305125048105e-08,488.5,ASK
20,1712451780.9341767,2377324.93057978,485.8,-0.0,488.5,ASK
21,1712451782.5943563,2377474.6554282,485.8,-1.820517542844362e-08,488.5,ASK
22,1712451782.5955284,2377577.57844161,485.8,-1.2514499326788678e-08,488.5,ASK
23,1712451782.6043434,2377783.42446878,485.8,-2.50289986960991e-08,488.5,ASK
24,1712451782.6970067,2377783.42446895,485.8,-2.0666359746063737e-17,488.5,ASK
25,1712451807.496414,2377962.46995859,485.8,2.1770297869503432e-08,488.5,BID
26,1712451807.4973722,2378242.49141095,485.8,3.4048053597961594e-08,488.5,BID
27,1712451810.9252875,2378242.49141095,485.8,0.0,488.5,BID
28,1712451815.0643916,2378865.5262205,485.8,7.575124240268006e-08,488.5,BID
29,1712451815.1647012,2380612.49141095,485.8,-2.124035151526444e-07,488.5,ASK
30,1712451815.1661496,2381293.63117871,485.7,-8.281589225323083e-08,488.5,ASK
31,1712451815.167823,2381404.6722205,485.7,-1.3500845770337647e-08,488.5,ASK
32,1712451831.424539,2382362.19201873,485.7,-1.1641936089171485e-07,488.5,ASK
33,1712451831.4259744,2387621.85153077,485.7,-6.394919457870749e-07,488.5,ASK
34,1712451840.574324,2387621.85153077,485.7,-0.0,488.5,ASK
35,1712451843.3542836,2387827.73993925,485.7,2.5018936809846265e-08,488.5,BID
36,1712451846.4669783,2388427.73167843,485.7,7.290918182222665e-08,488.5,BID
37,1712451846.4699118,2390224.81002631,485.7,2.183755266254925e-07,488.5,BID
38,1712451848.3143935,2390225.24033151,485.7,5.2289386718281033e-11,488.5,BID
39,1712451850.3319058,2390307.1991877,485.8,-9.959392367755334e-09,488.5,ASK
40,1712451862.1543343,2395963.91024931,485.7,-6.873864228037811e-07,488.5,ASK
41,1712451862.1558113,2400718.01045734,485.7,-5.777038812936044e-07,488.5,ASK
42,1712451867.1742575,2403473.27226694,486.1,3.348110834301366e-07,488.5,BID
43,1712451867.7342813,2404473.27226694,486.2,1.215169760868341e-07,488.5,BID
44,1712451867.7357168,2417261.65646694,486.3,1.5540057770206148e-06,488.5,BID
45,1712451867.7369554,2417461.65646694,486.2,2.4303395217366812e-08,488.5,BID
46,1712451870.0848958,2418958.7939653,486.3,1.819276215869302e-07,488.5,BID
47,1712451870.3644583,2420814.62065598,486.3,2.255144475926556e-07,488.5,BID
48,1712451870.5413642,2422712.6436862,486.3,2.30642019175512e-07,488.5,BID
49,1712451870.5842078,2422712.6436862,486.3,0.0,488.5,BID
50,1712451871.7876835,2422742.9160862,486.3,3.67100195322039e-09,488.5,BID
51,1712451875.3872423,2432428.9160862,486.3,1.1745789867581338e-06,488.5,BID
52,1712451875.4117124,2435150.9160862,486.3,3.300850714387405e-07,488.5,BID
53,1712451875.5127232,2451418.9160862,486.3,1.97274942768752e-06,488.5,BID
54,1712451875.5159209,2453862.76387219,486.3,2.963547652548992e-07,488.5,BID
55,1712451875.517416,2459029.4731896,486.3,6.265443108524807e-07,488.5,BID
56,1712451875.518109,2459046.90086474,486.3,2.113378175469457e-09,488.5,BID
57,1712451875.5188186,2460109.91783506,486.3,1.289074329863029e-07,488.5,BID
58,1712451876.828465,2461120.04932176,486.4,1.2249424098084608e-07,488.5,BID
59,1712451879.194296,2462148.22123211,486.3,-1.2468192449642014e-07,488.5,ASK
60,1712451886.4246197,2465348.22123211,486.1,-3.880500472461313e-07,488.5,ASK
61,1712451886.4844322,2469462.22123211,486.1,4.988868419908076e-07,488.5,BID
62,1712451886.5244017,2471641.52122494,486.1,2.642742078691205e-07,488.5,BID
63,1712451886.544105,2472148.22123211,486.1,6.144530053810098e-08,488.5,BID
64,1712451886.6282368,2472477.08856465,486.5,3.9880307478078464e-08,488.5,BID
65,1712451886.648059,2472807.85671934,486.5,4.0110811892183294e-08,488.5,BID
66,1712451886.6541154,2473070.9038372,486.5,3.1898577035429027e-08,488.5,BID
67,1712451886.9441247,2473723.38164314,486.8,7.912313856944926e-08,488.5,BID
68,1712451886.9542418,2475756.9038372,486.5,2.465963698377722e-07,488.5,BID
69,1712451897.9345608,2478369.28245545,486.8,3.1679176444898386e-07,488.5,BID
70,1712451899.954366,2478852.28245545,486.8,5.8571304006212953e-08,488.5,BID
71,1712451900.1766117,2479193.07532819,486.8,4.1326465739963954e-08,488.5,BID
72,1712451900.1844645,2479240.07532819,486.8,5.699485068927553e-09,488.5,BID
73,1712451901.0557203,2479240.07532819,486.8,0.0,488.5,BID
74,1712451901.3760777,2480048.27365799,487.1,9.885223414093473e-08,488.5,BID
75,1712451901.3774233,2480081.69687106,487.1,4.088055075459016e-09,488.5,BID
76,1712451908.8820505,2480081.69687107,487.1,1.2530296734505304e-18,488.5,BID
77,1712451920.7444131,2480181.69687107,487.2,-1.2231185155426337e-08,488.5,ASK
78,1712451930.9096265,2480181.69687107,487.2,-0.0,488.5,ASK
79,1712451950.097913,2480769.60858065,487.3,-7.19045358149014e-08,488.5,ASK
80,1712451955.8243384,2482820.89063194,487.5,2.508820309582453e-07,488.5,BID
81,1712451955.8259358,2482850.59929845,487.5,3.633518163135337e-09,488.5,BID
82,1712451960.5877223,2482850.59929845,487.5,0.0,488.5,BID
83,1712451990.5849843,2482850.59929845,487.5,0.0,488.5,BID
84,1712451992.6261346,2484850.59929845,487.9,2.445710651578664e-07,488.5,BID
85,1712451999.3344536,2484903.4789869,487.9,6.466420864675914e-09,488.5,BID
86,1712451999.3363638,2484953.07931484,487.9,6.065402518256129e-09,488.5,BID
87,1712451999.939319,2485395.47343136,487.7,-5.4098400148428774e-08,488.5,ASK
88,1712451999.940832,2485497.99547359,487.7,-1.2536962535204448e-08,488.5,ASK
89,1712452004.5545037,2485702.95550638,487.9,2.5063646767116853e-08,488.5,BID
90,1712452008.754393,2485953.90190933,487.9,3.068711453347736e-08,488.5,BID
91,1712452009.0743515,2488640.33282791,487.9,3.285116356150585e-07,488.5,BID
92,1712452013.7745166,2488866.89000586,487.9,2.7704665165215763e-08,488.5,BID
93,1712452013.7762916,2488880.24015383,487.9,1.632529954521554e-09,488.5,BID
94,1712452013.9543064,2490343.60501483,487.9,-1.7894835138466492e-07,488.5,ASK
95,1712452020.4811246,2490753.86142509,487.7,-5.0168423622592254e-08,488.5,ASK
96,1712452020.9343164,2490753.86142509,487.7,-0.0,488.5,ASK
97,1712452023.9745188,2491299.02377409,487.7,6.663404957890548e-08,488.5,BID
98,1712452025.199336,2500566.21084869,487.6,-1.1327088235613873e-06,488.5,ASK
99,1712452025.2010636,2500668.75391677,487.6,-1.2533623965341729e-08,488.5,ASK
100,1712452026.6202357,2500753.75391677,487.7,1.0389371578200916e-08,488.5,BID
101,1712452027.584591,2500754.41628447,487.7,8.095981356761268e-11,488.5,BID
102,1712452027.5864763,2500838.75391677,487.9,1.0308411764633305e-08,488.5,BID
103,1712452043.3850975,2503261.70108225,487.9,2.9615174607669613e-07,488.5,BID
104,1712452045.1144505,2517115.31548427,487.6,-1.6932982085141206e-06,488.5,ASK
105,1712452045.1541111,2520315.31548427,487.5,-3.9112928294403444e-07,488.5,ASK
106,1712452045.6741176,2523205.59327427,487.4,-3.532725873474517e-07,488.5,ASK
107,1712452045.7342465,2524842.61000078,487.4,-2.000891182522241e-07,488.5,ASK
108,1712452045.8143158,2526304.23207802,487.4,-1.7865099843940853e-07,488.5,ASK
109,1712452045.8434265,2527489.09830972,487.4,-1.4482371237168678e-07,488.5,ASK
110,1712452045.8444831,2528164.35111564,487.4,-8.253473305793094e-08,488.5,ASK
111,1712452045.894217,2529094.68052088,487.4,-1.1371221036667769e-07,488.5,ASK
112,1712452045.8962507,2530514.85081755,487.4,-1.7358443431091545e-07,488.5,ASK
113,1712452045.9351468,2530689.09830972,487.4,-2.1297905208510388e-08,488.5,ASK
114,1712452045.9954994,2531332.46096911,487.3,-7.863686738756589e-08,488.5,ASK
115,1712452045.9968424,2536727.93090549,487.3,-6.594769648007714e-07,488.5,ASK
116,1712452050.9252264,2536727.93090549,487.3,-0.0,488.5,ASK
117,1712452062.8743062,2537154.90478026,487.3,5.2045538428382665e-08,488.5,BID
118,1712452062.8941612,2537727.93090548,487.3,6.984842629236066e-08,488.5,BID
119,1712452078.6545246,2537727.93090549,487.3,1.2487486116047136e-18,488.5,BID
120,1712452078.6567972,2537921.86749484,487.3,2.3639699780531466e-08,488.5,BID
121,1712452080.55447,2537921.86749484,487.3,0.0,488.5,BID
122,1712452086.9676063,2538127.07988966,487.3,2.5012378572916903e-08,488.5,BID
123,1712452106.1081147,2538147.60112914,487.3,2.50123785705331e-09,488.5,BID
124,1712452106.4844253,2540199.72507742,487.3,2.5012378573944217e-07,488.5,BID
125,1712452110.6266346,2540199.72507742,487.3,0.0,488.5,BID
126,1712452121.8442626,2541818.43402651,487.2,-1.972701703122504e-07,488.5,ASK
127,1712452121.9441864,2542725.65094737,487.2,1.10561467266146e-07,488.5,BID
128,1712452121.9646351,2542740.65094737,487.3,1.82803249240532e-09,488.5,BID
129,1712452121.9666898,2542955.28769402,487.3,2.6157529796036284e-08,488.5,BID
130,1712452121.968783,2544650.18109757,487.2,2.06554680856817e-07,488.5,BID
131,1712452137.4841397,2544850.18109757,487.3,2.437376656540426e-08,488.5,BID
132,1712452140.9041646,2544850.18109757,487.3,0.0,488.5,BID
133,1712452157.824721,2544865.18109757,487.7,1.8275278686204363e-09,488.5,BID
134,1712452157.8278413,2548938.41312287,487.9,4.962630027728861e-07,488.5,BID
135,1712452157.8303342,2548949.39240287,487.7,1.3376626785030499e-09,488.5,BID
136,1712452159.5445092,2548959.6404045,487.9,1.2485672384270371e-09,488.5,BID
137,1712452162.3422866,2549062.12042089,487.9,1.2485672395276756e-08,488.5,BID
138,1712452170.9343464,2549062.12042089,487.9,0.0,488.5,BID
139,1712452195.7043264,2550431.79516227,487.4,-1.6683281390298326e-07,488.5,ASK
140,1712452195.706561,2550452.30377589,487.6,-2.498045423557112e-09,488.5,ASK
141,1712452200.664395,2550452.30377589,487.6,-0.0,488.5,ASK
142,1712452216.6442738,2550463.30377589,487.8,1.3555130109043266e-09,488.5,BID
143,1712452225.9643445,2550565.8048009,487.8,1.2631043002961898e-08,488.5,BID
144,1712452230.59508,2550565.8048009,487.8,0.0,488.5,BID
145,1712452246.2844334,2550586.2444729,487.8,2.518732027803175e-09,488.5,BID
146,1712452246.3523607,2551586.2444729,487.8,1.2322761479885377e-07,488.5,BID
147,1712452246.3535745,2552644.31202974,487.8,1.3038314132543174e-07,488.5,BID
148,1712452246.3643055,2554015.69228774,487.9,1.689919181755755e-07,488.5,BID
149,1712452246.4125834,2558266.79752974,487.9,5.238535592305593e-07,488.5,BID
150,1712452249.4143448,2558277.04763224,487.9,1.2630956825719083e-09,488.5,BID
151,1712452260.9522362,2558277.04763224,487.9,0.0,488.5,BID
152,1712452267.904421,2558295.49781675,487.8,-2.272518700192245e-09,488.5,ASK
153,1712452269.436325,2559418.25906854,487.9,1.3829107991917945e-07,488.5,BID
154,1712452279.3141065,2561057.93933088,487.9,2.019602598857849e-07,488.5,BID
155,1712452280.4200697,2562787.36471185,487.8,-2.1301421223138217e-07,488.5,ASK
156,1712452280.4225154,2563588.92272742,487.8,-9.872831237659286e-08,488.5,ASK
157,1712452283.4383066,2567037.13590869,487.9,4.247181881892649e-07,488.5,BID
158,1712452283.4541824,2572210.85438966,487.9,-6.372495619977317e-07,488.5,ASK
159,1712452283.9943824,2572454.75682868,488.0,3.0041588657640847e-08,488.5,BID
160,1712452286.0441575,2573086.79739413,488.1,7.784876099832088e-08,488.5,BID
161,1712452290.934319,2573086.79739413,488.1,0.0,488.5,BID
162,1712452292.4442308,2574034.69946337,488.1,1.166497689439251e-07,488.5,BID
163,1712452295.294182,2574503.51732858,488.1,5.769319155237058e-08,488.5,BID
164,1712452295.9290504,2581028.93094028,488.1,8.030238721588397e-07,488.5,BID
165,1712452299.3143842,2581975.88648217,488.1,1.1653328834926641e-07,488.5,BID
166,1712452299.43424,2582053.31119023,488.1,9.527961377899493e-09,488.5,BID
167,1712452320.584277,2582053.31119023,488.1,0.0,488.5,BID
168,1712452337.8442242,2582775.11719659,488.1,-8.877834863112187e-08,488.5,ASK
169,1712452340.7642822,2583919.88998802,488.1,-1.408010422266421e-07,488.5,ASK
170,1712452340.864266,2584037.35502162,488.1,-1.444758233240689e-08,488.5,ASK
171,1712452341.014495,2584569.29114606,488.0,-6.542535014793289e-08,488.5,ASK
172,1712452341.094211,2585145.42944515,488.0,-7.086198552746167e-08,488.5,ASK
173,1712452341.734576,2593845.08760358,488.0,-1.0700122722103718e-06,488.5,ASK
174,1712452341.736755,2599992.62858718,488.0,-7.5611526068912e-07,488.5,ASK
175,1712452342.3642027,2600806.24654167,487.9,-1.0007073615319297e-07,488.5,ASK
176,1712452350.6542835,2600806.24654167,487.9,-0.0,488.5,ASK
177,1712452375.804417,2602217.87834433,488.0,1.7342808998733365e-07,488.5,BID
178,1712452375.807306,2604246.27591025,488.0,2.492017500098697e-07,488.5,BID
179,1712452380.9248593,2604246.27591025,488.0,0.0,488.5,BID
180,1712452393.534205,2604900.56273366,488.3,8.0366789634518e-08,488.5,BID
181,1712452394.3542857,2605059.77093466,488.0,-1.9555723178361856e-08,488.5,ASK
182,1712452403.6542442,2607203.38820589,488.1,-2.6330293096227334e-07,488.5,ASK
183,1712452403.744165,2610749.05636709,488.1,-4.355184256039415e-07,488.5,ASK
184,1712452403.8042586,2612609.17540471,488.1,-2.284805226742204e-07,488.5,ASK
185,1712452403.8622177,2615307.77257434,488.1,-3.314717388157037e-07,488.5,ASK
186,1712452403.8719697,2615353.48240612,488.0,-5.614590273623487e-09,488.5,ASK
187,1712452410.9165356,2615353.48240612,488.0,-0.0,488.5,ASK
188,1712452415.5141757,2619067.57087694,488.0,4.559020819671119e-07,488.5,BID
189,1712452422.0851195,2625151.41130994,488.0,-7.467876819712969e-07,488.5,ASK
190,1712452422.154229,2625151.41131052,488.0,-7.122090823779683e-17,488.5,ASK
191,1712452422.434282,2625172.92329576,487.9,2.640582995055354e-09,488.5,BID
192,1712452440.6619616,2625172.92329576,487.9,0.0,488.5,BID
193,1712452461.4942856,2625187.92329576,487.9,-1.8401584176776983e-09,488.5,ASK
194,1712452461.4966524,2634263.78779476,487.8,-1.1134018970357903e-06,488.5,ASK
195,1712452470.0745878,2635869.37912229,487.8,-1.9696949311362625e-07,488.5,ASK
196,1712452470.6416428,2635869.37912229,487.8,-0.0,488.5,ASK
197,1712452470.8249755,2637274.27153388,487.8,-1.7223805741465593e-07,488.5,ASK
198,1712452473.4843557,2645265.10033288,487.8,-9.79665644229009e-07,488.5,ASK
199,1712452473.4874332,2646865.10033288,487.8,-1.96158004406573e-07,488.5,ASK
200,1712452473.5451398,2647108.51841499,487.8,-2.984275326449756e-08,488.5,ASK
201,1712452473.547536,2648915.54117688,487.7,-2.21538736805965e-07,488.5,ASK
202,1712452500.585584,2648915.54117688,487.7,-0.0,488.5,ASK
203,1712452500.902441,2648936.04558532,487.7,-2.520671944072011e-09,488.5,ASK
204,1712452500.9037032,2649179.46366821,487.7,-2.9924156749692074e-08,488.5,ASK
205,1712452507.7439466,2649915.54117621,487.7,9.048834198264985e-08,488.5,BID
206,1712452507.763877,2649915.54117688,487.7,8.231862427250361e-17,488.5,BID
207,1712452512.76397,2651899.58500827,487.5,-2.439047991171173e-07,488.5,ASK
208,1712452514.7540364,2653640.6296477,487.5,-2.140321379576252e-07,488.5,ASK
209,1712452514.7563071,2654182.70730137,487.5,-6.663932476307675e-08,488.5,ASK
210,1712452521.134173,2654724.69616726,487.5,6.662840979979632e-08,488.5,BID
211,1712452521.1369877,2655163.35239536,487.5,5.3925400993392673e-08,488.5,BID
212,1712452521.3739817,2657052.30804994,487.5,2.322153080401745e-07,488.5,BID
213,1712452523.3086991,2657052.30804995,487.5,1.202149589515004e-18,488.5,BID
214,1712452530.1545758,2657926.00404995,487.5,-1.0740621955922113e-07,488.5,ASK
215,1712452530.5775642,2657926.00404995,487.5,-0.0,488.5,ASK
216,1712452538.6239922,2664079.85020379,487.5,7.561035083464613e-07,488.5,BID
217,1712452543.3541412,2678569.17627878,487.5,1.780257420319165e-06,488.5,BID
218,1712452543.364006,2679589.20150074,487.5,1.2532725545053586e-07,488.5,BID
219,1712452546.1142695,2681449.32053836,487.5,-2.2854691117182215e-07,488.5,ASK
220,1712452546.116941,2683309.43957597,487.4,-2.2854691117056346e-07,488.5,ASK
221,1712452546.1198325,2683329.96081545,487.3,-2.521379439550456e-09,488.5,ASK
222,1712452546.234283,2683329.96081637,487.3,1.1299828519587722e-16,488.5,BID
223,1712452546.2378116,2692558.46475337,487.3,1.133876933078795e-06,488.5,BID
224,1712452546.3541665,2693601.09718767,488.7,1.281049317422788e-07,488.7,BID
225,1712452546.3558867,2701121.02777335,488.8,9.239499584835458e-07,488.8,BID
226,1712452546.357379,2701325.65228737,488.7,2.5141563353465625e-08,488.8,BID
227,1712452546.3590095,2703593.16973468,488.2,2.7860265828681904e-07,488.8,BID
228,1712452546.3615608,2707055.85783144,488.3,4.25449475469246e-07,488.8,BID
229,1712452546.3641708,2707066.85783144,488.3,1.3515350211706608e-09,488.8,BID
230,1712452546.3667946,2708596.85783144,488.7,1.879862347628283e-07,488.8,BID
231,1712452546.3684845,2711111.46475337,488.8,3.089617563151247e-07,488.8,BID
232,1712452557.2742832,2715183.60421555,488.7,5.003308267479353e-07,488.8,BID
233,1712452560.9039805,2715183.60421555,488.7,0.0,488.8,BID
234,1712452564.6841552,2715204.06666695,488.6,2.505556038134936e-09,488.8,BID
235,1712452567.2739484,2717250.31180711,488.6,2.5055560383020005e-07,488.8,BID
236,1712452569.5539503,2718929.15513777,488.6,2.0556852949540145e-07,488.8,BID
237,1712452569.563951,2721192.7993315,488.6,2.7717536217214257e-07,488.8,BID
238,1712452586.0679266,2721579.88986318,488.6,4.739788991968173e-08,488.8,BID
239,1712452590.9140587,2721579.88986318,488.6,0.0,488.8,BID
240,1712452620.604362,2721579.88986318,488.6,0.0,488.8,BID
241,1712452645.047334,2723419.54645937,488.4,2.251733870411637e-07,488.8,BID
242,1712452645.0538008,2723685.30389106,488.5,3.2528625803839464e-08,488.8,BID
243,1712452650.6040025,2723685.30389106,488.5,0.0,488.8,BID
244,1712452664.5740128,2724914.05287378,488.5,1.5037956035679973e-07,488.8,BID
245,1712452668.48536,2727419.54645937,488.5,3.06633030160246e-07,488.8,BID
246,1712452668.4877594,2727693.54929138,488.5,3.3533639493256126e-08,488.8,BID
247,1712452679.5441196,2727747.61936181,488.5,6.617326674550411e-09,488.8,BID
248,1712452679.5470116,2727898.25758206,488.5,1.843575022459045e-08,488.8,BID
249,1712452680.9364648,2727898.25758206,488.5,0.0,488.8,BID
250,1712452681.8739264,2728634.33509006,488.0,-9.006163247657822e-08,488.8,ASK
251,1712452681.97393,2728736.50239406,488.0,-1.2500523496509193e-08,488.8,ASK
252,1712452684.0685542,2728736.50239408,488.0,-2.4499366658981084e-18,488.8,ASK
253,1712452686.394287,2729019.776272,487.8,-3.465954007037021e-08,488.8,ASK
254,1712452686.3965828,2729039.776272,487.8,-2.4470692691403846e-09,488.8,ASK
255,1712452686.3991,2729311.88428587,487.7,-3.329335793142893e-08,488.8,ASK
256,1712452686.4014182,2730569.8704797,487.3,-1.5391896779623165e-07,488.8,ASK
257,1712452686.4038105,2730850.88860557,487.7,-3.4383540994370534e-08,488.8,ASK
258,1712452693.4841,2731015.26443499,488.5,2.011195203816361e-08,488.8,BID
259,1712452695.5740843,2731515.30456805,487.7,-6.118164214739438e-08,488.8,ASK
260,1712452710.0572226,2731624.44014216,487.7,-1.3353115478710632e-08,488.8,ASK
261,1712452710.060509,2732149.62043149,487.7,-6.425762733888016e-08,488.8,ASK
262,1712452710.934063,2732149.62043149,487.7,-0.0,488.8,ASK
263,1712452712.2189367,2732247.26926526,487.7,-1.1944642952167417e-08,488.8,ASK
264,1712452723.4440014,2732475.67711965,487.7,-2.793940452555865e-08,488.8,ASK
265,1712452736.3242404,2732725.67711965,487.7,-3.058060831597917e-08,488.8,ASK
266,1712452736.327399,2733225.67711965,487.7,-6.116121663195834e-08,488.8,ASK
267,1712452736.334069,2735093.66049519,487.7,-2.2849627179259786e-07,488.8,ASK
268,1712452736.3371112,2735767.60380703,487.7,-8.24383857861906e-08,488.8,ASK
269,1712452740.3327148,2741243.67575133,487.3,-6.698464449550536e-07,488.8,ASK
270,1712452740.335939,2744322.49374478,487.0,-3.7660850853553083e-07,488.8,ASK
271,1712452740.3379364,2750216.2118685,486.9,-7.209339418650792e-07,488.8,ASK
272,1712452740.3400476,2751242.48444649,487.2,-1.255361589318077e-07,488.8,ASK
273,1712452740.3420482,2751332.38200284,487.0,-1.0996487837167431e-08,488.8,ASK
274,1712452740.3437877,2772038.36169794,487.0,-2.532805819417925e-06,488.8,ASK
275,1712452740.5757403,2772038.36169794,487.0,-0.0,488.8,ASK
276,1712452749.4140556,2777744.89353262,487.0,-6.963817722228294e-07,488.8,ASK
277,1712452749.4173737,2780695.89353262,487.1,-3.601176107247515e-07,488.8,ASK
278,1712452770.6015613,2780695.89353262,487.1,-0.0,488.8,ASK
279,1712452800.6240785,2780695.89353262,487.1,-0.0,488.8,ASK
280,1712452830.5541675,2780695.89353262,487.1,-0.0,488.8,ASK
281,1712452860.9539664,2780695.89353262,487.1,-0.0,488.8,ASK
282,1712452890.9339375,2780695.89353262,487.1,-0.0,488.8,ASK
283,1712452920.586541,2780695.89353262,487.1,-0.0,488.8,ASK
284,1712452936.9011211,2780814.81866672,487.5,-1.4586391849482113e-08,488.8,ASK
285,1712452945.5356922,2780917.46699355,487.6,-1.2590010759011969e-08,488.8,ASK
286,1712452950.5740557,2780917.46699355,487.6,-0.0,488.8,ASK
287,1712452951.083942,2781122.51107802,487.7,-2.5148710216597272e-08,488.8,ASK
288,1712452951.1438751,2783159.82519902,487.7,2.498771060944392e-07,488.8,BID
289,1712452951.147339,2784552.57516937,487.7,1.7082114560386968e-07,488.8,BID
290,1712452951.1538308,2786862.62178623,487.7,2.8332781754873977e-07,488.8,BID
291,1712452956.8742669,2787391.89735323,488.2,6.491578576189516e-08,488.8,BID
292,1712452956.8777907,2793127.70248145,488.2,7.03497988743021e-07,488.8,BID
293,1712452956.9540842,2793409.53599345,488.3,3.4566953447697804e-08,488.8,BID
294,1712452964.683846,2793409.535994,488.3,6.745101732313668e-17,488.8,BID
295,1712452964.7436864,2793717.10212,488.3,-3.7723065238397546e-08,488.8,ASK
296,1712452964.766152,2793717.10212016,488.3,-1.9647036375240488e-17,488.8,ASK
297,1712452965.7437704,2794433.8466967,488.4,8.790890847345198e-08,488.8,BID
298,1712452967.5938542,2795253.1830337,488.2,-1.0049181454017457e-07,488.8,ASK
299,1712452967.6139386,2795253.18303426,488.2,-6.865040035767171e-17,488.8,ASK
300,1712452969.8640718,2795867.43364851,488.3,7.533799737774514e-08,488.8,BID
301,1712452973.9264483,2797113.30208185,488.3,1.5280608693989816e-07,488.8,BID
302,1712452973.9294844,2799140.2064368,488.3,2.486003455846601e-07,488.8,BID
303,1712452975.2750237,2799160.6856504,487.7,-2.51178086713394e-09,488.8,ASK
304,1712452976.9340675,2799365.5197348,487.7,-2.5122953653434178e-08,488.8,ASK
305,1712452980.2739162,2799482.26011154,488.4,1.4318237528292676e-08,488.8,BID
306,1712452980.9140732,2799482.26011154,488.4,0.0,488.8,BID
307,1712453000.5739832,2799559.00253578,488.4,9.402029630350924e-09,488.8,BID
308,1712453010.9146357,2799559.00253578,488.4,0.0,488.8,BID
309,1712453013.863973,2799620.4275972,488.4,7.525402035513817e-09,488.8,BID
310,1712453017.4040234,2799635.4275972,487.8,-1.8377031772217502e-09,488.8,ASK
311,1712453037.8936222,2799697.18708543,487.8,-7.56637384960361e-09,488.8,ASK
312,1712453038.3738215,2800722.40750782,487.7,-1.256033885052384e-07,488.8,ASK
313,1712453040.5591488,2800722.40750782,487.7,-0.0,488.8,ASK
314,1712453044.4349835,2803722.40750782,487.8,3.675150859838498e-07,488.8,BID
315,1712453047.7941685,2804624.41652791,487.8,1.1050064085887413e-07,488.8,BID
316,1712453048.0539494,2810286.55370932,487.8,6.936402776927049e-07,488.8,BID
317,1712453048.0579166,2811291.85955755,487.8,1.2315502175078924e-07,488.8,BID
318,1712453048.9568443,2811496.90364202,487.7,-2.5118931444854983e-08,488.8,ASK
319,1712453048.960342,2814334.47290998,487.9,-3.476165044997918e-07,488.8,ASK
320,1712453049.2141082,2814875.9243294,487.7,6.633052165474876e-08,488.8,BID
321,1712453049.2538505,2815685.14710437,487.7,9.913385924104826e-08,488.8,BID
322,1712453050.3436697,2817025.15427291,487.7,1.641576165883503e-07,488.8,BID
323,1712453051.3039162,2817358.11063491,487.7,4.0788828669734175e-08,488.8,BID
324,1712453052.3437734,2818348.83470591,487.7,1.2136868071330726e-07,488.8,BID
325,1712453056.2638948,2818348.83470644,487.7,6.491817655812034e-17,488.8,BID
326,1712453064.3937907,2820396.75606626,488.3,2.508806648807819e-07,488.8,BID
327,1712453064.4037273,2821761.07103656,488.3,1.6713544453962758e-07,488.8,BID
328,1712453068.2969246,2821776.07103656,487.7,-1.8375754299192487e-09,488.8,ASK
329,1712453070.5920231,2821776.07103656,487.7,-0.0,488.8,ASK
330,1712453096.1894908,2823209.07103603,487.7,-1.7532908665879802e-07,488.8,ASK
331,1712453097.1338038,2823927.60932385,487.6,-8.791393006239685e-08,488.8,ASK
332,1712453097.1371298,2824030.42911985,487.6,-1.2580112302732208e-08,488.8,ASK
333,1712453100.9238708,2824030.42911985,487.6,-0.0,488.8,ASK
334,1712453103.3140624,2824132.99322241,487.5,-1.2594722437654688e-08,488.8,ASK
335,1712453103.713858,2824338.07935858,488.1,2.518427886958074e-08,488.8,BID
336,1712453112.793939,2825367.78023954,488.0,1.264457687029185e-07,488.8,BID
337,1712453114.3742738,2826198.19840617,488.0,1.0197414158419473e-07,488.8,BID
338,1712453114.384398,2826532.06755174,488.0,4.0998644886468936e-08,488.8,BID
339,1712453114.387674,2827414.8320617,488.1,1.0840219631693497e-07,488.8,BID
340,1712453130.9238234,2827414.8320617,488.1,0.0,488.8,BID
341,1712453132.9558794,2837653.5152196,488.1,1.2570404293218609e-06,488.8,BID
342,1712453134.363744,2837753.5152196,487.7,-1.2277364285386286e-08,488.8,ASK
343,1712453138.173977,2841111.95153922,487.7,4.1232746125245313e-07,488.8,BID
344,1712453138.1785083,2844024.09327894,487.7,3.5753424989221173e-07,488.8,BID
345,1712453160.6539216,2844024.09327894,487.7,0.0,488.8,BID
346,1712453160.993905,2845000.17088272,487.3,-1.197174829523619e-07,488.8,ASK
347,1712453168.6437986,2846076.21722722,487.3,-1.3197880927164822e-07,488.8,ASK
348,1712453169.2239168,2856336.83696865,487.8,1.2584814611235915e-06,488.8,BID
349,1712453178.2439773,2856377.83737865,487.8,-5.028766018386888e-09,488.8,ASK
350,1712453190.6177435,2856377.83737865,487.8,-0.0,488.8,ASK
351,1712453205.7037385,2857503.15833865,488.0,1.379204977302943e-07,488.8,BID
352,1712453220.9238951,2857503.15833865,488.0,0.0,488.8,BID
353,1712453231.2237694,2857601.72462665,488.0,1.2079572919415012e-08,488.8,BID
354,1712453231.2437043,2858695.53196551,488.0,1.3404913360999185e-07,488.8,BID
355,1712453231.246187,2858851.53881751,488.0,1.9119073903474532e-08,488.8,BID
356,1712453231.343767,2860051.73356088,488.1,1.470872061251063e-07,488.8,BID
357,1712453231.7674024,2862018.91521988,488.0,2.410835872771511e-07,488.8,BID
358,1712453237.2865477,2866162.17297019,487.9,5.07767768618972e-07,488.8,BID
359,1712453240.9437404,2866162.17297108,488.0,1.090571138097778e-16,488.8,BID
360,1712453249.0536094,2866489.84038865,488.3,4.015655397162291e-08,488.8,BID
361,1712453250.9336534,2866489.84038865,488.3,0.0,488.8,BID
362,1712453265.4671805,2866694.63252464,488.3,2.5084365110043525e-08,488.8,BID
363,1712453280.936521,2866694.63252464,488.3,0.0,488.8,BID
364,1712453289.9937737,2866704.98793227,488.3,1.2683868105257563e-09,488.8,BID
365,1712453290.0037308,2867716.06672207,488.3,1.2384244514506101e-07,488.8,BID
366,1712453290.1335073,2868742.55388407,488.3,-1.2572974661772112e-07,488.8,ASK
367,1712453290.1436636,2868742.55388445,488.3,-4.654197530130599e-17,488.8,ASK
368,1712453303.073891,2869925.76660888,488.3,1.449263483700979e-07,488.8,BID
369,1712453304.7538085,2870235.76660888,488.3,-3.7970490907603055e-08,488.8,ASK
370,1712453310.943682,2870235.76660888,488.3,-0.0,488.8,ASK
371,1712453320.794121,2870790.47524427,488.3,-6.792935231543928e-08,488.8,ASK
372,1712453327.606925,2871953.33838848,488.0,-1.424036605488898e-07,488.8,ASK
373,1712453332.7320025,2873967.29211493,488.4,2.466278033237984e-07,488.8,BID
374,1712453340.564217,2873967.29211493,488.4,0.0,488.8,BID
375,1712453344.2937374,2874967.29211493,488.4,1.224322017798361e-07,488.8,BID
376,1712453352.5538518,2877261.65233137,488.0,-2.80903572974774e-07,488.8,ASK
377,1712453354.5739195,2907653.65233137,488.3,3.720959476492779e-06,488.8,BID
378,1712453354.6436,2917720.78503137,488.3,-1.2325412220707811e-06,488.8,ASK
379,1712453354.7491825,2925896.13296121,488.3,-1.0009258473665337e-06,488.8,ASK
380,1712453355.0660913,2927756.2520088,487.5,-2.277384705690635e-07,488.8,ASK
381,1712453360.2037532,2927766.49161559,488.3,1.253657604689404e-09,488.8,BID
382,1712453370.624576,2927766.49161559,488.3,0.0,488.8,BID
383,1712453371.3836772,2927776.73327031,488.3,1.24988862292241e-09,488.8,BID
384,1712453379.6540828,2927810.46205408,488.3,4.116251157937919e-09,488.8,BID
385,1712453383.3236213,2927825.46205408,487.5,-1.8305957247112194e-09,488.8,ASK
386,1712453392.4439037,2930346.2908392,487.7,-3.076412264513153e-07,488.8,ASK
387,1712453400.6597512,2930741.90433389,487.7,-4.828055813451037e-08,488.8,ASK
388,1712453400.7278214,2930741.90433389,487.7,-0.0,488.8,ASK
389,1712453418.050502,2931862.90433389,487.7,-1.373283600138077e-07,488.8,ASK
390,1712453418.063748,2933947.43735646,487.7,-2.553661921357341e-07,488.8,ASK
391,1712453418.0657828,2934851.43735646,487.7,-1.107447256489582e-07,488.8,ASK
392,1712453418.086444,2937072.43735646,487.7,-2.7208411025037184e-07,488.8,ASK
393,1712453418.0905297,2938412.43735646,487.7,-1.6415700483363272e-07,488.8,ASK
394,1712453418.1074631,2939573.43735646,487.7,-1.422285691133191e-07,488.8,ASK
395,1712453418.1477044,2940101.75122046,487.7,-6.472121009428838e-08,488.8,ASK
396,1712453418.1509638,2940630.06508446,487.7,-6.472121009428838e-08,488.8,ASK
397,1712453418.163986,2941158.37894846,487.7,-6.472121009423135e-08,488.8,ASK
398,1712453418.1945324,2941161.75122057,487.7,-4.1312096199587934e-10,488.8,ASK
399,1712453418.524072,2942393.75122057,487.5,-1.509264402649519e-07,488.8,ASK
400,1712453418.5639677,2942748.75122057,487.5,-4.3489355758163895e-08,488.8,ASK
401,1712453419.6538675,2943179.65270941,487.5,-5.2787684915183744e-08,488.8,ASK
402,1712453426.2736738,2947289.25736307,487.5,-5.034480529814492e-07,488.8,ASK
403,1712453426.2756555,2947904.08860685,487.5,-7.532004138586413e-08,488.8,ASK
404,1712453426.2837071,2952006.65270941,487.5,-5.025855486673703e-07,488.8,ASK
405,1712453426.3737075,2952007.20608101,487.5,-6.779091372801459e-11,488.8,ASK
406,1712453430.6232843,2952007.20608101,487.5,-0.0,488.8,ASK
407,1712453447.0448048,2952130.20731102,487.2,-1.5049177495211173e-08,488.8,ASK
408,1712453447.0496545,2952405.99035699,487.2,-3.3742004113484184e-08,488.8,ASK
409,1712453447.0544484,2953175.91744435,487.1,-9.420043519144105e-08,488.8,ASK
410,1712453447.057113,2953381.17195995,487.2,-2.5112851608868243e-08,488.8,ASK
411,1712453447.0592537,2954021.15980746,487.1,-7.830239348945324e-08,488.8,ASK
412,1712453460.9152703,2954021.15980746,487.1,-0.0,488.8,ASK
413,1712453464.524158,2955050.65520646,487.4,1.259434523249705e-07,488.8,BID
414,1712453464.5437312,2956092.78868262,487.4,1.274895331232045e-07,488.8,BID
415,1712453489.8937814,2956192.78868262,487.4,-1.2233512888672502e-08,488.8,ASK
416,1712453489.898116,2957258.24139997,487.4,-1.3034229549970706e-07,488.8,ASK
417,1712453489.9408443,2958582.70768468,487.4,-1.6202875364611753e-07,488.8,ASK
418,1712453490.9136026,2958582.70768468,487.4,-0.0,488.8,ASK
419,1712453493.089959,2959007.97892064,487.4,-5.2011464994623353e-08,488.8,ASK
420,1712453493.1076665,2959540.45837928,487.4,-6.512323049754447e-08,488.8,ASK
421,1712453493.4068406,2960614.99251305,487.4,-1.314175278230097e-07,488.8,ASK
422,1712453493.512051,2961645.20891339,487.4,-1.25997386402621e-07,488.8,ASK
423,1712453494.263823,2971576.97155048,487.1,-1.2146730863838935e-06,488.8,ASK
424,1712453494.273866,2972005.20891339,487.1,-5.237422785038255e-08,488.8,ASK
425,1712453520.584367,2972005.20891339,487.1,-0.0,488.8,ASK
426,1712453537.9670813,2979738.54083008,487.1,-9.450451257935436e-07,488.8,ASK
427,1712453542.2438111,2981285.40634304,487.4,1.890333596216338e-07,488.8,BID
428,1712453544.284948,2981416.50214514,487.2,-1.6020448898505873e-08,488.8,ASK
429,1712453545.3337114,2995012.57467337,487.6,1.6614962620457458e-06,488.8,BID
430,1712453550.5361006,2996741.59791886,487.2,-2.112937874821769e-07,488.8,ASK
431,1712453550.5381,2997065.54121002,487.2,-3.958720919289575e-08,488.8,ASK
432,1712453550.6271126,2997065.54121002,487.2,-0.0,488.8,ASK
433,1712453562.4237766,2997597.83911502,487.6,6.495205379092754e-08,488.8,BID
434,1712453562.4271936,2997848.75656242,487.6,3.0617448213754335e-08,488.8,BID
435,1712453579.6708894,2997848.75656314,487.6,8.784514320698985e-17,488.8,BID
436,1712453579.6753,2998166.49403514,487.6,3.8770961108224686e-08,488.8,BID
437,1712453580.895048,2998166.49403514,487.6,0.0,488.8,BID
438,1712453583.5436966,2998198.89139074,487.6,-3.952931119187037e-09,488.8,ASK
439,1712453596.4546368,2998403.64159549,488.4,2.4982392575918007e-08,488.8,BID
440,1712453610.9335258,2998403.64159549,488.4,0.0,488.8,BID
441,1712453614.9688962,2998526.69327649,487.9,-1.5013816334829122e-08,488.8,ASK
442,1712453617.9828944,2998526.69327719,487.9,-8.539504325763743e-17,488.8,ASK
443,1712453628.9336417,2998526.69327771,487.9,-6.346391438375316e-17,488.8,ASK
444,1712453628.9368987,2999637.54387771,487.9,-1.3553741605364752e-07,488.8,ASK
445,1712453631.6726575,2999658.04408271,487.8,-2.501276782189001e-09,488.8,ASK
446,1712453632.733684,2999678.13428361,487.8,-2.4512512465656753e-09,488.8,ASK
447,1712453634.7236152,2999801.18596531,487.6,-1.5013816420167347e-08,488.8,ASK
448,1712453634.823567,2999883.09431631,487.6,9.9938247751282e-09,488.8,BID
449,1712453640.6540046,2999883.09431631,487.6,0.0,488.8,BID
450,1712453644.5547478,3000005.94443916,487.3,-1.4987903877613653e-08,488.8,ASK
451,1712453653.65395,3000005.94443925,487.6,1.0964598855822219e-17,488.8,BID
452,1712453653.6583705,3000581.10497616,487.6,7.01704698488677e-08,488.8,BID
453,1712453653.7137222,3000760.71365315,487.6,2.1912534752531572e-08,488.8,BID
454,1712453670.6336207,3000760.71365315,487.6,0.0,488.8,BID
455,1712453680.2444384,3000781.22226676,487.6,-2.501951783651222e-09,488.8,ASK
456,1712453680.248993,3000863.25672123,487.6,-1.000780713818382e-08,488.8,ASK
457,1712453680.286549,3000878.25672123,487.6,-1.8299275352357181e-09,488.8,ASK
458,1712453691.0679789,3001083.3428574,487.6,2.5019517844806253e-08,488.8,BID
459,1712453700.9491034,3001083.3428574,487.6,0.0,488.8,BID
460,1712453715.07369,3001185.8859254,487.6,-1.2529255128172224e-08,488.8,ASK
461,1712453716.0237143,3001185.88592548,487.6,-9.786277512015292e-18,488.8,ASK
462,1712453720.1936314,3001897.62702448,487.6,8.696429693878829e-08,488.8,BID
463,1712453720.2135751,3001897.62702499,487.6,6.230217369567874e-17,488.8,BID
464,1712453727.5978885,3004912.9492237,487.6,-3.684280357326106e-07,488.8,ASK
465,1712453730.9568512,3004912.9492237,487.6,-0.0,488.8,ASK
466,1712453745.485075,3005674.84661961,487.6,-9.307142388618532e-08,488.8,ASK
467,1712453745.8435571,3009544.6868215,487.6,-4.727297136533434e-07,488.8,ASK
468,1712453745.9237795,3011140.99590477,487.6,-1.950010068808928e-07,488.8,ASK
469,1712453746.063804,3011866.59094262,487.6,-8.86368213094295e-08,488.8,ASK
470,1712453760.5557766,3011866.59094262,487.6,-0.0,488.8,ASK
471,1712453761.0437696,3011968.85065962,487.6,1.2486611909552573e-08,488.8,BID
472,1712453761.0864146,3012775.90758162,487.6,9.854717839589564e-08,488.8,BID
473,1712453769.2738278,3015724.51370906,487.3,-3.600450056732132e-07,488.8,ASK
474,1712453769.2774794,3016886.44652123,487.3,-1.418799554326703e-07,488.8,ASK
475,1712453773.0435896,3017207.6466993,487.6,3.92207419157245e-08,488.8,BID
476,1712453781.5637808,3018129.96684687,487.9,1.1262160777390213e-07,488.8,BID
477,1712453781.567404,3018744.84694525,487.9,7.5081071849306e-08,488.8,BID
478,1712453784.6535642,3018847.39001333,487.3,-1.2521211017336496e-08,488.8,ASK
479,1712453790.6186962,3018847.39001333,487.3,-0.0,488.8,ASK
480,1712453792.7436793,3019615.9901363,487.9,9.381235759928377e-08,488.8,BID
481,1712453815.493796,3020282.11024289,487.9,8.130404325465644e-08,488.8,BID
482,1712453815.4987102,3020947.46174933,487.9,8.121023089375659e-08,488.8,BID
483,1712453817.663659,3020961.80895162,487.9,-1.751164007837467e-09,488.8,ASK
484,1712453819.606868,3021064.26796801,488.0,1.2505751167096193e-08,488.8,BID
485,1712453819.609183,3021368.39565623,488.1,3.712064907414527e-08,488.8,BID
486,1712453820.9149823,3021368.39565623,488.1,0.0,488.8,BID
487,1712453821.963618,3021774.98236084,488.1,4.9618950573472936e-08,488.8,BID
488,1712453828.583783,3023635.10140843,488.1,2.2700485292970445e-07,488.8,BID
489,1712453828.5884318,3026321.05802204,488.1,3.2778826002457225e-07,488.8,BID
490,1712453840.7538462,3026525.93407202,488.0,2.5002624243214938e-08,488.8,BID
491,1712453841.9735918,3026625.93407202,488.0,1.2203780893691046e-08,488.8,BID
492,1712453843.8494048,3026838.96524083,488.0,2.5997857076852722e-08,488.8,BID
493,1712453843.9436796,3028055.32187883,488.0,-1.4844149898737228e-07,488.8,ASK
494,1712453843.9491625,3028055.32187939,488.0,-6.836442470136251e-17,488.8,ASK
495,1712453850.9335754,3028055.32187939,488.0,-0.0,488.8,ASK
496,1712453854.923695,3028903.03093071,487.6,-1.0341136683707617e-07,488.8,ASK
497,1712453875.0142076,3028959.02713898,487.7,-6.830933827929171e-09,488.8,ASK
498,1712453880.6035624,3028959.02713898,487.7,-0.0,488.8,ASK
499,1712453884.770414,3030755.98210316,488.5,2.191973534038324e-07,488.8,BID
500,1712453894.393554,3030817.50794401,488.5,7.505085964376019e-09,488.8,BID
501,1712453899.223781,3030842.45659897,488.5,3.043303392243365e-09,488.8,BID
502,1712453910.5860977,3030842.45659897,488.5,0.0,488.8,BID
503,1712453913.5237377,3031251.87318034,488.5,4.9936120861761424e-08,488.8,BID
504,1712453917.424781,3031456.58147102,488.5,2.4968060430255946e-08,488.8,BID
505,1712453940.9435077,3031456.58147102,488.5,0.0,488.8,BID
506,1712453943.583828,3031520.52819055,488.1,-7.799230469577237e-09,488.8,ASK
507,1712453943.5887554,3031931.68913333,488.1,-5.014704392024982e-08,488.8,ASK
508,1712453966.0939188,3036744.64197819,487.9,-5.870094471169534e-07,488.8,ASK
509,1712453970.9237964,3036744.64197819,487.9,-0.0,488.8,ASK
510,1712454000.7258832,3036744.64197819,487.9,-0.0,488.8,ASK
511,1712454002.03372,3036765.13798146,487.9,-2.5069763746667348e-09,488.8,ASK
512,1712454002.0391796,3039857.68719188,487.9,-3.782663237231448e-07,488.8,ASK
513,1712454012.523633,3040185.62324435,487.9,-4.0111622012723296e-08,488.8,ASK
514,1712454025.7705584,3040271.01233699,487.9,-1.0444399089969532e-08,488.8,ASK
515,1712454025.7747097,3044326.26489107,487.9,-4.96019746503067e-07,488.8,ASK
516,1712454030.6330943,3044326.26489107,487.9,-0.0,488.8,ASK
517,1712454052.6434803,3044341.26489107,488.0,1.8339009055390761e-09,488.8,BID
518,1712454052.7837744,3044947.45344789,487.9,-7.411264955199379e-08,488.8,ASK
519,1712454052.7887452,3044973.43705444,488.0,-3.176757305403548e-09,488.8,ASK
520,1712454060.8935769,3044973.43705444,488.0,-0.0,488.8,ASK
521,1712454071.963836,3046331.45973291,487.9,-1.6602552527656905e-07,488.8,ASK
522,1712454071.9678807,3046474.48904144,487.9,-1.7486096848834142e-08,488.8,ASK
523,1712454076.0334983,3046474.48904219,487.9,-9.165662274539052e-17,488.8,ASK
524,1712454078.143607,3047386.14518866,487.9,1.1145483281604145e-07,488.8,BID
525,1712454078.2039163,3048378.38332902,487.9,1.2130641193583204e-07,488.8,BID
526,1712454078.243407,3050131.90654344,487.9,2.1437757805836882e-07,488.8,BID
527,1712454078.263522,3051144.31653971,487.9,1.2377252905325168e-07,488.8,BID
528,1712454078.3435965,3054268.41300979,487.9,3.8193747842558514e-07,488.8,BID
529,1712454078.3487604,3054411.53835639,487.9,1.7497838015810214e-08,488.8,BID
530,1712454080.980848,3055625.80931639,487.9,1.484511099543901e-07,488.8,BID
531,1712454081.0544505,3057485.92836398,487.9,2.274094879629675e-07,488.8,BID
532,1712454081.0582747,3061809.08412112,487.9,5.285288801216309e-07,488.8,BID
533,1712454081.0616972,3063358.39961718,487.9,1.894120938703732e-07,488.8,BID
534,1712454081.15765,3068940.52164718,487.9,6.82444230778672e-07,488.8,BID
535,1712454085.9550254,3070800.64069477,487.8,-2.274094879630244e-07,488.8,ASK
536,1712454085.960323,3074289.43834525,487.8,-4.265241455003618e-07,488.8,ASK
537,1712454090.923784,3074289.43834525,487.8,-0.0,488.8,ASK
538,1712454100.4545553,3074372.57605926,487.8,1.0146287890659686e-08,488.8,BID
539,1712454100.4601896,3074502.18338634,487.9,1.581752961282142e-08,488.8,BID
540,1712454114.0036676,3074512.43343758,487.9,1.250936136668199e-09,488.8,BID
541,1712454120.6336477,3074512.43343758,487.9,0.0,488.8,BID
542,1712454135.9737294,3074556.43722931,487.7,-5.3702368016121854e-09,488.8,ASK
543,1712454135.9838145,3078657.31891887,487.7,-5.004729115905682e-07,488.8,ASK
544,1712454135.987719,3091272.24413758,487.7,-1.539529504052356e-06,488.8,ASK
545,1712454136.0950131,3092329.97514532,487.7,-1.2908583012060877e-07,488.8,ASK
546,1712454136.1040938,3093565.77591193,487.7,-1.5081752038489317e-07,488.8,ASK
547,1712454136.1602244,3094114.07752986,487.7,-6.691490462988706e-08,488.8,ASK
548,1712454136.1910346,3104904.15555562,487.7,-1.316824569601565e-06,488.8,ASK
549,1712454136.2338946,3105904.15555562,487.3,-1.2204031949146685e-07,488.8,ASK
550,1712454136.2506292,3106109.36794962,487.3,-2.5044186127372562e-08,488.8,ASK
551,1712454136.3051517,3106109.36795044,487.3,-1.0007666546128368e-16,488.8,ASK
552,1712454137.363696,3106211.99520744,487.2,-1.2524663232835976e-08,488.8,ASK
553,1712454137.4901116,3106211.99520823,487.2,-9.63827510632238e-17,488.8,ASK
554,1712454137.4924836,3107646.71543778,487.2,1.7509371519518494e-07,488.8,BID
555,1712454140.6173174,3108076.94352053,487.4,5.2505172673010334e-08,488.8,BID
556,1712454140.6237226,3108502.34233778,487.3,5.191580756848693e-08,488.8,BID
557,1712454145.2638,3110553.20369955,487.6,2.502877758231106e-07,488.8,BID
558,1712454148.6939428,3111664.54471872,487.6,1.3562841304346612e-07,488.8,BID
559,1712454148.699569,3114216.36635998,487.6,3.114251283845885e-07,488.8,BID
560,1712454150.59247,3114216.36635998,487.6,0.0,488.8,BID
561,1712454162.4135427,3116561.71760236,487.1,-2.855526876277593e-07,488.8,ASK
562,1712454180.8834517,3116561.71760236,487.1,-0.0,488.8,ASK
563,1712454188.8536496,3116658.71748403,487.1,-1.1808348479124e-08,488.8,ASK
564,1712454188.9813857,3116861.19543399,487.1,-2.4648794939825332e-08,488.8,ASK
565,1712454210.9154625,3116861.19543399,487.1,-0.0,488.8,ASK
566,1712454239.8439572,3116876.19543399,487.1,-1.8260030708810838e-09,488.8,ASK
567,1712454240.565276,3116876.19543399,487.1,-0.0,488.8,ASK
568,1712454270.542413,3116876.19543399,487.1,-0.0,488.8,ASK
569,1712454300.6730757,3116876.19543399,487.1,-0.0,488.8,ASK
570,1712454310.6134768,3118486.89922807,487.9,1.9781443509671866e-07,488.8,BID
571,1712454310.6234095,3118516.71603247,487.9,3.6618739835901395e-09,488.8,BID
572,1712454330.600268,3118516.71603247,487.9,0.0,488.8,BID
573,1712454332.0235274,3119131.59613085,487.3,-7.550749210297918e-08,488.8,ASK
574,1712454333.4634817,3119543.19930079,487.3,-5.054501387463313e-08,488.8,ASK
575,1712454333.4660838,3126074.13333985,487.2,-8.020009944685131e-07,488.8,ASK
576,1712454333.4828124,3126094.66300521,487.1,-2.521050118736811e-09,488.8,ASK
577,1712454333.4853237,3126299.40474387,487.1,-2.5142357438049007e-08,488.8,ASK
578,1712454333.4878595,3126299.40474517,487.2,-1.5965596814443522e-16,488.8,ASK
579,1712454333.4903724,3126915.29470616,487.1,-7.563150358635007e-08,488.8,ASK
580,1712454333.4929364,3137590.72069671,487.1,-1.3109460621697296e-06,488.8,ASK
581,1712454333.4955013,3137694.14854282,487.1,-1.270097583895718e-08,488.8,ASK
582,1712454333.4980288,3138320.69577074,487.0,-7.694021970947334e-08,488.8,ASK
583,1712454333.5005972,3139733.95341803,487.1,-1.735485355981114e-07,488.8,ASK
584,1712454333.503146,3145046.75731785,487.0,-6.524141854118399e-07,488.8,ASK
585,1712454333.507692,3145046.75731945,487.0,-1.9648205821786511e-16,488.8,ASK
586,1712454360.9238937,3145046.75731945,487.0,-0.0,488.8,ASK
587,1712454373.0640163,3146658.69878198,487.0,-1.9763334273377866e-07,488.8,ASK
588,1712454373.0695777,3146687.27791793,487.0,-3.503967297497822e-09,488.8,ASK
589,1712454390.9036283,3146687.27791793,487.0,-0.0,488.8,ASK
590,1712454407.8334887,3146716.72186043,487.0,-3.609644001869239e-09,488.8,ASK
591,1712454407.8434362,3146811.03793845,487.0,-1.156256385505312e-08,488.8,ASK
592,1712454420.6138194,3146811.03793845,487.0,-0.0,488.8,ASK
593,1712454430.0235264,3146826.03793845,486.9,-1.8388930070382755e-09,488.8,ASK
594,1712454439.374509,3147387.20026756,486.9,-6.879449885422778e-08,488.8,ASK
595,1712454439.3813326,3147842.36951169,486.9,-5.5800502669987713e-08,488.8,ASK
596,1712454439.5772324,3149872.19004076,486.9,-2.4884151842999696e-07,488.8,ASK
597,1712454439.8063996,3151760.76663248,486.9,-2.31526019184657e-07,488.8,ASK
598,1712454439.8510256,3157952.02082348,486.9,-7.590036024417561e-07,488.8,ASK
599,1712454439.934124,3158412.78210897,486.8,-5.648604705342178e-08,488.8,ASK
600,1712454439.9386852,3158443.7946372,486.9,-3.801914752844655e-09,488.8,ASK
601,1712454439.9460237,3158567.02322623,486.9,-1.5106946042295247e-08,488.8,ASK
602,1712454439.9486442,3159426.65346452,486.8,-1.0538453558866838e-07,488.8,ASK
603,1712454439.9513187,3163436.94194387,486.9,-4.9163276272553e-07,488.8,ASK
604,1712454439.954042,3163539.65352973,486.8,-1.2591707798679685e-08,488.8,ASK
605,1712454440.5334885,3164153.39666082,486.8,-7.524053012527299e-08,488.8,ASK
606,1712454445.3167188,3164153.39666083,486.8,-1.1988217988301001e-18,488.8,ASK
607,1712454450.6371186,3164153.39666083,486.8,-0.0,488.8,ASK
608,1712454452.4434662,3164358.94650666,486.5,-2.5172887262631324e-08,488.8,ASK
609,1712454452.4547005,3165476.72163627,486.5,-1.3688955692972036e-07,488.8,ASK
610,1712454452.4574387,3165682.22924005,486.6,-2.516771404363716e-08,488.8,ASK
611,1712454452.4600675,3165887.14727283,486.5,-2.509551158462621e-08,488.8,ASK
612,1712454452.4836905,3165887.14727414,486.5,-1.6041897682432655e-16,488.8,ASK
613,1712454463.813912,3165907.71494176,486.2,-2.518841968327297e-09,488.8,ASK
614,1712454463.8165522,3166010.59560019,486.0,-1.2599392647104462e-08,488.8,ASK
615,1712454463.819895,3166134.00160594,486.2,-1.5113051813442477e-08,488.8,ASK
616,1712454463.8241222,3175554.06108165,486.0,-1.153637913138447e-06,488.8,ASK
617,1712454463.8275466,3175656.89941978,486.2,-1.2594209845115181e-08,488.8,ASK
618,1712454466.123675,3176156.89941978,486.5,-6.123304826859799e-08,488.8,ASK
619,1712454469.7337646,3176203.90512345,486.0,-5.756605043445706e-09,488.8,ASK
620,1712454469.739299,3176617.98350781,486.0,-5.0710563393034464e-08,488.8,ASK
621,1712454470.4163053,3178478.1025554,486.0,-2.2780151885284202e-07,488.8,ASK
622,1712454470.424163,3179632.40679968,486.1,-1.4136313501327256e-07,488.8,ASK
623,1712454470.4287772,3180737.66447049,486.0,-1.3535659261189145e-07,488.8,ASK
624,1712454470.4332323,3182469.97588659,486.1,-2.1214941711656225e-07,488.8,ASK
625,1712454470.4376435,3182556.62186401,486.0,-1.0611194635310086e-08,488.8,ASK
626,1712454470.5363717,3185410.76043887,486.0,3.495352102393469e-07,488.8,BID
627,1712454470.5434222,3185410.76043888,486.0,1.1975821234663557e-18,488.8,BID
628,1712454473.5135036,3186894.54154601,486.0,1.8171288030584946e-07,488.8,BID
629,1712454473.854344,3188285.58633394,486.0,1.703558252861814e-07,488.8,BID
630,1712454475.078648,3191182.51802118,486.0,3.5477591567119866e-07,488.8,BID
631,1712454475.1334343,3193324.25967685,486.0,2.622907403610292e-07,488.8,BID
632,1712454480.943508,3193324.25967685,486.0,0.0,488.8,BID
633,1712454484.6936395,3195048.02295602,486.5,2.1073663971421922e-07,488.8,BID
634,1712454485.9821627,3198104.58212802,486.5,3.736760243001392e-07,488.8,BID
635,1712454485.9875724,3198104.58212892,486.5,1.1004350492679528e-16,488.8,BID
636,1712454490.3739493,3198310.38579222,485.9,-2.5160283299207228e-08,488.8,ASK
637,1712454490.3804624,3201941.07580596,485.9,-4.438657109042701e-07,488.8,ASK
638,1712454506.6134956,3202717.93663396,486.4,9.497420115426577e-08,488.8,BID
639,1712454508.1038516,3233109.93663396,485.9,-3.715537992709456e-06,488.8,ASK
640,1712454508.108508,3234767.60854775,485.9,-2.026567180552227e-07,488.8,ASK
641,1712454510.9410565,3234767.60854775,485.9,-0.0,488.8,ASK
642,1712454518.063758,3237912.40276906,485.9,3.8351877184511307e-07,488.8,BID
643,1712454518.0700428,3238997.55747679,485.9,1.3233845252911472e-07,488.8,BID
644,1712454518.0837042,3244153.63225081,485.9,6.288015449386002e-07,488.8,BID
645,1712454520.3935688,3245719.76546862,485.9,1.909954820478539e-07,488.8,BID
646,1712454521.2134988,3247285.89868626,485.9,1.9099548202706905e-07,488.8,BID
647,1712454523.7438629,3250004.25120471,485.9,3.31512698749412e-07,488.8,BID
648,1712454523.74924,3250387.59969987,485.9,4.6750704086222426e-08,488.8,BID
649,1712454540.6163323,3250387.59969987,485.9,0.0,488.8,BID
650,1712454541.75449,3252737.16121687,486.1,2.862723595594736e-07,488.8,BID
651,1712454541.8334897,3252737.16121775,486.1,1.0723203202862376e-16,488.8,BID
652,1712454541.8387766,3263330.58202975,486.1,1.2907104366989148e-06,488.8,BID
653,1712454542.5135033,3263330.58202993,486.4,2.190029860478771e-17,488.8,BID
654,1712454564.733689,3265352.36136011,486.7,2.463351289896335e-07,488.8,BID
655,1712454564.8534942,3273123.53733692,486.7,9.468459826811002e-07,488.8,BID
656,1712454565.4137414,3273331.14667328,486.8,2.5295279206911463e-08,488.8,BID
657,1712454570.6062844,3273331.14667328,486.8,0.0,488.8,BID
658,1712454600.648603,3273331.14667328,486.8,0.0,488.8,BID
659,1712454602.6435058,3273433.85825828,486.8,-1.2546174900551822e-08,488.8,ASK
660,1712454603.9334197,3273433.85825914,486.8,-1.0505795342199908e-16,488.8,ASK
661,1712454604.054084,3273531.82871614,486.8,1.1967048202047298e-08,488.8,BID
662,1712454604.0593884,3273633.85825828,486.8,1.2462863665400286e-08,488.8,BID
663,1712454604.06419,3279712.89342949,487.0,7.42551470552107e-07,488.8,BID
664,1712454610.5435617,3285221.43078967,487.0,6.728654140322978e-07,488.8,BID
665,1712454610.763734,3287849.85617967,487.1,3.210610045199914e-07,488.8,BID
666,1712454616.7135704,3289905.44920024,487.1,2.510897827191092e-07,488.8,BID
667,1712454626.933569,3292566.14726924,487.1,3.250030980554458e-07,488.8,BID
668,1712454626.9785898,3292566.14726991,487.1,8.185078233581843e-17,488.8,BID
669,1712454629.7659094,3296697.55029004,487.1,5.046490605235977e-07,488.8,BID
670,1712454629.769746,3296712.55029004,487.2,1.8322433979379154e-09,488.8,BID
671,1712454630.613462,3296712.55029004,487.2,0.0,488.8,BID
672,1712454651.7039242,3299242.51238159,487.0,-3.086044812961262e-07,488.8,ASK
673,1712454660.8934612,3299242.51238159,487.0,-0.0,488.8,ASK
674,1712454661.2887945,3300410.61086292,487.0,-1.4246310588505385e-07,488.8,ASK
675,1712454661.29192,3300910.61086292,487.0,-6.098077694734869e-08,488.8,ASK
676,1712454663.7942011,3301163.42876478,487.0,3.083406416324164e-08,488.8,BID
677,1712454664.0133622,3301714.77989414,487.0,6.724364047834573e-08,488.8,BID
678,1712454667.8737416,3303026.14617217,487.0,1.5993626899364189e-07,488.8,BID
679,1712454670.8036935,3306907.84672669,486.9,4.734182313831545e-07,488.8,BID
680,1712454670.8837202,3307524.11624169,486.8,-7.516118766730932e-08,488.8,ASK
681,1712454670.9034874,3307524.11624189,486.8,-2.4420892901122508e-17,488.8,ASK
682,1712454677.177224,3307751.73793012,486.9,2.7761094796660665e-08,488.8,BID
683,1712454682.5435636,3307956.58492128,486.9,2.4983457352521225e-08,488.8,BID
684,1712454687.8637943,3308417.56273557,486.8,5.622157054181486e-08,488.8,BID
685,1712454689.5137794,3310596.13088714,486.8,2.6570155703096666e-07,488.8,BID
686,1712454689.5216928,3310991.433873,486.9,4.8211766414703433e-08,488.8,BID
687,1712454690.9237945,3310991.433873,486.9,0.0,488.8,BID
688,1712454697.0238533,3313867.35827727,486.8,3.505076622795362e-07,488.8,BID
689,1712454697.1240044,3317188.53840321,486.8,4.047738807821715e-07,488.8,BID
690,1712454697.130069,3317779.97205127,486.9,7.208187568040426e-08,488.8,BID
691,1712454698.5539389,3318471.18174525,486.9,8.424223307891748e-08,488.8,BID
692,1712454704.4939058,3318816.61407221,486.9,4.210009039837565e-08,488.8,BID
693,1712454709.6934538,3318989.24500258,486.9,2.103965728417348e-08,488.8,BID
694,1712454715.4134908,3319161.70341293,486.9,2.101863114431058e-08,488.8,BID
695,1712454720.6826005,3319161.70341293,486.9,0.0,488.8,BID
696,1712454731.1436143,3320242.90489167,486.9,1.3170922756489406e-07,488.8,BID
697,1712454745.4237392,3320263.44298984,486.9,2.501899136106257e-09,488.8,BID
698,1712454750.6209495,3320263.44298984,486.9,0.0,488.8,BID
699,1712454773.6960914,3338653.97800729,486.9,2.240142041005487e-06,488.8,BID
700,1712454780.6343071,3338694.67687676,486.5,-4.957509307626243e-09,488.8,ASK
701,1712454780.9369874,3338694.67687676,486.5,-0.0,488.8,ASK
702,1712454791.4238205,3338720.67687676,486.5,-3.163588998250592e-09,488.8,ASK
703,1712454795.963847,3339270.6275448,486.5,-6.691607242273302e-08,488.8,ASK
704,1712454795.9669433,3340032.28620453,486.5,-9.267595985940217e-08,488.8,ASK
705,1712454795.9699411,3341134.14761639,486.5,-1.340706400060705e-07,488.8,ASK
706,1712454796.067159,3342347.04274635,486.9,1.475808341989721e-07,488.8,BID
707,1712454796.0739756,3342541.25795339,486.8,2.3631426626315853e-08,488.8,BID
708,1712454810.9235852,3342541.25795339,486.8,0.0,488.8,BID
709,1712454824.063547,3342687.42838088,487.0,1.7781455984210064e-08,488.8,BID
710,1712454824.0737376,3342720.74505473,487.0,4.052933139622884e-09,488.8,BID
711,1712454824.0789962,3349345.16326939,486.9,8.058524759600102e-07,488.8,BID
712,1712454824.2837596,3349845.16326938,486.8,6.082439618326919e-08,488.8,BID
713,1712454824.4035523,3349845.16326939,486.8,1.1895897983327833e-18,488.8,BID
714,1712454840.6034565,3349845.16326939,486.8,0.0,488.8,BID
715,1712454870.6316526,3349845.16326939,486.8,0.0,488.8,BID
716,1712454899.2935388,3349845.16327053,487.0,1.3861221686483715e-16,488.8,BID
717,1712454899.3038294,3349910.1279044,487.2,7.899451857507224e-09,488.8,BID
718,1712454900.6092596,3349910.1279044,487.2,0.0,488.8,BID
719,1712454902.07376,3350439.67344228,486.8,-6.45701929019447e-08,488.8,ASK
720,1712454902.079846,3350645.054424,486.9,-2.5043152400365435e-08,488.8,ASK
721,1712454902.1364462,3352218.98467962,486.8,-1.919173573372035e-07,488.8,ASK
722,1712454902.554358,3353798.62196,486.8,-1.92613244023663e-07,488.8,ASK
723,1712454902.6426215,3354223.97232079,486.8,-5.186514262225576e-08,488.8,ASK
724,1712454902.6456034,3354323.97232079,486.8,-1.2193510903799672e-08,488.8,ASK
725,1712454930.6234777,3354323.97232079,486.8,-0.0,488.8,ASK
726,1712454935.58379,3354338.97232079,486.9,-1.828547556969282e-09,488.8,ASK
727,1712454960.9287367,3354338.97232079,486.9,-0.0,488.8,ASK
728,1712454976.6760433,3354381.7490425,487.2,5.2146133558427264e-09,488.8,BID
729,1712454983.5538995,3354403.9369558,487.2,2.704774569150185e-09,488.8,BID
730,1712454983.5607803,3354408.7681045,487.4,5.889318192177284e-10,488.8,BID
731,1712454983.565741,3354586.89894761,487.2,2.1714695199611283e-08,488.8,BID
732,1712454989.2839687,3354777.32211934,486.9,-2.32131676966459e-08,488.8,ASK
733,1712454989.2907755,3357116.36945557,486.9,-2.8513703229011784e-07,488.8,ASK
734,1712454990.904219,3357116.36945557,486.9,-0.0,488.8,ASK
735,1712455007.253834,3359616.36945557,487.0,-3.0470742061722215e-07,488.8,ASK
736,1712455020.859237,3359616.36945557,487.0,-0.0,488.8,ASK
737,1712455040.056805,3359716.36945557,486.9,-1.2186488441034232e-08,488.8,ASK
738,1712455040.059822,3361939.62270892,486.9,-2.709365007344195e-07,488.8,ASK
739,1712455045.9474535,3362483.27329741,487.2,-6.625191612595683e-08,488.8,ASK
740,1712455050.6181417,3362483.27329741,487.2,-0.0,488.8,ASK
741,1712455051.509803,3364443.58130264,486.6,-2.388520724394645e-07,488.8,ASK
742,1712455080.9279668,3364443.58130264,486.6,-0.0,488.8,ASK
743,1712455083.3837466,3364464.13206301,486.9,2.5036990384169556e-09,488.8,BID
744,1712455092.1437695,3364579.73424004,486.9,1.4083812679554265e-08,488.8,BID
745,1712455102.7538416,3364674.50227262,486.6,-1.1545588959895472e-08,488.8,ASK
746,1712455102.7605476,3364776.37794319,486.6,-1.2411512462552874e-08,488.8,ASK
747,1712455103.7769284,3364845.60598752,486.9,8.434052312536911e-09,488.8,BID
748,1712455104.4539285,3364845.60598779,486.9,-3.2904277206523685e-17,488.8,ASK
749,1712455104.460787,3365803.28285179,486.9,-1.16673767800859e-07,488.8,ASK
750,1712455110.915618,3365803.28285179,486.9,-0.0,488.8,ASK
751,1712455114.198295,3365823.28285179,486.9,2.4364034117252317e-09,488.8,BID
752,1712455114.2013924,3366008.58771732,487.1,2.257387032929972e-08,488.8,BID
753,1712455114.8235714,3366388.51791645,487.1,4.628316166888559e-08,488.8,BID
754,1712455125.4939332,3366492.51134695,487.1,1.2668497443407367e-08,488.8,BID
755,1712455126.1538074,3366592.51134695,486.9,-1.2182017058626158e-08,488.8,ASK
756,1712455140.6357336,3366592.51134695,486.9,-0.0,488.8,ASK
757,1712455170.827568,3366592.51134695,486.9,-0.0,488.8,ASK
758,1712455178.553978,3366633.71447838,486.6,-5.019137459316876e-09,488.8,ASK
759,1712455201.361732,3366633.71447838,486.6,-0.0,488.8,ASK
760,1712455209.3744466,3366823.13555842,487.4,2.3146900493805094e-08,488.8,BID
761,1712455209.3816843,3366838.88476972,487.4,1.924524064292075e-09,488.8,BID
762,1712455221.76357,3367063.0292096,487.4,2.7390029900827363e-08,488.8,BID
763,1712455226.944213,3367312.3493976,486.9,-3.046645907376033e-08,488.8,ASK
764,1712455227.724016,3367517.51968894,487.4,2.5071424558097167e-08,488.8,BID
765,1712455230.9239647,3367517.51968894,487.4,0.0,488.8,BID
766,1712455247.81365,3368752.14222309,487.4,1.5086061781814092e-07,488.8,BID
767,1712455247.819208,3369569.22260235,487.4,9.984043496109165e-08,488.8,BID
768,1712455260.6073475,3369569.22260235,487.4,0.0,488.8,BID
769,1712455263.3537211,3369569.2226033,486.9,-1.1606169810723354e-16,488.8,ASK
770,1712455263.357461,3369584.22260235,486.9,-1.8326513460294527e-09,488.8,ASK
771,1712455263.8935018,3369994.56318503,487.4,5.0134084586917233e-08,488.8,BID
772,1712455264.095638,3370747.74637193,487.4,-9.202148457963473e-08,488.8,ASK
773,1712455265.8838422,3372657.67561732,487.4,-2.333489749369753e-07,488.8,ASK
774,1712455265.8917704,3374132.33340303,486.9,-1.8016891647102898e-07,488.8,ASK
775,1712455290.6323426,3374132.33340303,486.9,-0.0,488.8,ASK
776,1712455292.353812,3374142.5897607,487.6,1.252748298567618e-09,488.8,BID
777,1712455308.473817,3374520.90667367,487.2,-4.620898415396349e-08,488.8,ASK
778,1712455308.4777727,3374726.16118926,487.2,-2.5070522446311133e-08,488.8,ASK
779,1712455308.481557,3375136.9231527,487.2,-5.017193894568999e-08,488.8,ASK
780,1712455320.9543457,3375136.9231527,487.2,-0.0,488.8,ASK
781,1712455328.0839958,3375342.21980636,487.1,-2.5074170357585465e-08,488.8,ASK
782,1712455328.0904577,3375625.9685227,487.1,-3.465601375089271e-08,488.8,ASK
783,1712455330.3938413,3380356.64408738,487.0,-5.777871334020233e-07,488.8,ASK
784,1712455330.4007175,3380569.46390115,487.0,-2.5993021175990123e-08,488.8,ASK
785,1712455330.4064617,3380569.4639017,487.1,-6.716835833383625e-17,488.8,ASK
786,1712455330.416504,3380569.46390312,487.0,-1.7340925026237655e-16,488.8,ASK
787,1712455330.4739325,3381728.12831059,486.9,-1.4151496491654106e-07,488.8,ASK
788,1712455330.4806874,3382797.09755396,486.9,-1.305599308972032e-07,488.8,ASK
789,1712455331.7142494,3383074.19225396,486.8,-3.384331692266569e-08,488.8,ASK
790,1712455331.9936726,3383382.15547565,486.7,-3.761348344877443e-08,488.8,ASK
791,1712455332.0020378,3383484.88816488,486.7,-1.2547388888850497e-08,488.8,ASK
792,1712455332.0156455,3383484.88816496,486.8,-9.725477794314985e-18,488.8,ASK
793,1712455332.0335736,3383484.88816527,486.7,-3.7878176672595203e-17,488.8,ASK
794,1712455351.1447573,3383484.88816527,486.7,-0.0,488.8,ASK
795,1712455355.7863345,3383514.70496968,486.7,-3.6399064832136125e-09,488.8,ASK
796,1712455358.1135163,3383529.70496968,486.7,-1.8311351041350683e-09,488.8,ASK
797,1712455364.6441827,3383644.57482968,486.7,-1.4022815536869248e-08,488.8,ASK
798,1712455366.0639484,3383644.57483056,486.7,-1.0743877995806683e-16,488.8,ASK
799,1712455380.615715,3383644.57483056,486.7,-0.0,488.8,ASK
800,1712455383.4855208,3383764.31953982,486.7,-1.4617777355502101e-08,488.8,ASK
801,1712455391.0437112,3385505.47836455,486.7,2.125511197763779e-07,488.8,BID
802,1712455391.0836797,3385916.40912271,486.7,5.016417316841492e-08,488.8,BID
803,1712455397.4037414,3386275.404397,486.7,4.382417414252045e-08,488.8,BID
804,1712455402.9136443,3387847.90056497,486.7,1.919617076850268e-07,488.8,BID
805,1712455403.0537615,3388014.82233897,486.7,-2.0376894671996497e-08,488.8,ASK
806,1712455410.6218362,3388014.82233897,486.7,-0.0,488.8,ASK
807,1712455421.0838408,3388356.81207202,487.0,4.173739372077759e-08,488.8,BID
808,1712455426.1439674,3388356.8120726,486.7,-7.075412163066021e-17,488.8,ASK
809,1712455426.1493237,3390046.25598408,486.6,-2.061845104931543e-07,488.8,ASK
810,1712455426.153505,3390146.25598408,486.6,-1.2204282669112118e-08,488.8,ASK
811,1712455426.2238247,3409179.43213335,486.6,-2.322862618166944e-06,488.8,ASK
812,1712455426.3238428,3409417.77347362,486.5,-2.9087850883888146e-08,488.8,ASK
813,1712455426.3372931,3409497.77347291,486.5,-9.763426048623e-09,488.8,ASK
814,1712455426.340722,3409908.25363735,486.5,-5.0096159568936415e-08,488.8,ASK
815,1712455426.3863163,3409908.25363806,486.5,-8.660986455030213e-17,488.8,ASK
816,1712455426.389751,3409999.87993329,486.4,-1.118233206914728e-08,488.8,ASK
817,1712455426.3936162,3410305.47203856,486.4,-3.7295324341629e-08,488.8,ASK
818,1712455432.7136867,3410511.10642063,486.3,-2.5096201252709963e-08,488.8,ASK
819,1712455433.273772,3410716.7830969,486.2,-2.510136295643598e-08,488.8,ASK
820,1712455439.844154,3410716.78309748,486.1,-7.075412163066021e-17,488.8,ASK
821,1712455439.8512628,3411333.94006048,486.1,-7.531958027663675e-08,488.8,ASK
822,1712455440.9353344,3411333.94006048,486.1,-0.0,488.8,ASK
823,1712455470.9040043,3411333.94006048,486.1,-0.0,488.8,ASK
824,1712455485.084055,3415276.42758487,486.0,-4.804869563450365e-07,488.8,ASK
825,1712455486.583716,3415688.3110712,486.1,5.0197912229573407e-08,488.8,BID
826,1712455498.4839375,3415700.62414227,486.8,1.500643947558209e-09,488.8,BID
827,1712455500.6097095,3415700.62414227,486.8,0.0,488.8,BID
828,1712455510.3426871,3424096.94570127,486.8,-1.0283720738317175e-06,488.8,ASK
829,1712455510.3462367,3424096.94570211,486.8,-1.0288874728078975e-16,488.8,ASK
830,1712455525.4336672,3428499.12296011,486.7,-5.391737470240243e-07,488.8,ASK
831,1712455525.4396858,3431801.02079111,486.7,-4.044127533927277e-07,488.8,ASK
832,1712455525.457163,3432326.71822082,486.7,-6.43868332340697e-08,488.8,ASK
833,1712455530.5851605,3432326.71822082,486.7,-0.0,488.8,ASK
834,1712455558.4665556,3432593.95980989,486.7,3.26990399061603e-08,488.8,BID
835,1712455558.5439365,3432943.11435789,486.7,-4.27217131068944e-08,488.8,ASK
836,1712455558.551165,3432943.11435807,486.7,-2.1993198546675488e-17,488.8,ASK
837,1712455560.9137588,3432943.11435807,486.7,-0.0,488.8,ASK
838,1712455573.0996397,3433196.56069097,487.1,3.1009947155950244e-08,488.8,BID
839,1712455590.888976,3433196.56069097,487.1,0.0,488.8,BID
840,1712455620.5846038,3433196.56069097,487.1,0.0,488.8,BID
841,1712455621.0037425,3434838.25015815,486.1,-2.008627786387796e-07,488.8,ASK
842,1712455621.0121615,3435724.58373397,486.1,-1.084440318337306e-07,488.8,ASK
843,1712455628.3738463,3435946.68006393,487.1,2.7173766326147883e-08,488.8,BID
844,1712455628.380017,3436340.47369496,487.1,4.818114784817244e-08,488.8,BID
845,1712455635.6946251,3437601.25998114,487.1,1.542587936235987e-07,488.8,BID
846,1712455637.8435016,3437662.84897723,487.1,7.535491416326731e-09,488.8,BID
847,1712455641.528522,3438922.37474196,487.1,1.5410456723300622e-07,488.8,BID
848,1712455650.6237905,3438922.37474196,487.1,0.0,488.8,BID
849,1712455660.5538108,3439060.94228455,487.0,1.6948135560388055e-08,488.8,BID
850,1712455673.2039645,3439102.51682253,487.0,5.084963566307427e-09,488.8,BID
851,1712455680.9337857,3439102.51682253,487.0,0.0,488.8,BID
852,1712455685.13413,3439792.94036493,486.2,-8.444449555766167e-08,488.8,ASK
853,1712455685.1417775,3444811.35959358,486.2,-6.137940760061484e-07,488.8,ASK
854,1712455690.596013,3444922.54032358,487.0,1.3598320572846888e-08,488.8,BID
855,1712455690.5995724,3447027.95435146,487.0,2.575095062754552e-07,488.8,BID
856,1712455691.453867,3447069.02211327,487.2,5.022926097907639e-09,488.8,BID
857,1712455697.6238298,3447084.02211327,487.5,1.834623757124545e-09,488.8,BID
858,1712455705.4837887,3447099.54914747,487.6,1.899084388042145e-09,488.8,BID
859,1712455705.4916542,3448767.57165834,487.6,2.040129150573629e-07,488.8,BID
860,1712455706.5141892,3449729.78594134,487.9,1.176867455357833e-07,488.8,BID
861,1712455710.9699202,3449729.78594134,487.9,0.0,488.8,BID
862,1712455722.9937823,3450523.96951422,487.9,9.707378703090817e-08,488.8,BID
863,1712455726.5106993,3450626.44953061,487.9,1.2526226461569806e-08,488.8,BID
864,1712455727.6783168,3452626.44953061,487.9,2.444618356405536e-07,488.8,BID
865,1712455740.6340854,3452626.44953061,487.9,0.0,488.8,BID
866,1712455770.6039157,3452626.44953061,487.9,0.0,488.8,BID
867,1712455776.4938543,3456500.1941504,487.9,4.734095802994756e-07,488.8,BID
868,1712455787.2338336,3457402.01829469,487.9,1.1021175414386161e-07,488.8,BID
869,1712455787.5336618,3457422.59865469,487.9,2.5151218126894987e-09,488.8,BID
870,1712455787.543645,3463012.11204669,487.9,6.830933498988546e-07,488.8,BID
871,1712455797.5337644,3463894.69729397,487.9,1.0786057226348601e-07,488.8,BID
872,1712455800.6357577,3463894.69729397,487.9,0.0,488.8,BID
873,1712455801.1435714,3468186.69729397,487.9,5.282499367779125e-07,488.8,BID
874,1712455801.1708713,3468391.82250305,487.9,2.5246360374672725e-08,488.8,BID
875,1712455801.1764903,3474907.69729397,487.9,8.019595634567229e-07,488.8,BID
1076,1712455801.2487142,3475338.90207078,488.0,5.3071737206017053e-08,488.8,BID
876,1712455801.2487142,3475338.90207078,488.0,5.307173720601705e-08,488.8,BID
877,1712455801.2602713,3475339.25522619,487.9,4.346559254602584e-11,488.8,BID
1078,1712455801.2652168,3475683.05044938,488.0,4.231356125690986e-08,488.8,BID
878,1712455801.2652168,3475683.05044938,488.0,4.2313561256909864e-08,488.8,BID
879,1712455801.2735937,3475698.05044938,488.0,1.8461670670243915e-09,488.8,BID
880,1712455814.4338317,3475721.10763391,488.2,2.8378276491673223e-09,488.8,BID
881,1712455815.2642295,3475741.68801391,488.4,2.5329879854872714e-09,488.8,BID
882,1712455815.2774966,3475962.63926049,488.5,2.71941943236122e-08,488.8,BID
883,1712455815.2809763,3475965.10763391,488.2,3.03801981163967e-10,488.8,BID
884,1712455816.2637732,3476056.10763391,488.5,1.1200080206614641e-08,488.8,BID
885,1712455816.8540084,3476269.10763391,488.5,2.6215572351746363e-08,488.8,BID
886,1712455817.3338914,3476569.10763391,488.5,3.692334134048784e-08,488.8,BID
887,1712455818.0339367,3476585.10763391,488.5,1.9692448714926843e-09,488.8,BID
888,1712455818.0957856,3480604.58850373,488.5,4.94708880559734e-07,488.8,BID
889,1712455818.1031113,3481041.93486011,488.5,5.3827629335433254e-08,488.8,BID
1089,1712455818.1031113,3481041.93486011,488.5,5.382762933543325e-08,488.8,BID
890,1712455818.333591,3481341.93486011,488.5,3.692334134048784e-08,488.8,BID
891,1712455818.3566377,3482651.67141059,488.5,1.6119949906496938e-07,488.8,BID
892,1712455818.3623178,3483142.05920948,488.5,6.03558536254206e-08,488.8,BID
893,1712455818.368599,3485187.8857234,488.8,2.5179583565629224e-07,488.8,BID
894,1712455818.3745506,3485290.53405023,488.6,1.2633730698581029e-08,488.8,BID
895,1712455818.3779938,3485494.50435519,489.0,2.5104217311194992e-08,489.0,BID
896,1712455818.381503,3485514.50435519,488.8,2.4615560893658553e-09,489.0,BID
897,1712455818.3849669,3487559.49413025,489.0,2.5169285167451856e-07,489.0,BID
898,1712455818.388439,3487584.76443262,488.7,3.1102133339156438e-09,489.0,BID
899,1712455818.3918748,3487730.93486011,488.8,1.7990335293664154e-08,489.0,BID
900,1712455818.395334,3487913.93486011,489.0,2.252323821769757e-08,489.0,BID
901,1712455818.647426,3488333.70688645,489.0,5.166461937913497e-08,489.0,BID
902,1712455818.651029,3488596.38532758,489.0,3.2329885815445234e-08,489.0,BID
903,1712455818.9595714,3488723.04216358,489.0,-1.5588645295813996e-08,489.0,ASK
904,1712455819.4137352,3489336.28827969,489.2,7.547698556948445e-08,489.2,BID
905,1712455819.5437586,3489877.59169569,489.2,-6.66224359924932e-08,489.2,ASK
906,1712455819.550773,3489877.59169611,489.2,-5.169593711867932e-17,489.2,ASK
907,1712455826.8073158,3489918.45806308,489.4,5.02974272324927e-09,489.4,BID
908,1712455827.6966157,3489918.45806394,489.0,-1.058563146986704e-16,489.4,ASK
909,1712455830.6010249,3489918.45806394,489.0,-0.0,489.4,ASK
910,1712455837.2642014,3491778.57711152,489.0,2.2858182903270266e-07,489.4,BID
911,1712455837.2713685,3491840.51792334,489.0,7.61163328555911e-09,489.4,BID
912,1712455837.2882817,3497425.72543179,488.9,6.863415271564115e-07,489.4,BID
913,1712455837.292293,3499935.50918868,489.0,3.084162609768857e-07,489.4,BID
914,1712455853.03046,3504049.50918868,489.3,5.055513225694147e-07,489.4,BID
915,1712455853.0401294,3506028.11871762,489.4,2.431426018969738e-07,489.4,BID
916,1712455853.043633,3506640.98899342,489.5,7.531292622605626e-08,489.5,BID
917,1712455853.0471468,3508442.41677391,489.5,2.2136951797282242e-07,489.5,BID
918,1712455853.0506444,3537547.14231937,489.6,3.5765514080036656e-06,489.6,BID
919,1712455853.0541544,3542668.30960773,489.4,6.293176703280214e-07,489.6,BID
920,1712455853.058253,3542679.30960773,489.5,1.351741504196296e-09,489.6,BID
921,1712455860.347916,3542694.30960773,489.0,1.843283869358585e-09,489.6,BID
922,1712455860.35166,3585383.21461283,489.5,5.245851333098811e-06,489.6,BID
923,1712455860.926131,3585383.21461283,489.5,0.0,489.6,BID
924,1712455876.1939352,3585587.50470476,489.5,2.49609845718052e-08,489.6,BID
925,1712455878.4840446,3586286.27087475,489.5,8.537805932555256e-08,489.6,BID
926,1712455878.4906912,3587865.29721696,489.7,1.929317853550149e-07,489.7,BID
927,1712455878.49726,3591951.09905558,489.5,4.992196914386073e-07,489.7,BID
928,1712455878.5013702,3622353.68363269,489.7,3.7147099861917778e-06,489.7,BID
929,1712455878.5050888,3623704.75446806,489.7,1.6507926526682337e-07,489.7,BID
930,1712455878.5438626,3637149.00518346,489.7,-1.6426725912955187e-06,489.7,ASK
931,1712455878.5478184,3674340.22672146,489.7,-4.54417293685926e-06,489.7,ASK
932,1712455878.5529876,3676296.62273833,489.7,-2.390403290345585e-07,489.7,ASK
933,1712455878.5636811,3689766.76201488,489.7,-1.6458357597553126e-06,489.7,ASK
934,1712455878.9096315,3691356.76201488,488.8,-1.942725909721439e-07,489.7,ASK
935,1712455890.9440632,3691356.76201488,488.8,-0.0,489.7,ASK
936,1712455914.0617716,3694336.34611887,487.7,-3.617638085378992e-07,489.7,ASK
937,1712455914.0659037,3694421.11339383,487.7,-1.0291950540285222e-08,489.7,ASK
938,1712455920.6283932,3694421.11339383,487.7,-0.0,489.7,ASK
939,1712455950.6472943,3694421.11339383,487.7,-0.0,489.7,ASK
940,1712455952.4038315,3694436.11339383,487.8,-1.8208825386537823e-09,489.7,ASK
941,1712455953.0537024,3694446.54710905,488.6,1.2665713238347307e-09,489.7,BID
942,1712455974.743861,3695060.54629005,488.6,-7.453469249532445e-08,489.7,ASK
943,1712455974.7520957,3695060.54629038,488.6,-4.007809236352431e-17,489.7,ASK
944,1712455980.939669,3695060.54629038,488.6,-0.0,489.7,ASK
945,1712455986.324048,3695636.77009538,488.5,-6.994640496064723e-08,489.7,ASK
946,1712455986.3554494,3695729.71835736,488.5,-1.1282763253486704e-08,489.7,ASK
947,1712455994.0937274,3695926.36206051,487.9,-2.3870100426510897e-08,489.7,ASK
948,1712455994.4540026,3696642.33645153,488.6,8.69103883962664e-08,489.7,BID
949,1712456001.186757,3698895.51245924,488.6,2.7350755056513665e-07,489.7,BID
950,1712456001.1948526,3699107.15616239,488.6,2.5690913911315773e-08,489.7,BID
951,1712456001.2002883,3702781.57623456,488.7,4.460289077496521e-07,489.7,BID
952,1712456002.963888,3702968.11651326,488.7,2.2643670327769843e-08,489.7,BID
953,1712456010.9232786,3702968.11651326,488.7,0.0,489.7,BID
954,1712456030.1539912,3703172.82480395,488.0,-2.483739184874136e-08,489.7,ASK
955,1712456040.5957134,3703172.82480395,488.0,-0.0,489.7,ASK
956,1712456058.4138017,3703704.40039399,487.8,-6.449563501409154e-08,489.7,ASK
957,1712456064.466549,3703819.65334481,487.8,-1.398354700567142e-08,489.7,ASK
958,1712456065.9240243,3705869.67384501,487.8,-2.4872732388319385e-07,489.7,ASK
959,1712456065.9319024,3715560.57672132,487.8,-1.1757893826922905e-06,489.7,ASK
960,1712456070.61605,3715560.57672132,487.8,-0.0,489.7,ASK
961,1712456073.1994498,3718086.6720163,487.7,-3.062645510968971e-07,489.7,ASK
962,1712456086.5495002,3719661.45841088,487.7,-1.909275747308934e-07,489.7,ASK
963,1712456086.5584953,3720066.59886607,487.7,-4.911935028206255e-08,489.7,ASK
964,1712456100.671102,3720066.59886607,487.7,-0.0,489.7,ASK
965,1712456104.9139507,3720085.04905057,487.8,2.2438212308706267e-09,489.7,BID
966,1712456115.0388372,3720290.01427415,487.4,-2.4926868360753443e-08,489.7,ASK
967,1712456125.0937884,3721315.23469654,487.7,1.2468229518788738e-07,489.7,BID
968,1712456126.3625083,3722740.85533654,487.4,-1.7337701198738429e-07,489.7,ASK
969,1712456126.3705523,3722740.85533667,487.4,-1.5800174275719432e-17,489.7,ASK
970,1712456126.5660355,3722905.12638389,487.2,-1.9977841596809483e-08,489.7,ASK
971,1712456126.5715804,3737135.27583667,487.2,-1.730601201352647e-06,489.7,ASK
972,1712456129.2338293,3737155.7928658,487.7,2.4951807694656194e-09,489.7,BID
973,1712456130.943987,3737155.7928658,487.7,0.0,489.7,BID
974,1712456134.5937674,3738181.01328819,487.7,1.2455616284004125e-07,489.7,BID
975,1712456135.753907,3742286.52601881,487.2,-4.987872861768504e-07,489.7,ASK
976,1712456143.7041123,3742299.82776225,487.7,1.616056494553586e-09,489.7,BID
977,1712456147.3639536,3748488.55292425,487.2,-7.518811001183437e-07,489.7,ASK
978,1712456147.425413,3755028.52961225,487.2,-7.945553790488554e-07,489.7,ASK
979,1712456147.443716,3767527.83414423,487.2,-1.5185665215713305e-06,489.7,ASK
980,1712456160.6338189,3767527.83414423,487.2,-0.0,489.7,ASK
981,1712456179.1043255,3768554.10672222,487.1,1.2446023520732825e-07,489.7,BID
982,1712456190.6208067,3768554.10672222,487.1,0.0,489.7,BID
983,1712456193.523909,3770606.65187821,487.0,-2.4890538063159657e-07,489.7,ASK
984,1712456196.9938583,3770607.49481256,487.0,-1.0221986816039212e-10,489.7,ASK
985,1712456204.0240831,3771228.48425573,486.7,-7.530534140476788e-08,489.7,ASK
986,1712456213.223827,3771487.18755435,486.7,-3.137209567630264e-08,489.7,ASK
987,1712456213.988239,3771942.72555018,486.7,-5.5241590136643574e-08,489.7,ASK
1187,1712456213.988239,3771942.72555018,486.7,-5.524159013664357e-08,489.7,ASK
988,1712456214.045734,3777563.76704818,486.7,6.81645161141885e-07,489.7,BID
989,1712456214.0683854,3777815.28687874,486.7,3.050098019972627e-08,489.7,BID
990,1712456220.8738914,3777815.28687874,486.7,0.0,489.7,BID
991,1712456224.0844083,3777830.141212,486.7,1.8003517906915631e-09,489.7,BID
992,1712456225.6566854,3777880.29059688,487.2,6.0781277281072805e-09,489.7,BID
993,1712456233.9437177,3778412.81533641,487.2,6.454223502415522e-08,489.7,BID
994,1712456236.2841003,3782816.30888615,486.9,-5.337053746376963e-07,489.7,ASK
995,1712456250.9237928,3782816.30888615,486.9,-0.0,489.7,ASK
996,1712456253.6741557,3782829.60789262,487.5,1.611369907178299e-09,489.7,BID
997,1712456258.3340137,3783816.30888615,487.5,1.1955331339541394e-07,489.7,BID
998,1712456258.3422956,3784020.29425459,487.6,2.4715822565386443e-08,489.7,BID
999,1712456269.2739978,3784225.09548662,487.0,-2.4814676418913786e-08,489.7,ASK
1000,1712456269.2824647,3784535.12970864,487.0,-3.756519832399903e-08,489.7,ASK
1201,1712456273.98448,3784545.60198791,487.0,-1.2688704012276091e-09,489.7,ASK
1202,1712456278.5740063,3785850.93139698,486.9,-1.581598244555079e-07,489.7,ASK
1203,1712456280.597638,3785850.93139698,486.9,-0.0,489.7,ASK
1204,1712456310.5637033,3785850.93139698,486.9,-0.0,489.7,ASK
1205,1712456315.3539128,3788990.35490555,487.1,3.8031913081783003e-07,489.7,BID
1206,1712456315.4538352,3788990.35490556,487.1,1.2410551498836285e-18,489.7,BID
1207,1712456340.8784156,3788990.35490556,487.1,0.0,489.7,BID
1208,1712456343.2542186,3789114.71150584,487.1,-1.5062139283163194e-08,489.7,ASK
1209,1712456343.2571828,3790786.88497856,487.1,-2.0253456346524329e-07,489.7,ASK
1210,1712456344.036135,3790786.88497944,487.1,-1.0659817201556538e-16,489.7,ASK
1211,1712456344.0375073,3792772.99512856,487.0,-2.405587450156406e-07,489.7,ASK
1212,1712456354.174066,3794611.39640206,486.9,-2.2266816540075065e-07,489.7,ASK
1213,1712456354.1772678,3794611.39640356,487.0,-1.8166810162017783e-16,489.7,ASK
1214,1712456370.939303,3794611.39640356,487.0,-0.0,489.7,ASK
1215,1712456371.7437968,3794714.04473039,487.1,-1.2428700490127385e-08,489.7,ASK
1216,1712456392.1842215,3805634.31186567,487.1,-1.322230314784853e-06,489.7,ASK
1217,1712456400.645972,3805634.31186567,487.1,-0.0,489.7,ASK
1218,1712456405.8941247,3806534.31186567,487.1,-1.0929292703769664e-07,489.7,ASK
1219,1712456430.599682,3806534.31186567,487.1,-0.0,489.7,ASK
1220,1712456460.9279935,3806534.31186567,487.1,-0.0,489.7,ASK
1221,1712456490.9145684,3806534.31186567,487.1,-0.0,489.7,ASK
1222,1712456494.693781,3812880.61271768,487.5,7.70632080822137e-07,489.7,BID
1223,1712456495.2437212,3822828.66266768,487.6,1.207992909863843e-06,489.7,BID
1224,1712456520.6008074,3822828.66266768,487.6,0.0,489.7,BID
1225,1712456536.3641574,3823028.66266768,487.6,2.426261805516309e-08,489.7,BID
1226,1712456542.5439048,3823262.09007259,487.6,2.8317799844679216e-08,489.7,BID
1227,1712456550.6258862,3823262.09007259,487.6,0.0,489.7,BID
1228,1712456575.1276612,3823299.62479125,487.6,-4.5533359739068406e-09,489.7,ASK
1229,1712456578.5839713,3823504.71092742,487.6,-2.487899509853192e-08,489.7,ASK
1230,1712456580.9137845,3823504.71092742,487.6,-0.0,489.7,ASK
1231,1712456581.4938765,3823571.96696606,487.6,-8.158711622029234e-09,489.7,ASK
1232,1712456610.9150045,3823571.96696606,487.6,-0.0,489.7,ASK
1233,1712456640.6148791,3823571.96696606,487.6,-0.0,489.7,ASK
1234,1712456643.1447475,3823627.34022283,487.6,-6.7172055544251905e-09,489.7,ASK
1235,1712456646.2339551,3823832.426359,487.6,-2.4878539088662333e-08,489.7,ASK
1236,1712456653.1641712,3823847.426359,487.6,-1.8196163490068434e-09,489.7,ASK
1237,1712456670.5870948,3823847.426359,487.6,-0.0,489.7,ASK
1238,1712456700.648034,3823847.426359,487.6,-0.0,489.7,ASK
1239,1712456730.6373167,3823847.426359,487.6,-0.0,489.7,ASK
1240,1712456730.9141607,3823862.426359,487.8,1.8226588818998798e-09,489.7,BID
1241,1712456760.9240673,3823862.426359,487.8,0.0,489.7,BID
1242,1712456790.915149,3823862.426359,487.8,0.0,489.7,BID
1243,1712456792.824285,3823872.69540808,488.0,-1.2477971248350264e-09,489.7,ASK
1244,1712456793.624068,3823882.92663378,488.7,1.2432011876813064e-09,489.7,BID
1245,1712456820.5907214,3823882.92663378,488.7,0.0,489.7,BID
1246,1712456848.1442473,3827597.78387878,488.6,4.513935530645663e-07,489.7,BID
1247,1712456848.1472175,3827597.7838789,488.6,1.4598326179996608e-17,489.7,BID
1248,1712456850.5975344,3827597.7838789,488.6,0.0,489.7,BID
1249,1712456853.9838336,3827612.7838789,488.7,1.8222531446164486e-09,489.7,BID
1250,1712456861.644089,3827617.41555477,488.7,-5.626723945593724e-10,489.7,ASK
1251,1712456862.244299,3827653.71715766,488.6,4.410047334758295e-09,489.7,BID
1252,1712456862.3647065,3829412.41775278,488.7,-2.136531793264121e-07,489.7,ASK
1253,1712456870.9741812,3829427.41775278,488.8,1.8222531446164486e-09,489.7,BID
1254,1712456872.644344,3831458.24426669,488.8,-2.467120000762216e-07,489.7,ASK
1255,1712456880.9601552,3831458.24426669,488.8,-0.0,489.7,ASK
1256,1712456897.3441348,3831483.01169004,489.1,3.0081448236266e-09,489.7,BID
1257,1712456897.7642317,3831668.00189354,489.4,2.2468115282642894e-08,489.7,BID
1258,1712456902.4663105,3831688.43090273,489.5,2.481219680361225e-09,489.7,BID
1259,1712456910.983805,3831688.43090273,489.5,0.0,489.7,BID
1260,1712456914.8871655,3832709.88136238,489.5,1.2405928668801854e-07,489.7,BID
1261,1712456923.0741355,3832923.9374837,489.1,-2.5997981078071824e-08,489.7,ASK
1262,1712456923.083938,3833536.80775938,489.1,-7.443557199946379e-08,489.7,ASK
1263,1712456923.4656618,3833536.80775949,489.1,-1.334732111246721e-17,489.7,ASK
1264,1712456940.65798,3833536.80775949,489.1,-0.0,489.7,ASK
1265,1712456944.2440867,3833638.99455695,489.3,1.240963636959232e-08,489.7,BID
1266,1712456968.0141315,3834661.28038801,489.0,-1.2414710847750008e-07,489.7,ASK
1267,1712456968.0168986,3834995.27290095,489.0,-4.0560285073721534e-08,489.7,ASK
1268,1712456970.591785,3834995.27290095,489.0,-0.0,489.7,ASK
1269,1712456987.6059296,3835010.27290095,489.2,1.8214527595747262e-09,489.7,BID
1270,1712456987.7244265,3836595.10910595,489.2,-1.9244695193808617e-07,489.7,ASK
1271,1712456992.1103947,3838054.06672215,489.2,-1.77161491741972e-07,489.7,ASK
1272,1712456994.253946,3843264.62963713,489.2,-6.327196133618835e-07,489.7,ASK
1273,1712457000.696458,3843264.62963713,489.2,-0.0,489.7,ASK
1274,1712457002.0245452,3854232.49071986,489.5,1.3376545438832083e-06,489.7,BID
1275,1712457003.0742283,3854232.49071992,489.0,-7.326252334080776e-18,489.7,ASK
1276,1712457003.0760229,3854332.49071992,489.0,-1.2196129526015736e-08,489.7,ASK
1277,1712457022.3841891,3855993.74631098,488.7,-2.0260888364386017e-07,489.7,ASK
1278,1712457022.3866825,3858031.65541805,488.7,-2.485460343207219e-07,489.7,ASK
1279,1712457030.7212286,3858031.65541805,488.7,-0.0,489.7,ASK
1280,1712457060.964172,3858031.65541805,488.7,-0.0,489.7,ASK
1281,1712457072.4241984,3861134.63729378,488.9,-3.781104882365664e-07,489.7,ASK
1282,1712457078.1442714,3862213.35822025,488.9,-1.3144636756296216e-07,489.7,ASK
1283,1712457086.2820575,3863553.07822842,489.3,1.6325012735381693e-07,489.7,BID
1284,1712457090.9195304,3863553.07822842,489.3,0.0,489.7,BID
1285,1712457095.2543595,3864727.19657023,488.8,-1.4302386111610354e-07,489.7,ASK
1286,1712457117.5114243,3864739.47152931,488.8,1.495259872992006e-09,489.7,BID
1287,1712457120.602343,3864739.47152931,488.8,0.0,489.7,BID
1288,1712457124.9746478,3864759.93398071,488.7,-2.492433665643361e-09,489.7,ASK
1289,1712457124.976342,3867009.96655362,488.7,-2.740657423664617e-07,489.7,ASK
1290,1712457124.9778066,3871888.0902092,488.7,-5.941809896968499e-07,489.7,ASK
1291,1712457130.621352,3871898.42374715,488.6,-1.258679000333413e-09,489.7,ASK
1292,1712457130.6287107,3873943.83180605,488.6,-2.491414057084966e-07,489.7,ASK
1293,1712457146.2463694,3875988.83180605,488.5,-2.490917019990115e-07,489.7,ASK
1294,1712457146.256527,3875989.65831996,488.5,-1.0067371956073108e-10,489.7,ASK
1295,1712457150.656903,3875989.65831996,488.5,-0.0,489.7,ASK
1296,1712457170.824227,3876327.42699959,488.4,4.1114462308987887e-08,489.7,BID
1297,1712457180.8940055,3876327.42699959,488.4,0.0,489.7,BID
1298,1712457210.966189,3876327.42699959,488.4,0.0,489.7,BID
1299,1712457218.465228,3876846.9995251,488.6,6.324303394425497e-08,489.7,BID
1300,1712457218.469259,3883500.67848273,488.4,8.098943333434341e-07,489.7,BID
1301,1712457218.474276,3884952.4717122,488.9,1.767141332218653e-07,489.7,BID
1302,1712457218.4765809,3885834.80728052,488.4,1.0739901661024425e-07,489.7,BID
1303,1712457218.4784734,3886557.6795123,488.7,8.798893484012508e-08,489.7,BID
1304,1712457235.5745137,3929356.85517689,488.1,-5.209570534324124e-06,489.7,ASK
1305,1712457235.577978,3934233.45210988,488.2,-5.935856309237091e-07,489.7,ASK
1306,1712457235.581089,3934909.6024592,488.1,-8.230188740543284e-08,489.7,ASK
1307,1712457240.6150484,3934909.6024592,488.1,-0.0,489.7,ASK
1308,1712457244.7569137,3934930.09426247,488.0,-2.48563593398148e-09,489.7,ASK
1309,1712457244.7609818,3936975.92077638,487.9,-2.481567791133991e-07,489.7,ASK
1310,1712457244.7641346,3937180.9228264,487.8,-2.4866550559717048e-08,489.7,ASK
1311,1712457244.7672317,3937460.2913172,487.8,-3.388712796088616e-08,489.7,ASK
1312,1712457244.77082,3937461.87217058,487.6,-1.9175598733773103e-10,489.7,ASK
1313,1712457244.7733257,3949387.45049859,488.1,-1.446561126674958e-06,489.7,ASK
1314,1712457244.775113,3961352.55919424,487.6,-1.4513561220687948e-06,489.7,ASK
1315,1712457244.776931,4004385.34607947,488.0,-5.219835463614889e-06,489.7,ASK
1316,1712457244.7787263,4004590.34812949,487.8,-2.4866550559717048e-08,489.7,ASK
1317,1712457244.7805555,4006568.20617983,487.6,-2.399122701649519e-07,489.7,ASK
1318,1712457263.7241695,4008428.32522742,488.1,-2.256306429107585e-07,489.7,ASK
1319,1712457263.7283866,4009354.84621315,488.0,-1.1238610020762445e-07,489.7,ASK
1320,1712457265.6659122,4009896.0250225,488.0,-6.564446659561848e-08,489.7,ASK
1321,1712457265.7439382,4017359.46556979,488.0,9.053081259465366e-07,489.7,BID
1322,1712457265.8639927,4020899.50688672,488.0,4.294035907564328e-07,489.7,BID
1323,1712457266.053927,4023501.63209639,488.0,3.1563527331903855e-07,489.7,BID
1324,1712457266.853861,4031401.04956955,488.0,9.581917057399058e-07,489.7,BID
1325,1712457266.9139023,4032142.67058701,488.0,8.995791273815443e-08,489.7,BID
1326,1712457266.9338017,4032142.67058702,488.0,1.1861695471429206e-18,489.7,BID
1327,1712457270.6643367,4032142.67058702,488.0,0.0,489.7,BID
1328,1712457284.143919,4032194.29781082,487.8,-6.22649850608232e-09,489.7,ASK
1329,1712457285.5240977,4034002.78963461,487.8,-2.1811305761332042e-07,489.7,ASK
1330,1712457285.5277438,4053475.54709934,487.8,-2.348510850269506e-06,489.7,ASK
1331,1712457288.5740805,4053848.63687972,488.6,4.4996472581460464e-08,489.7,BID
1332,1712457288.577934,4057568.8749749,488.6,4.486791122388055e-07,489.7,BID
1333,1712457300.914017,4057568.8749749,488.6,0.0,489.7,BID
1334,1712457306.9840343,4058822.1287999,488.0,1.5150905802188588e-07,489.7,BID
1335,1712457330.677761,4058822.12880032,488.0,5.077807482735775e-17,489.7,BID
1336,1712457330.6806264,4059640.62685596,488.7,9.895032189730678e-08,489.7,BID
1337,1712457330.9499588,4059640.62685596,488.7,0.0,489.7,BID
1338,1712457334.4339595,4059662.1388412,487.9,2.600320874692485e-09,489.7,BID
1339,1712457360.6469488,4059662.1388412,487.9,0.0,489.7,BID
1340,1712457378.0868838,4059708.13843186,488.6,5.560321036504648e-09,489.7,BID
1341,1712457378.0887015,4059969.13843186,488.6,3.1549058800436565e-08,489.7,BID
1342,1712457390.5847304,4059969.13843186,488.6,0.0,489.7,BID
1343,1712457396.1639369,4059984.13843186,487.9,-1.813131423823997e-09,489.7,ASK
1344,1712457404.7444992,4059988.62685662,487.9,-5.4254026503375e-10,489.7,ASK
1345,1712457404.748147,4060029.64408385,487.6,-4.957974907271615e-09,489.7,ASK
1346,1712457404.751011,4061171.57363146,487.9,-1.3803122310429198e-07,489.7,ASK
1347,1712457404.7538908,4061244.57694289,487.6,-8.824306533142085e-09,489.7,ASK
1348,1712457404.7568595,4063641.06905192,487.9,-2.896770099885715e-07,489.7,ASK
1349,1712457404.7598026,4063801.68683593,487.6,-1.9414743427596892e-08,489.7,ASK
1350,1712457420.9373698,4063801.68683593,487.6,-0.0,489.7,ASK
1351,1712457450.911308,4063801.68683593,487.6,-0.0,489.7,ASK
1352,1712457461.3440342,4064201.68683593,487.9,4.833924590496711e-08,489.7,BID
1353,1712457464.553902,4064424.30413893,487.9,2.69028813810236e-08,489.7,BID
1354,1712457475.207858,4064424.30413916,487.9,2.779949861235655e-17,489.7,BID
1355,1712457475.2119858,4064941.03682114,488.7,6.244617045339778e-08,489.7,BID
1356,1712457475.2153113,4064980.87261943,488.8,4.814081123413624e-09,489.7,BID
1357,1712457480.6428173,4064980.87261943,488.8,0.0,489.7,BID
1358,1712457507.05415,4068286.87171921,488.7,3.994959612061643e-07,489.7,BID
1359,1712457507.0583878,4069072.52564725,488.7,9.493819014610778e-08,489.7,BID
1360,1712457510.6580606,4069072.52564725,488.7,0.0,489.7,BID
1361,1712457519.8141644,4069758.06363001,488.9,8.282019685176371e-08,489.7,BID
1362,1712457521.584272,4070390.08629199,488.9,7.635498337991605e-08,489.7,BID
1363,1712457540.9175396,4070390.08629199,488.9,0.0,489.7,BID
1364,1712457560.806178,4071003.83424616,488.8,7.414143677334682e-08,489.7,BID
1365,1712457566.9339848,4071065.19648792,488.8,7.412627181565148e-09,489.7,BID
1366,1712457570.9211583,4071065.19648792,488.8,0.0,489.7,BID
1367,1712457578.8981574,4072809.04645471,488.8,2.1065062189164458e-07,489.7,BID
1368,1712457578.9038212,4074133.93625878,488.8,1.6004178483252468e-07,489.7,BID
1369,1712457585.464184,4077192.0650602,488.8,3.69410640887718e-07,489.7,BID
1370,1712457585.4682186,4092024.43468817,488.8,1.791695355541287e-06,489.7,BID
1371,1712457585.5438786,4102082.00804939,488.8,-1.2149176383342244e-06,489.7,ASK
1372,1712457585.9650476,4102544.00804939,487.8,-5.5807890109422486e-08,489.7,ASK
1373,1712457600.7061806,4102544.00804939,487.8,-0.0,489.7,ASK
1374,1712457612.3647275,4102774.84460339,488.3,2.7920729574880052e-08,489.7,BID
1375,1712457612.4183855,4104997.31224547,488.4,2.6881755488082984e-07,489.7,BID
1376,1712457612.4214585,4106849.64156204,488.4,2.240476433881336e-07,489.7,BID
1377,1712457612.423444,4106849.64156257,488.3,6.40965385115938e-17,489.7,BID
1378,1712457612.533779,4109299.66648046,488.4,-2.9634164086545664e-07,489.7,ASK
1379,1712457630.5643425,4109299.66648046,488.4,-0.0,489.7,ASK
1380,1712457636.1443136,4110358.90794846,488.4,1.280689561562551e-07,489.7,BID
1381,1712457636.1638556,4110358.90794917,488.4,8.585960246463639e-17,489.7,BID
1382,1712457660.9086738,4110358.90794917,488.4,0.0,489.7,BID
1383,1712457690.9240522,4110358.90794917,488.4,0.0,489.7,BID
1384,1712457703.4239235,4112404.73446308,488.8,2.473378231664052e-07,489.7,BID
1385,1712457707.6550417,4112434.50708724,488.0,-3.599472389109515e-09,489.7,ASK
1386,1712457720.6886096,4112434.50708724,488.0,-0.0,489.7,ASK
1387,1712457747.3339064,4113455.88802013,488.8,1.234685114892434e-07,489.7,BID
1388,1712457750.5938728,4113455.88802013,488.8,0.0,489.7,BID
1389,1712457752.7538457,4113476.34628526,488.8,2.472925650341156e-09,489.7,BID
1390,1712457770.153919,4113578.63761095,488.8,1.23646282566028e-08,489.7,BID
1391,1712457780.3972664,4113828.63761095,488.8,3.02191514607196e-08,489.7,BID
1392,1712457780.8938851,4113828.63761095,488.8,0.0,489.7,BID
1393,1712457790.34609,4117916.2296578,488.8,4.940833711409305e-07,489.7,BID
1394,1712457793.3143778,4117936.68792293,488.8,2.4728711885244803e-09,489.7,BID
1395,1712457801.9571216,4118635.91050885,488.8,8.451779151874836e-08,489.7,BID
1396,1712457806.7539186,4118656.36877398,488.8,2.4728711885244803e-09,489.7,BID
1397,1712457810.953841,4118656.36877398,488.8,0.0,489.7,BID
1398,1712457820.6241674,4119289.37613895,488.8,7.649227814271819e-08,489.7,BID
1399,1712457823.413775,4119559.37613895,488.8,3.262665845840085e-08,489.7,BID
1400,1712457840.5865552,4119559.37613895,488.8,0.0,489.7,BID
1401,1712457842.7136424,4120191.51131651,488.8,7.63828094176742e-08,489.7,BID
1402,1712457842.7238376,4128762.51188695,488.8,1.035659976427901e-06,489.7,BID
1403,1712457849.7640154,4128967.09453834,488.8,2.4720341828771736e-08,489.7,BID
1404,1712457861.6741638,4129267.09453834,488.0,-3.6249909257958806e-08,489.7,ASK
1405,1712457861.6785607,4130939.94085141,488.0,-2.0213509017099969e-07,489.7,ASK
1406,1712457861.6824255,4131039.94085141,488.1,-1.2083303085986269e-08,489.7,ASK
1407,1712457861.685778,4133060.4224139,488.0,-2.4414091099215095e-07,489.7,ASK
1408,1712457870.5702484,4133350.79680015,488.8,3.508681717466494e-08,489.7,BID
1409,1712457870.6042068,4133350.79680015,488.8,0.0,489.7,BID
1410,1712457900.6645942,4133350.79680015,488.8,0.0,489.7,BID
1411,1712457902.854044,4135191.41091924,488.8,2.227654572484844e-07,489.7,BID
1412,1712457902.8658886,4135396.62331406,488.7,2.4836402421840173e-08,489.7,BID
1413,1712457930.612888,4135396.62331406,488.7,0.0,489.7,BID
1414,1712457935.9040008,4135601.24782807,488.7,2.4762255647736533e-08,489.7,BID
1415,1712457935.9437304,4135616.24782807,488.1,-1.815197150315075e-09,489.7,ASK
1416,1712457947.5525014,4137279.48335719,488.8,2.0127335951743706e-07,489.7,BID
1417,1712457947.5562618,4137550.27375395,488.9,3.2769197102066054e-08,489.7,BID
1418,1712457947.56084,4137615.64923994,488.7,7.911293057991182e-09,489.7,BID
1419,1712457947.5627644,4137662.04180876,488.7,5.614110581153213e-09,489.7,BID
1420,1712457948.293783,4137764.39595376,488.5,-1.2386196821822726e-08,489.7,ASK
1421,1712457960.9337995,4137764.39595376,488.5,-0.0,489.7,ASK
1422,1712457990.9419534,4137764.39595376,488.5,-0.0,489.7,ASK
1423,1712457997.8440924,4138260.38079076,488.1,-6.00122793949372e-08,489.7,ASK
1424,1712457997.8482652,4138260.38079119,488.1,-5.206115854758033e-17,489.7,ASK
1425,1712458020.6146336,4138260.38079119,488.1,-0.0,489.7,ASK
1426,1712458036.033906,4138465.25684019,488.1,-2.4788496824746745e-08,489.7,ASK
1427,1712458050.6054482,4138465.25684019,488.1,-0.0,489.7,ASK
1428,1712458058.2017248,4138465.25684117,488.1,-1.1859762215985529e-16,489.7,ASK
1429,1712458058.2051938,4138480.25684019,488.0,-1.814867726627829e-09,489.7,ASK
1430,1712458080.6238575,4138480.25684019,488.0,-0.0,489.7,ASK
1431,1712458094.3742473,4150550.44366014,488.4,1.4603849696281082e-06,489.7,BID
1432,1712458094.4548094,4153957.29925462,488.5,4.121991463834282e-07,489.7,BID
1433,1712458094.4569724,4159416.60885162,488.5,6.605277779816711e-07,489.7,BID
1434,1712458110.6575923,4159416.60885162,488.5,0.0,489.7,BID
1435,1712458111.854514,4159698.63061162,488.5,3.4079951625458623e-08,489.7,BID
1436,1712458111.873665,4159698.63061236,488.5,8.94150003775727e-17,489.7,BID
1437,1712458130.3238585,4160038.40403542,488.5,-4.1058753131372826e-08,489.7,ASK
1438,1712458133.6237235,4160986.12270385,488.5,-1.1452380970403153e-07,489.7,ASK
1439,1712458133.6336632,4161954.86753311,488.5,-1.1706464394312449e-07,489.7,ASK
1440,1712458134.7439735,4163792.79642607,488.5,-2.220982088868701e-07,489.7,ASK
1441,1712458134.7484608,4163805.07892351,488.5,-1.484236246859514e-09,489.7,ASK
1442,1712458140.9638343,4163805.07892351,488.5,-0.0,489.7,ASK
1443,1712458170.9240522,4163805.07892351,488.5,-0.0,489.7,ASK
1444,1712458200.6738832,4163805.07892351,488.5,-0.0,489.7,ASK
1445,1712458207.4002612,4164059.41644257,488.5,-3.084743133377267e-08,489.7,ASK
1446,1712458207.4025898,4165418.89023689,488.5,-1.64884342173987e-07,489.7,ASK
1447,1712458220.204205,4165456.41494818,488.0,-4.5512001497605906e-09,489.7,ASK
1448,1712458220.20882,4165476.90675145,488.0,-2.485356846375782e-09,489.7,ASK
1449,1712458220.2132597,4165785.40705876,488.1,-3.7416587538346164e-08,489.7,ASK
1450,1712458220.2180526,4165885.40705876,488.0,-1.2128541415279358e-08,489.7,ASK
1451,1712458220.2200089,4165980.36718721,488.0,-1.1517278507040701e-08,489.7,ASK
1452,1712458230.6040883,4165980.36718721,488.0,-0.0,489.7,ASK
1453,1712458237.033745,4166185.24323719,488.1,-2.48452752330698e-08,489.7,ASK
1454,1712458247.3938131,4166227.85909459,488.1,-5.1680160101648285e-09,489.7,ASK
1455,1712458253.5740154,4166542.73503171,488.0,-3.8184938272580855e-08,489.7,ASK
1456,1712458253.5842106,4166747.65306449,488.0,-2.4850366478314928e-08,489.7,ASK
1457,1712458253.5880828,4166952.57109727,488.0,-2.48503664783714e-08,489.7,ASK
1458,1712458260.9237218,4166952.57109727,488.0,-0.0,489.7,ASK
1459,1712458261.9542005,4166973.05870226,488.1,-2.484384576534089e-09,489.7,ASK
1460,1712458266.8940332,4167011.41874324,488.0,-4.651646408399127e-09,489.7,ASK
1461,1712458290.9114938,4167011.41874324,488.0,-0.0,489.7,ASK
1462,1712458294.284101,4167216.33677602,488.0,-2.484885018838215e-08,489.7,ASK
1463,1712458297.57399,4168149.51363021,488.0,-1.1315925462717465e-07,489.7,ASK
1464,1712458319.0937457,4176361.06448252,488.1,-9.957522731177666e-07,489.7,ASK
1465,1712458320.621382,4176361.06448252,488.1,-0.0,489.7,ASK
1466,1712458340.3638632,4176401.06448252,487.8,-4.847812900222544e-09,489.7,ASK
1467,1712458350.6318843,4176401.06448252,487.8,-0.0,489.7,ASK
1468,1712458350.6463304,4178221.05841355,487.7,-2.2057422982353333e-07,489.7,ASK
1469,1712458353.0543325,4178790.10544631,487.7,-6.896567556869409e-08,489.7,ASK
1470,1712458353.0576549,4183211.43842911,487.7,-5.358436096117714e-07,489.7,ASK
1471,1712458353.0603802,4183983.12869454,487.6,-9.35250294286115e-08,489.7,ASK
1472,1712458359.964014,4184148.17277902,487.8,2.000252374496229e-08,489.7,BID
1473,1712458359.969889,4186383.19016554,487.8,2.70873012414354e-07,489.7,BID
1474,1712458380.9363866,4186383.19016554,487.8,0.0,489.7,BID
1475,1712458385.363999,4186383.1901662,487.8,7.992242348822861e-17,489.7,BID
1476,1712458410.9339187,4186383.1901662,487.8,0.0,489.7,BID
1477,1712458440.609906,4186383.1901662,487.8,0.0,489.7,BID
1478,1712458470.6239316,4186383.1901662,487.8,0.0,489.7,BID
1479,1712458477.4338434,4186461.03559399,487.8,-9.428916059413082e-09,489.7,ASK
1480,1712458477.4387512,4187701.86350578,487.8,-1.502935054329971e-07,489.7,ASK
1481,1712458500.9237945,4187701.86350578,487.8,-0.0,489.7,ASK
1482,1712458509.356383,4188511.05609419,487.8,-9.828172644331585e-08,489.7,ASK
1483,1712458509.3596938,4190371.17514178,487.7,-2.2592361077663214e-07,489.7,ASK
1484,1712458517.4862714,4190412.19236901,487.6,-4.981810218962451e-09,489.7,ASK
1485,1712458517.4911983,4193840.50210358,487.6,-4.163906149438553e-07,489.7,ASK
1486,1712458519.7997775,4194727.99144605,487.6,1.077913787487467e-07,489.7,BID
1487,1712458525.4481182,4194769.01708707,487.5,-4.982832128814624e-09,489.7,ASK
1488,1712458525.454071,4194995.76170244,487.5,-2.7539614894433453e-08,489.7,ASK
1489,1712458525.4571133,4199995.76170244,487.5,-6.072826657770491e-07,489.7,ASK
1490,1712458525.4596565,4200138.12999305,487.4,-1.7291559008826747e-08,489.7,ASK
1491,1712458525.4624128,4200158.64281356,487.5,-2.4914160642941964e-09,489.7,ASK
1492,1712458525.4649184,4202018.76186115,487.4,-2.259236107766887e-07,489.7,ASK
1493,1712458525.844172,4202018.76186165,487.4,6.07428683940834e-17,489.7,BID
1494,1712458525.849446,4204093.26475065,487.4,2.519619289188073e-07,489.7,BID
1495,1712458530.9138448,4204093.26475065,487.4,0.0,489.7,BID
1496,1712458531.770296,4205953.38379824,487.9,2.257045388099228e-07,489.7,BID
1497,1712458531.7725286,4205963.62969988,488.0,1.2432250008184103e-09,489.7,BID
1498,1712458531.883847,4208194.1464402,488.0,-2.7064813557710426e-07,489.7,ASK
1499,1712458531.8885496,4208194.14644021,488.0,-1.243060790679873e-18,489.7,ASK
1500,1712458532.7689593,4210671.13895121,487.4,3.00555199977902e-07,489.7,BID
1501,1712458532.7836366,4210671.13895205,487.4,1.019309848357496e-16,489.7,BID
1502,1712458554.2940767,4210686.13895205,487.2,-1.8200814009920307e-09,489.7,ASK
1503,1712458554.2992375,4211654.97094095,487.2,-1.1755687224553005e-07,489.7,ASK
