,time,acc_trade_volume,trade_price,dev,high,ask_bid
0,1712451675.0754628,890756.6992489,1211.0,0.0,1216.0,ASK
1,1712451690.9748073,891954.59465483,1211.0,-5.940395365324432e-08,1216.0,ASK
2,1712451691.944303,892788.61612468,1211.0,-4.135934781577567e-08,1216.0,ASK
3,1712451691.945509,901174.96402183,1211.0,-4.158812358208434e-07,1216.0,ASK
4,1712451692.9442568,901182.80230565,1212.0,3.8870259160937803e-10,1216.0,BID
5,1712451694.4843645,901190.07503292,1211.0,-3.606564909947636e-10,1216.0,ASK
6,1712451701.474377,905800.25971642,1211.0,-2.2862029181830965e-07,1216.0,ASK
7,1712451705.214276,906035.32027476,1211.0,-1.1656715973876778e-08,1216.0,ASK
8,1712451710.794268,906257.44140299,1211.0,-1.10150461730318e-08,1216.0,ASK
9,1712451720.6442957,906257.44140299,1211.0,-0.0,1216.0,ASK
10,1712451721.514834,906514.39061851,1211.0,-1.2731244952476036e-08,1216.0,ASK
11,1712451721.5172892,907083.20523454,1211.0,-2.8183461056979122e-08,1216.0,ASK
12,1712451730.3745558,907487.12196747,1212.0,2.0013148734196283e-08,1216.0,BID
13,1712451736.114749,907702.47304377,1212.0,1.0670152456412931e-08,1216.0,BID
14,1712451737.9339745,907828.2985606,1212.0,6.234366089790043e-09,1216.0,BID
15,1712451738.2310004,908229.13605347,1212.0,1.98605794438297e-08,1216.0,BID
16,1712451740.2243853,909954.80718683,1212.0,8.55030511059033e-08,1216.0,BID
17,1712451746.1941762,910100.81522717,1212.0,7.234363891084673e-09,1216.0,BID
18,1712451747.65428,910925.89773542,1212.0,4.0880948000867465e-08,1216.0,BID
19,1712451750.748871,910925.89773542,1212.0,0.0,1216.0,BID
20,1712451750.964074,911118.45403373,1212.0,9.538049834880364e-09,1216.0,BID
21,1712451751.171828,913028.82616175,1211.0,-9.46280372033994e-08,1216.0,ASK
22,1712451755.22462,914515.05134129,1212.0,7.361841680966154e-08,1216.0,BID
23,1712451755.324341,915629.2767644,1212.0,5.519184626102112e-08,1216.0,BID
24,1712451755.344308,916073.87120022,1212.0,2.202246263758232e-08,1216.0,BID
25,1712451755.404401,916909.20780371,1212.0,4.137741649023309e-08,1216.0,BID
26,1712451755.4842637,917535.46100765,1212.0,3.1020716127491746e-08,1216.0,BID
27,1712451755.5243404,917691.16702878,1212.0,7.712714682217866e-09,1216.0,BID
28,1712451755.60625,918023.1001908,1212.0,1.6441918903637886e-08,1216.0,BID
29,1712451756.507943,918031.35101588,1212.0,4.0869491926455776e-10,1216.0,BID
30,1712451758.934174,918186.35101588,1211.0,-7.677742755663276e-09,1216.0,ASK
31,1712451759.2341788,918310.9916484,1212.0,6.173927183170601e-09,1216.0,BID
32,1712451770.0445228,918476.52471497,1212.0,8.199485823748437e-09,1216.0,BID
33,1712451770.0460594,918730.47126987,1212.0,1.2578944014248148e-08,1216.0,BID
34,1712451775.2142153,919143.01252399,1212.0,2.043474596924235e-08,1216.0,BID
35,1712451780.9888818,919143.01252399,1212.0,0.0,1216.0,BID
36,1712451781.5466478,919188.54539256,1211.0,-2.254305257716922e-09,1216.0,ASK
37,1712451785.234214,969848.02011064,1212.0,2.5081204808061496e-06,1216.0,BID
38,1712451796.255021,985637.03649353,1212.0,7.817048159715153e-07,1216.0,BID
39,1712451800.614453,985646.03649353,1211.0,-4.4558465031219845e-10,1216.0,ASK
40,1712451800.616299,987023.44242959,1211.0,-6.819454915080499e-08,1216.0,ASK
41,1712451803.5643697,987782.45571229,1212.0,3.757829646157586e-08,1216.0,BID
42,1712451803.5844872,987905.93640786,1212.0,6.113455839540816e-09,1216.0,BID
43,1712451803.6042967,988664.9496806,1212.0,3.7578295968460724e-08,1216.0,BID
44,1712451804.124312,989809.92874972,1212.0,5.6687233125403295e-08,1216.0,BID
45,1712451810.9744067,989809.92874972,1212.0,0.0,1216.0,BID
46,1712451815.4044163,989933.69112596,1211.0,-6.101529211256589e-09,1216.0,ASK
47,1712451819.5952833,989941.94195104,1212.0,4.067686139510031e-10,1216.0,BID
48,1712451821.1243913,990189.67968699,1212.0,1.2213558583414834e-08,1216.0,BID
49,1712451821.1441567,990376.92398148,1212.0,9.231210382194622e-09,1216.0,BID
50,1712451825.234453,993269.45118388,1211.0,-1.426026208932433e-07,1216.0,ASK
51,1712451826.6243453,993346.66405516,1212.0,3.8066220438961996e-09,1216.0,BID
52,1712451832.1043603,994039.86702319,1211.0,-3.4175153122166774e-08,1216.0,ASK
53,1712451836.0144854,997217.67309998,1212.0,1.566669709673672e-07,1216.0,BID
54,1712451836.0161886,1000185.15274093,1212.0,1.462978027987737e-07,1216.0,BID
55,1712451840.6216364,1000185.15274093,1212.0,0.0,1216.0,BID
56,1712451849.854253,1000189.36066173,1212.0,-2.0732350320841886e-10,1216.0,ASK
57,1712451851.855586,1000212.19210456,1212.0,-1.12490109384003e-09,1216.0,ASK
58,1712451853.6243682,1000216.39280717,1213.0,2.0696786428140846e-10,1216.0,BID
59,1712451870.6143844,1000216.39280717,1213.0,0.0,1216.0,BID
60,1712451873.0849004,1000841.39280717,1212.0,-3.0793580466161085e-08,1216.0,ASK
61,1712451873.1244323,1001076.01173857,1213.0,1.1559611108721378e-08,1216.0,BID
62,1712451873.1261208,1001236.69149763,1213.0,7.91664814383185e-09,1216.0,BID
63,1712451873.1463566,1001364.38741697,1213.0,6.291543307835257e-09,1216.0,BID
64,1712451873.147622,1001729.76848557,1213.0,1.8002226138793264e-08,1216.0,BID
65,1712451873.148893,1002765.94877483,1213.0,5.1052321783644376e-08,1216.0,BID
66,1712451873.164183,1003379.25330216,1213.0,3.021734770015458e-08,1216.0,BID
67,1712451873.2043085,1003533.31989033,1214.0,7.590819007936242e-09,1216.0,BID
68,1712451873.2246108,1003600.300108,1214.0,3.300097155943866e-09,1216.0,BID
69,1712451873.226045,1003673.22955346,1214.0,3.593213995398699e-09,1216.0,BID
70,1712451873.4842875,1004685.92502613,1214.0,4.98952312406101e-08,1216.0,BID
71,1712451883.7642677,1005003.19182306,1214.0,1.5631649024807965e-08,1216.0,BID
72,1712451899.9643888,1007308.28416481,1213.0,1.13571274412173e-07,1216.0,BID
73,1712451901.0628884,1007308.28416481,1213.0,0.0,1216.0,BID
74,1712451912.834322,1007357.86151781,1214.0,2.492809399300637e-09,1216.0,BID
75,1712451923.1744556,1007367.78983207,1214.0,4.9920767465026e-10,1216.0,BID
76,1712451930.9645178,1007367.78983207,1214.0,0.0,1216.0,BID
77,1712451932.454332,1007411.34167754,1214.0,2.1898316232996547e-09,1216.0,BID
78,1712451932.4642208,1007614.18036704,1214.0,1.0198938113930346e-08,1216.0,BID
79,1712451937.1445532,1007694.36679771,1214.0,4.031856279469834e-09,1216.0,BID
80,1712451951.2544138,1008236.70985637,1214.0,2.7269567287327e-08,1216.0,BID
81,1712451959.3543386,1008648.57147086,1214.0,2.070882595446562e-08,1216.0,BID
82,1712451960.50762,1008806.61527158,1214.0,7.94660499339184e-09,1216.0,BID
83,1712451960.5963178,1008806.61527158,1214.0,0.0,1216.0,BID
84,1712451960.844427,1008943.49812722,1214.0,6.882006461271891e-09,1216.0,BID
85,1712451961.0242145,1009113.24057697,1214.0,8.534075582154592e-09,1216.0,BID
86,1712451964.297281,1009355.82976795,1214.0,1.2196563053525352e-08,1216.0,BID
87,1712451964.39421,1009537.72160151,1214.0,9.144905459199544e-09,1216.0,BID
88,1712451965.767946,1009657.44523544,1214.0,6.019298899208407e-09,1216.0,BID
89,1712451978.1744163,1009665.68246772,1214.0,4.1414014566467096e-10,1216.0,BID
90,1712451981.0442836,1009841.05625523,1214.0,8.817200175574721e-09,1216.0,BID
91,1712451981.0642931,1009990.62791001,1214.0,7.519956314525113e-09,1216.0,BID
92,1712451985.4342346,1010090.62791001,1214.0,5.027661374464621e-09,1216.0,BID
93,1712451990.6243832,1010090.62791001,1214.0,0.0,1216.0,BID
94,1712451992.6244547,1012515.55712579,1214.0,1.2190767554388334e-07,1216.0,BID
95,1712451993.4243376,1013197.87268654,1214.0,3.4301827639820134e-08,1216.0,BID
96,1712451993.4262705,1018819.55712579,1214.0,2.826171082316527e-07,1216.0,BID
97,1712451993.4841096,1018819.69912435,1214.0,7.138647289005011e-12,1216.0,BID
98,1712451993.8443253,1018944.85244727,1215.0,6.291792182832459e-09,1216.0,BID
99,1712451993.8465776,1019626.55712579,1215.0,3.427111695672475e-08,1216.0,BID
100,1712451995.755544,1019631.05712579,1214.0,-2.2622703226865919e-10,1216.0,ASK
101,1712451999.2244697,1019861.82877134,1215.0,1.1601507667669509e-08,1216.0,BID
102,1712452015.834767,1020191.04687834,1214.0,-1.6550674514603196e-08,1216.0,ASK
103,1712452020.5062895,1021272.40587834,1215.0,5.4362808308226105e-08,1216.0,BID
104,1712452021.0029898,1021272.40587834,1215.0,0.0,1216.0,BID
105,1712452023.0239637,1021439.16368054,1215.0,8.377642507742562e-09,1216.0,BID
106,1712452026.246722,1023237.87743103,1215.0,9.03644721659838e-08,1216.0,BID
107,1712452026.9746976,1024407.87743103,1215.0,5.8778909320841145e-08,1216.0,BID
108,1712452029.353858,1025258.99814815,1215.0,4.275892944674036e-08,1216.0,BID
109,1712452029.3571818,1025512.93349237,1215.0,1.2757301342955942e-08,1216.0,BID
110,1712452029.358185,1027078.99814815,1215.0,7.867655760057475e-08,1216.0,BID
111,1712452029.605604,1027651.50908493,1215.0,2.8762024306133027e-08,1216.0,BID
112,1712452029.607587,1027955.99814815,1215.0,1.529703849248038e-08,1216.0,BID
113,1712452029.806136,1027956.38467681,1215.0,1.941857525962804e-11,1216.0,BID
114,1712452037.8544693,1028042.63467681,1216.0,4.3330606230107255e-09,1216.0,BID
115,1712452049.7964363,1028124.87151891,1216.0,4.131446055239957e-09,1216.0,BID
116,1712452049.7973728,1029042.63467681,1216.0,4.610693797966701e-08,1216.0,BID
117,1712452049.8743863,1031171.25537681,1216.0,1.06938464191251e-07,1216.0,BID
118,1712452050.9845085,1031171.25537681,1216.0,0.0,1216.0,BID
119,1712452052.084423,1031257.50537681,1216.0,4.3304433736821905e-09,1216.0,BID
120,1712452055.8044522,1031503.92369528,1216.0,1.237218057243312e-08,1216.0,BID
121,1712452055.8065948,1032079.89105896,1216.0,2.8918191924699343e-08,1216.0,BID
122,1712452058.0095837,1032190.13924698,1216.0,5.5353453364813555e-09,1216.0,BID
123,1712452059.1342044,1035579.63924698,1216.0,1.701801485808207e-07,1216.0,BID
124,1712452064.534121,1037879.03924698,1216.0,1.1544836514139049e-07,1216.0,BID
125,1712452065.3340995,1038077.59219585,1216.0,9.968954223294376e-09,1216.0,BID
126,1712452065.3942757,1038175.11037957,1216.0,4.896196782655991e-09,1216.0,BID
127,1712452065.3964906,1038272.58858678,1216.0,4.894189640473058e-09,1216.0,BID
128,1712452065.414301,1038455.9668297,1216.0,9.207061993397736e-09,1216.0,BID
129,1712452065.4743583,1038641.20691346,1216.0,9.300541371116813e-09,1216.0,BID
130,1712452068.7242863,1038765.13436657,1216.0,6.222154413188245e-09,1216.0,BID
131,1712452069.314232,1038911.30603852,1216.0,7.33899302278876e-09,1216.0,BID
132,1712452069.4145577,1039036.93682035,1216.0,6.307675208191041e-09,1216.0,BID
133,1712452069.5767186,1039153.04228586,1216.0,5.829427753811724e-09,1216.0,BID
134,1712452069.714328,1039308.56266717,1216.0,7.808373388011757e-09,1216.0,BID
135,1712452069.7341857,1039463.39085158,1216.0,7.773619538985757e-09,1216.0,BID
136,1712452069.9432888,1039580.74808879,1216.0,5.8922767562878875e-09,1216.0,BID
137,1712452070.1942337,1039718.89965129,1216.0,6.936319053822233e-09,1216.0,BID
138,1712452071.034191,1039851.24878689,1216.0,6.644990577057545e-09,1216.0,BID
139,1712452071.4942572,1039981.78102149,1216.0,6.553767540587839e-09,1216.0,BID
140,1712452073.3643105,1040152.96262709,1216.0,8.594692749762661e-09,1216.0,BID
141,1712452074.124503,1040282.43048536,1216.0,6.50032729217195e-09,1216.0,BID
142,1712452074.194179,1040412.8727699,1216.0,6.549251324456636e-09,1216.0,BID
143,1712452074.2045288,1040542.96394893,1216.0,6.531623005275786e-09,1216.0,BID
144,1712452074.3143406,1040667.61977889,1216.0,6.2587247865646305e-09,1216.0,BID
145,1712452076.334251,1041463.25997274,1216.0,3.994753397440687e-08,1216.0,BID
146,1712452080.0370898,1041762.35997274,1216.0,1.5017224499347783e-08,1216.0,BID
147,1712452080.584452,1041762.35997274,1216.0,0.0,1216.0,BID
148,1712452090.030839,1042270.1480195,1216.0,2.5478567202294867e-08,1216.0,BID
149,1712452092.934235,1042422.87068564,1216.0,7.662950590097506e-09,1216.0,BID
150,1712452093.0141766,1042575.75912013,1216.0,7.671268115627494e-09,1216.0,BID
151,1712452093.5542824,1042757.44258991,1216.0,9.116076134271734e-09,1216.0,BID
152,1712452093.5567455,1042873.91907957,1216.0,5.844277131423738e-09,1216.0,BID
153,1712452110.6741557,1042873.91907957,1216.0,0.0,1216.0,BID
154,1712452123.964575,1043421.01778676,1217.0,2.744914136092246e-08,1217.0,BID
155,1712452124.106581,1043552.05640171,1217.0,6.574494544096045e-09,1217.0,BID
156,1712452124.144318,1043649.64789085,1217.0,4.896378927276223e-09,1217.0,BID
157,1712452124.1659431,1043746.30620088,1217.0,4.849559285834648e-09,1217.0,BID
158,1712452131.0954227,1044567.99888781,1217.0,4.1226123224864335e-08,1217.0,BID
159,1712452132.8243785,1044577.99888781,1216.0,-5.017219196496644e-10,1217.0,ASK
160,1712452132.8263423,1044747.86552289,1216.0,-8.522581423674718e-09,1217.0,ASK
161,1712452140.9697452,1044747.86552289,1216.0,-0.0,1217.0,ASK
162,1712452141.3543594,1044770.86552289,1216.0,-1.1538284018600623e-09,1217.0,ASK
163,1712452141.3569534,1044925.93349162,1216.0,-7.77920984954008e-09,1217.0,ASK
164,1712452150.9760196,1044991.690087,1216.0,-3.29877510256912e-09,1217.0,ASK
165,1712452151.1940126,1045199.6068514,1216.0,1.0430446434240448e-08,1217.0,BID
166,1712452151.2344964,1049125.6036865,1216.0,1.9695333278048826e-07,1217.0,BID
167,1712452151.236963,1049292.6068514,1217.0,8.377956298353947e-09,1217.0,BID
168,1712452151.29701,1049410.56339151,1217.0,5.917461137559082e-09,1217.0,BID
169,1712452156.134259,1049821.40973497,1217.0,2.0610703473240583e-08,1217.0,BID
170,1712452162.6145017,1050068.12026129,1216.0,1.2376591839392862e-08,1217.0,BID
171,1712452165.5243568,1050396.62815196,1216.0,-1.6480075412609862e-08,1217.0,ASK
172,1712452171.000434,1050396.62815196,1216.0,-0.0,1217.0,ASK
173,1712452182.5728204,1050496.13796826,1216.0,-4.990334664114397e-09,1217.0,ASK
174,1712452186.3241737,1050504.77283668,1216.0,-4.330314817006595e-10,1217.0,ASK
175,1712452187.9044166,1050676.7524858,1216.0,-8.624636608084567e-09,1217.0,ASK
176,1712452187.9901612,1050979.3164707,1216.0,-1.5173332622836395e-08,1217.0,ASK
177,1712452187.992436,1051435.76574854,1216.0,-2.28905522922906e-08,1217.0,ASK
178,1712452188.0442567,1051808.43942854,1216.0,-1.8689275619784216e-08,1217.0,ASK
179,1712452188.0464902,1051851.50773054,1216.0,-2.159839585540343e-09,1217.0,ASK
180,1712452188.0487802,1052566.46590871,1216.0,-3.5854559003034874e-08,1217.0,ASK
181,1712452190.05426,1052594.06590871,1215.0,-1.384117083631382e-09,1217.0,ASK
182,1712452190.1542249,1052648.77043545,1215.0,-2.7433865946522043e-09,1217.0,ASK
183,1712452190.156293,1052731.07496219,1215.0,-4.127503678283587e-09,1217.0,ASK
184,1712452190.3342595,1052869.98900827,1216.0,6.966424070114248e-09,1217.0,BID
185,1712452199.8146718,1053946.53751276,1216.0,5.398801363830845e-08,1217.0,BID
186,1712452199.817013,1054192.52921842,1216.0,1.2336279791104826e-08,1217.0,BID
187,1712452200.7155025,1054192.52921842,1216.0,0.0,1217.0,BID
188,1712452230.6354542,1054192.52921842,1216.0,0.0,1217.0,BID
189,1712452238.2642882,1054603.71342894,1216.0,2.1044633480122908e-08,1217.0,BID
190,1712452238.7644038,1054768.28621281,1216.0,8.422925367126749e-09,1217.0,BID
191,1712452253.1404529,1054875.56234448,1216.0,5.490451273178264e-09,1217.0,BID
192,1712452253.1449325,1056048.91442217,1216.0,6.005280306580357e-08,1217.0,BID
193,1712452260.9844515,1056048.91442217,1216.0,0.0,1217.0,BID
194,1712452267.4342344,1056172.14639171,1216.0,-6.306351216514705e-09,1217.0,ASK
195,1712452267.7699015,1056275.72727653,1216.0,5.300714103893834e-09,1217.0,BID
196,1712452269.12193,1056580.90420291,1216.0,1.5617318201703094e-08,1217.0,BID
197,1712452290.9849672,1056580.90420291,1216.0,0.0,1217.0,BID
198,1712452320.624361,1056580.90420291,1216.0,0.0,1217.0,BID
199,1712452330.384482,1056670.46303758,1216.0,4.582989068728112e-09,1217.0,BID
200,1712452330.386492,1056827.61472922,1216.0,8.041914430567542e-09,1217.0,BID
201,1712452336.6044662,1057003.90201826,1216.0,9.021139249987826e-09,1217.0,BID
202,1712452336.6070895,1057649.98315027,1216.0,3.306187241516107e-08,1217.0,BID
203,1712452341.1051178,1058472.35157132,1216.0,4.20830116651489e-08,1217.0,BID
204,1712452342.7844615,1058994.95157132,1216.0,2.6742979585865217e-08,1217.0,BID
205,1712452350.6940837,1058994.95157132,1216.0,0.0,1217.0,BID
206,1712452365.0044048,1058999.06341342,1216.0,2.1038345483940768e-10,1217.0,BID
207,1712452379.7244403,1059034.15400186,1217.0,1.7954189506130267e-09,1217.0,BID
208,1712452379.7266924,1059057.38077313,1216.0,1.188403704638747e-09,1217.0,BID
209,1712452380.9741576,1059057.38077313,1216.0,0.0,1217.0,BID
210,1712452410.9742389,1059057.38077313,1216.0,0.0,1217.0,BID
211,1712452440.6706316,1059057.38077313,1216.0,0.0,1217.0,BID
212,1712452445.1443405,1061160.58077313,1217.0,1.0761034884365417e-07,1217.0,BID
213,1712452445.2641914,1061297.36470013,1217.0,6.998557484149839e-09,1217.0,BID
214,1712452447.634277,1061410.00068333,1217.0,5.763026552161046e-09,1217.0,BID
215,1712452447.674139,1061542.74931074,1217.0,6.792091148778392e-09,1217.0,BID
216,1712452448.884681,1062078.24931074,1217.0,2.7398888268247463e-08,1217.0,BID
217,1712452452.7744942,1062668.04931074,1217.0,3.017715088816738e-08,1217.0,BID
218,1712452452.8343558,1062709.16773179,1216.0,-2.1038263755673047e-09,1217.0,ASK
219,1712452452.836651,1063117.0256203,1216.0,-2.086807229992234e-08,1217.0,ASK
220,1712452456.8042326,1063246.32545037,1217.0,6.615633234717585e-09,1217.0,BID
221,1712452458.5941072,1064458.82545037,1217.0,6.203763216666677e-08,1217.0,BID
222,1712452459.2944367,1064608.47380348,1217.0,7.656766585216815e-09,1217.0,BID
223,1712452462.0041463,1064720.14329934,1217.0,5.713576171881991e-09,1217.0,BID
224,1712452468.394382,1064844.66361929,1217.0,6.371089324814845e-09,1217.0,BID
225,1712452470.6643074,1064844.66361929,1217.0,0.0,1217.0,BID
226,1712452473.5145547,1064996.26756341,1217.0,7.754030433340571e-09,1217.0,BID
227,1712452479.5341878,1065132.70388222,1217.0,6.978257553954385e-09,1217.0,BID
228,1712452483.9743474,1067132.70388222,1217.0,1.022932546821224e-07,1217.0,BID
229,1712452486.3690112,1067239.12635939,1217.0,5.443150780533053e-09,1217.0,BID
230,1712452486.384186,1067350.10606226,1217.0,5.6762375051082624e-09,1217.0,BID
231,1712452488.294265,1067483.44024601,1217.0,6.8195938080845825e-09,1217.0,BID
232,1712452489.3741982,1069642.84024601,1217.0,1.1044602708029469e-07,1217.0,BID
233,1712452489.854343,1069841.63007038,1217.0,1.0167429066238657e-08,1217.0,BID
234,1712452489.914209,1069989.360498,1217.0,7.555913128415812e-09,1217.0,BID
235,1712452492.084377,1070400.20684146,1217.0,2.1013404823387643e-08,1217.0,BID
236,1712452493.354162,1070838.30684146,1217.0,2.240733743812368e-08,1217.0,BID
237,1712452500.8936684,1070838.30684146,1217.0,0.0,1217.0,BID
238,1712452501.556908,1070846.94170988,1216.0,-4.5084476861721744e-10,1217.0,ASK
239,1712452501.5591898,1071012.83125761,1216.0,-8.661444636433704e-09,1217.0,ASK
240,1712452504.747303,1071241.83125761,1217.0,1.1956575015626827e-08,1217.0,BID
241,1712452506.9048488,1072531.83125761,1217.0,6.735363218409873e-08,1217.0,BID
242,1712452506.906301,1073151.83125761,1217.0,3.237151314274512e-08,1217.0,BID
243,1712452507.1229453,1073689.75879239,1217.0,2.8086335906411682e-08,1217.0,BID
244,1712452507.124419,1073771.83125761,1217.0,4.285177236333454e-09,1217.0,BID
245,1712452508.4271712,1073776.27472955,1217.0,2.320030811252254e-10,1217.0,BID
246,1712452508.433864,1074033.11469488,1217.0,1.3410158569788548e-08,1217.0,BID
247,1712452508.4841046,1074792.12796762,1217.0,3.962969053874061e-08,1217.0,BID
248,1712452508.4869835,1075551.14123036,1217.0,3.9629690016615456e-08,1217.0,BID
249,1712452508.566558,1075669.65723436,1217.0,6.187971582442917e-09,1217.0,BID
250,1712452508.624024,1075909.45595734,1217.0,1.2520399213811452e-08,1217.0,BID
251,1712452508.7066293,1076628.10109981,1217.0,3.752198495877132e-08,1217.0,BID
252,1712452508.9340785,1076784.99237845,1217.0,8.191625949151058e-09,1217.0,BID
253,1712452508.9370053,1079126.2505194,1217.0,1.222420462585837e-07,1217.0,BID
254,1712452508.9399312,1081645.19922437,1217.0,1.3151964694974097e-07,1217.0,BID
255,1712452517.9043255,1081727.36849306,1217.0,-4.29023155053177e-09,1217.0,ASK
256,1712452517.9074905,1081843.17422795,1217.0,-6.046462691920792e-09,1217.0,ASK
257,1712452518.0239391,1081845.19922437,1217.0,1.0572935198134728e-10,1217.0,BID
258,1712452530.6039894,1081845.19922437,1217.0,0.0,1217.0,BID
259,1712452533.273147,1081927.3010306,1218.0,4.2837131958608876e-09,1218.0,BID
260,1712452533.2750318,1082913.09160973,1218.0,5.14342412924381e-08,1218.0,BID
261,1712452533.276457,1085300.04782349,1218.0,1.2454093643437322e-07,1218.0,BID
262,1712452533.5438964,1085312.4533677,1219.0,6.472670441057808e-10,1219.0,BID
263,1712452546.5439532,1085800.04782349,1219.0,2.5440546321809085e-08,1219.0,BID
264,1712452546.5539815,1086231.98657904,1219.0,2.253667528058556e-08,1219.0,BID
265,1712452559.6540167,1086264.77346427,1220.0,1.7106762854530735e-09,1220.0,BID
266,1712452559.6571193,1086272.97018559,1220.0,4.27669072019265e-10,1220.0,BID
267,1712452559.7939672,1086355.00464006,1219.0,-4.280199075577811e-09,1220.0,ASK
268,1712452560.9638612,1086355.00464006,1219.0,-0.0,1220.0,ASK
269,1712452583.984336,1093486.4097208,1220.0,3.719788999825511e-07,1220.0,BID
270,1712452583.987694,1099201.80724222,1220.0,2.981189904248569e-07,1220.0,BID
271,1712452583.9909537,1109206.80169235,1220.0,5.218672600638166e-07,1220.0,BID
272,1712452584.2438183,1109288.83614683,1219.0,-4.278972487563478e-09,1220.0,ASK
273,1712452589.5241027,1109461.61531882,1219.0,-9.012278170863272e-09,1220.0,ASK
274,1712452590.9668002,1109461.61531882,1219.0,-0.0,1220.0,ASK
275,1712452605.9070723,1109582.89935841,1220.0,6.316968857384476e-09,1220.0,BID
276,1712452606.0240145,1109695.35008742,1220.0,5.85689391242089e-09,1220.0,BID
277,1712452611.6538794,1109866.40146769,1219.0,-8.909055518204836e-09,1220.0,ASK
278,1712452614.783884,1109876.40146769,1220.0,5.208409019644207e-10,1220.0,BID
279,1712452620.6239016,1109876.40146769,1220.0,0.0,1220.0,BID
280,1712452629.193913,1110003.48340339,1220.0,6.618772612054815e-09,1220.0,BID
281,1712452629.1968324,1110369.62043197,1220.0,1.90694115861214e-08,1220.0,BID
282,1712452640.673797,1110481.53144151,1219.0,-5.828629543998949e-09,1220.0,ASK
283,1712452650.6438231,1110481.53144151,1219.0,-0.0,1220.0,ASK
284,1712452653.1241975,1110556.1387812,1220.0,3.885603648357925e-09,1220.0,BID
285,1712452653.1279435,1110731.24169304,1220.0,9.119484971729658e-09,1220.0,BID
286,1712452662.7639065,1110738.24169304,1221.0,3.6456500997797535e-10,1221.0,BID
287,1712452666.7940168,1110777.78948671,1221.0,2.0596773991348444e-09,1221.0,BID
288,1712452676.456889,1111270.28538834,1220.0,-2.564953904169469e-08,1221.0,ASK
289,1712452676.4605408,1111438.9399462,1220.0,-8.783650081294078e-09,1221.0,ASK
290,1712452676.4639244,1111598.9399462,1219.0,-8.332914513782293e-09,1221.0,ASK
291,1712452676.4670503,1120364.1591227,1219.0,-4.564988880771288e-07,1221.0,ASK
292,1712452676.468553,1126348.69008472,1218.0,-3.1167865569747095e-07,1221.0,ASK
293,1712452676.470083,1138123.66646609,1219.0,-6.132491974235043e-07,1221.0,ASK
294,1712452676.4716294,1146985.47412568,1218.0,-4.615292854059117e-07,1221.0,ASK
295,1712452680.9942117,1146985.47412568,1218.0,-0.0,1221.0,ASK
296,1712452681.7039876,1147116.60331944,1220.0,6.8135168236727665e-09,1221.0,BID
297,1712452682.7940376,1147273.4683469,1220.0,8.150759361802552e-09,1221.0,BID
298,1712452683.6538818,1147482.33765274,1220.0,1.0852919082950192e-08,1221.0,BID
299,1712452683.676421,1147639.23982576,1220.0,8.152689457535671e-09,1221.0,BID
300,1712452683.8739183,1147828.9050347,1220.0,9.855067776462794e-09,1221.0,BID
301,1712452684.2239027,1147949.31314447,1220.0,6.256445709009802e-09,1221.0,BID
302,1712452687.2106328,1147979.31314447,1220.0,1.5588100471685547e-09,1221.0,BID
303,1712452689.273886,1148084.3497969,1220.0,5.457739637625802e-09,1221.0,BID
304,1712452690.3642292,1148204.7512611,1220.0,6.256100402952607e-09,1221.0,BID
305,1712452694.334259,1148313.15830833,1220.0,5.632866480202694e-09,1221.0,BID
306,1712452710.9846127,1148313.15830833,1220.0,0.0,1221.0,BID
307,1712452713.0841472,1148404.53512193,1219.0,-4.747570262593409e-09,1221.0,ASK
308,1712452714.4740465,1148510.98828432,1220.0,5.530876468662291e-09,1221.0,BID
309,1712452715.2138078,1148631.26387492,1220.0,6.249034024621225e-09,1221.0,BID
310,1712452722.984239,1149219.66387492,1220.0,3.0570888089134455e-08,1221.0,BID
311,1712452725.5540028,1149229.66387492,1220.0,5.19559620821538e-10,1221.0,BID
312,1712452734.105584,1149506.9166068,1220.0,1.4404932424727728e-08,1221.0,BID
313,1712452737.2740705,1149916.6797318,1219.0,-2.128963738516777e-08,1221.0,ASK
314,1712452737.2774785,1150944.86169655,1219.0,-5.3420183174102064e-08,1221.0,ASK
315,1712452737.5139313,1151026.89615102,1219.0,4.262179005875294e-09,1221.0,BID
316,1712452737.533885,1151152.78008203,1219.0,6.540420746309593e-09,1221.0,BID
317,1712452737.553918,1151278.39262402,1219.0,6.526320468681721e-09,1221.0,BID
318,1712452737.6139138,1151425.63670718,1219.0,7.650208001473939e-09,1221.0,BID
319,1712452737.7398262,1151606.91188396,1219.0,9.418326211220813e-09,1221.0,BID
320,1712452737.7538404,1151790.2283424,1219.0,9.52438296373921e-09,1221.0,BID
321,1712452737.8412216,1152047.2283424,1219.0,1.3352682255113524e-08,1221.0,BID
322,1712452737.9139369,1152242.00484012,1219.0,1.0119800330037227e-08,1221.0,BID
323,1712452737.9343877,1152434.3731053,1219.0,9.994678291497484e-09,1221.0,BID
324,1712452737.9939709,1152614.3731053,1219.0,9.352073174787682e-09,1221.0,BID
325,1712452738.113881,1153447.6731053,1219.0,4.3294903203061184e-08,1221.0,BID
326,1712452738.237836,1153605.27726254,1219.0,8.188475617557998e-09,1221.0,BID
327,1712452738.4338298,1153677.6731053,1219.0,-3.761395661337373e-09,1221.0,ASK
328,1712452738.7741334,1153807.55124143,1220.0,6.747943516073677e-09,1221.0,BID
329,1712452738.7776277,1156624.6731053,1220.0,1.4636627674003357e-07,1221.0,BID
330,1712452739.054046,1156788.60753152,1220.0,8.517370832652915e-09,1221.0,BID
331,1712452740.6141624,1156788.60753152,1220.0,0.0,1221.0,BID
332,1712452747.863913,1156893.49096777,1220.0,5.4463950916370806e-09,1221.0,BID
333,1712452750.8741353,1157219.70301397,1219.0,-1.6939564060628062e-08,1221.0,ASK
334,1712452752.2502954,1157397.39327942,1220.0,9.227113681430874e-09,1221.0,BID
335,1712452760.5752964,1157566.73414589,1219.0,-8.793545453231969e-09,1221.0,ASK
336,1712452762.4040496,1159517.02932582,1220.0,1.0127507712363845e-07,1221.0,BID
337,1712452762.4627502,1160664.57030942,1220.0,5.958959587891815e-08,1221.0,BID
338,1712452762.4738407,1160746.53752253,1220.0,4.256399705405564e-09,1221.0,BID
339,1712452762.7439916,1163746.53752253,1220.0,1.557842292271944e-07,1221.0,BID
340,1712452763.284052,1165495.53752253,1220.0,9.082220563945436e-08,1221.0,BID
341,1712452763.2871506,1166195.53752253,1220.0,3.6349653486345364e-08,1221.0,BID
342,1712452763.307909,1166495.53752253,1220.0,1.5578422922719442e-08,1221.0,BID
343,1712452763.3275416,1166678.55300018,1220.0,9.503641707455903e-09,1221.0,BID
344,1712452763.3332672,1166861.66540336,1220.0,9.508674863777718e-09,1221.0,BID
345,1712452766.0743816,1166934.00190836,1220.0,3.756295558805418e-09,1221.0,BID
346,1712452770.624017,1166934.00190836,1220.0,0.0,1221.0,BID
347,1712452773.1363492,1167324.1667054,1220.0,2.02474941691599e-08,1221.0,BID
348,1712452781.7943835,1167631.75008349,1220.0,1.5961954286130786e-08,1221.0,BID
349,1712452783.1539333,1167745.72165412,1220.0,5.914523117629893e-09,1221.0,BID
350,1712452791.2259324,1173000.4880044,1220.0,2.7269464555691924e-07,1221.0,BID
351,1712452792.514251,1174412.04084461,1220.0,7.325214401310625e-08,1221.0,BID
352,1712452792.5182774,1175097.32565115,1220.0,3.5562665391394544e-08,1221.0,BID
353,1712452792.693945,1175254.82293783,1220.0,8.173278106850363e-09,1221.0,BID
354,1712452797.483985,1175706.00291345,1220.0,2.341385997638511e-08,1221.0,BID
355,1712452798.7937498,1175726.57725886,1220.0,1.067699961364538e-09,1221.0,BID
356,1712452798.874055,1175731.19548829,1220.0,-2.396617382292989e-10,1221.0,ASK
357,1712452800.663993,1175731.19548829,1220.0,-0.0,1221.0,ASK
358,1712452825.074079,1175739.50113613,1220.0,-4.3543003171401164e-10,1221.0,ASK
359,1712452830.583998,1175739.50113613,1220.0,-0.0,1221.0,ASK
360,1712452848.3957248,1175745.25757772,1220.0,-3.0178575601876056e-10,1221.0,ASK
361,1712452848.4743507,1177238.06480914,1221.0,7.826153568477764e-08,1221.0,BID
362,1712452848.479497,1177379.18426711,1221.0,7.398293137435556e-09,1221.0,BID
363,1712452850.7240305,1177386.64823749,1221.0,3.9130423001740254e-10,1221.0,BID
364,1712452856.026257,1177519.64823749,1221.0,6.972624480238235e-09,1221.0,BID
365,1712452861.0138304,1177519.64823749,1221.0,0.0,1221.0,BID
366,1712452871.6340387,1177765.34848319,1221.0,1.2879551530348985e-08,1221.0,BID
367,1712452877.5654786,1177773.53849138,1221.0,4.293183843449661e-10,1221.0,BID
368,1712452885.0901186,1178595.6949807,1221.0,4.309725796182101e-08,1221.0,BID
369,1712452885.253997,1178713.6037018,1221.0,6.1807485986038525e-09,1221.0,BID
370,1712452890.9938002,1178713.6037018,1221.0,0.0,1221.0,BID
371,1712452891.2739203,1179532.6045208,1221.0,4.292855789524937e-08,1221.0,BID
372,1712452892.154109,1179667.10068815,1221.0,7.049720064770839e-09,1221.0,BID
373,1712452892.2602372,1179774.9561476,1221.0,5.653326868431724e-09,1221.0,BID
374,1712452892.273862,1179955.9561476,1221.0,9.487254223418076e-09,1221.0,BID
375,1712452893.6040406,1181413.9561476,1221.0,7.642219147924617e-08,1221.0,BID
376,1712452893.6238716,1182991.9561476,1221.0,8.271208378206478e-08,1221.0,BID
377,1712452893.723955,1183815.9561476,1221.0,4.319059381268781e-08,1221.0,BID
378,1712452893.8441312,1183933.85966079,1221.0,6.1800033340808835e-09,1221.0,BID
379,1712452894.4240172,1184179.55990649,1221.0,1.2878567368567493e-08,1221.0,BID
380,1712452899.183951,1184373.8287929,1221.0,1.01827531109037e-08,1221.0,BID
381,1712452899.4854217,1185921.74034081,1221.0,8.113497442202399e-08,1221.0,BID
382,1712452904.9092045,1186087.71132404,1220.0,-8.699496749249048e-09,1221.0,ASK
383,1712452906.2264357,1186169.61140594,1221.0,4.292855789522496e-09,1221.0,BID
384,1712452906.75429,1187039.61140594,1221.0,4.560171919543495e-08,1221.0,BID
385,1712452906.7562704,1187057.55886365,1221.0,9.407298008799554e-10,1221.0,BID
386,1712452906.758013,1187409.61140594,1221.0,1.845310479947744e-08,1221.0,BID
387,1712452906.773993,1188599.61140594,1221.0,6.237476533628458e-08,1221.0,BID
388,1712452906.776994,1188791.61140594,1221.0,1.006382768450978e-08,1221.0,BID
389,1712452906.7938006,1189368.61140594,1221.0,3.02438988227195e-08,1221.0,BID
390,1712452906.8143835,1195544.21478991,1221.0,3.236990015841114e-07,1221.0,BID
391,1712452906.8182387,1195626.11487181,1221.0,4.292855789522496e-09,1221.0,BID
392,1712452906.8213882,1197681.61140594,1221.0,1.0774043190412557e-07,1221.0,BID
393,1712452906.917616,1197799.13261406,1221.0,6.159964519768425e-09,1221.0,BID
394,1712452906.9407256,1197917.00220198,1221.0,6.178225114948574e-09,1221.0,BID
395,1712452907.4195344,1202104.09379982,1221.0,2.1946962677041695e-07,1221.0,BID
396,1712452907.4226513,1203970.00220198,1221.0,9.780302413759193e-08,1221.0,BID
397,1712452907.5138896,1204891.97014263,1221.0,4.832565877783035e-08,1221.0,BID
398,1712452907.793872,1206638.97014263,1221.0,9.1570348775201e-08,1221.0,BID
399,1712452907.8555903,1207314.63975454,1221.0,3.5415742426682803e-08,1221.0,BID
400,1712452907.8586574,1207482.28721234,1221.0,8.787370453354476e-09,1221.0,BID
401,1712452907.8617396,1208042.64652149,1222.0,2.937166421196845e-08,1222.0,BID
402,1712452907.8648312,1208083.59656244,1222.0,2.146427894761248e-09,1222.0,BID
403,1712452907.8679433,1211305.97014263,1222.0,1.689031898236869e-07,1222.0,BID
404,1712452910.284197,1211330.65331124,1222.0,1.2937872687482772e-09,1222.0,BID
405,1712452914.7194183,1212283.46345853,1222.0,4.994227676238431e-08,1222.0,BID
406,1712452918.094358,1212298.22535824,1220.0,-7.737563280163411e-10,1222.0,ASK
407,1712452918.0989702,1213142.13386443,1220.0,-4.4234113478060416e-08,1222.0,ASK
408,1712452920.6141827,1213142.13386443,1220.0,-0.0,1222.0,ASK
409,1712452921.0766492,1213183.0503947,1222.0,2.139955779102737e-09,1222.0,BID
410,1712452933.1141758,1213346.71651581,1222.0,8.559823118006159e-09,1222.0,BID
411,1712452940.0239632,1214278.71324248,1222.0,4.8743912745939924e-08,1222.0,BID
412,1712452942.4538643,1218142.71324248,1222.0,2.0208920638944178e-07,1222.0,BID
413,1712452944.914105,1218219.45023906,1222.0,4.0133847669628335e-09,1222.0,BID
414,1712452944.9181745,1218507.68869256,1222.0,1.5075020786420683e-08,1222.0,BID
415,1712452947.4076867,1219947.95055835,1222.0,7.532644343956477e-08,1222.0,BID
416,1712452950.6039038,1219947.95055835,1222.0,0.0,1222.0,BID
417,1712452957.6491363,1219952.19494738,1222.0,2.2188723630409096e-10,1222.0,BID
418,1712452957.6535144,1223332.95055835,1222.0,1.7673839834397758e-07,1222.0,BID
419,1712452957.6640348,1228553.95055835,1222.0,2.729422898123045e-07,1222.0,BID
420,1712452960.0938745,1228561.3130788,1222.0,3.848962249416717e-10,1222.0,BID
421,1712452961.484229,1231032.3130788,1222.0,1.291783945846015e-07,1222.0,BID
422,1712452961.5038762,1232495.3130788,1222.0,7.6482392261138e-08,1222.0,BID
423,1712452963.3843095,1233548.3130788,1222.0,5.5048502427189545e-08,1222.0,BID
424,1712452965.0635955,1234601.3130788,1222.0,5.5048502427189545e-08,1222.0,BID
425,1712452967.1438582,1234952.3130788,1222.0,1.834950080906318e-08,1222.0,BID
426,1712452973.9838493,1236697.3130788,1222.0,9.12247262444879e-08,1222.0,BID
427,1712452980.9758236,1236697.3130788,1222.0,0.0,1222.0,BID
428,1712452990.1583326,1236755.84997757,1221.0,-3.056908207389281e-09,1222.0,ASK
429,1712452990.1606855,1236780.4401415,1221.0,-1.2841451378284623e-09,1222.0,ASK
430,1712452990.8940618,1237486.30178889,1221.0,-3.6861437973844015e-08,1222.0,ASK
431,1712452990.9027958,1243934.48095014,1221.0,-3.367361820485742e-07,1222.0,ASK
432,1712452991.0336866,1244039.70431232,1221.0,5.494964137441427e-09,1222.0,BID
433,1712452991.553903,1246030.2526415,1221.0,1.039502203318545e-07,1222.0,BID
434,1712452991.5581398,1248115.70431232,1222.0,1.0890625336512333e-07,1222.0,BID
435,1712452992.0739083,1254036.70431232,1222.0,3.092058834052517e-07,1222.0,BID
436,1712452997.783924,1254232.99252744,1220.0,-1.0250543988882888e-08,1222.0,ASK
437,1712452997.7879622,1254723.73333135,1220.0,-2.5627418307039454e-08,1222.0,ASK
438,1712452998.724032,1254731.57161517,1220.0,-4.093300917021177e-10,1222.0,ASK
439,1712453001.2737992,1254739.75492122,1222.0,4.27347808878964e-10,1222.0,BID
440,1712453002.493912,1256379.81206514,1222.0,8.564690390489933e-08,1222.0,BID
441,1712453002.4962738,1263265.75492122,1222.0,3.595970349421157e-07,1222.0,BID
442,1712453003.5011551,1264111.75492122,1222.0,4.4179729329647534e-08,1222.0,BID
443,1712453006.0139394,1265359.75492122,1222.0,6.517293404657221e-08,1222.0,BID
444,1712453009.543838,1267104.75492122,1222.0,9.11272194801831e-08,1222.0,BID
445,1712453010.9639406,1267104.75492122,1222.0,0.0,1222.0,BID
446,1712453018.3544178,1267513.920224,1222.0,2.1326020198357363e-08,1222.0,BID
447,1712453027.2541602,1267543.08675427,1222.0,1.5201826973737064e-09,1222.0,BID
448,1712453036.224013,1268392.7941553,1222.0,4.428742386986588e-08,1222.0,BID
449,1712453036.228495,1268823.08675427,1221.0,2.2427191637439784e-08,1222.0,BID
450,1712453040.5937798,1268823.08675427,1221.0,0.0,1222.0,BID
451,1712453044.2147815,1269363.79019879,1222.0,2.8178809153157588e-08,1222.0,BID
452,1712453053.0142543,1270182.12080435,1222.0,4.2647373882984726e-08,1222.0,BID
453,1712453054.335245,1270422.52065768,1222.0,1.2528460205112316e-08,1222.0,BID
454,1712453060.354037,1270549.99637307,1222.0,6.6434084932159765e-09,1222.0,BID
455,1712453062.5752563,1270966.02832433,1221.0,-2.16815429511083e-08,1222.0,ASK
456,1712453062.5776074,1277612.35574807,1221.0,-3.463739577416988e-07,1222.0,ASK
457,1712453062.906788,1277636.90566623,1222.0,1.279421216139112e-09,1222.0,BID
458,1712453065.9538872,1277821.70791077,1222.0,9.630985770014068e-09,1222.0,BID
459,1712453066.0439637,1277982.74938982,1221.0,-8.392691316991948e-09,1222.0,ASK
460,1712453066.9266908,1278022.31225977,1222.0,2.061822563125897e-09,1222.0,BID
461,1712453070.6080863,1278022.31225977,1222.0,0.0,1222.0,BID
462,1712453079.2732186,1286460.31225977,1221.0,-4.394898274948727e-07,1222.0,ASK
463,1712453079.532701,1286555.90767401,1221.0,-4.97904860317615e-09,1222.0,ASK
464,1712453079.608307,1287314.92095671,1221.0,-3.953290076796984e-08,1222.0,ASK
465,1712453079.6238694,1288073.93422945,1221.0,-3.9532900249217854e-08,1222.0,ASK
466,1712453079.6641138,1290589.58834033,1221.0,-1.310268299629487e-07,1222.0,ASK
467,1712453085.0241451,1290749.01940459,1221.0,-8.303902693639902e-09,1222.0,ASK
468,1712453090.00398,1290830.91948649,1221.0,-4.265732740711851e-09,1222.0,ASK
469,1712453090.008799,1295866.8680089,1221.0,-2.622953481141243e-07,1222.0,ASK
470,1712453090.3838103,1296149.34680282,1221.0,1.4712794075713236e-08,1222.0,BID
471,1712453090.914007,1296829.34680282,1221.0,3.541752579953939e-08,1222.0,BID
472,1712453091.0338914,1297049.06364536,1221.0,1.1443863145965307e-08,1222.0,BID
473,1712453091.0935612,1297261.53799118,1221.0,1.1066640624736727e-08,1222.0,BID
474,1712453091.141172,1297501.51842009,1221.0,1.2499283871029865e-08,1222.0,BID
475,1712453091.1451402,1297742.3374578,1221.0,1.2542962472231083e-08,1222.0,BID
476,1712453097.3537853,1297971.20325578,1221.0,1.1920382800865393e-08,1222.0,BID
477,1712453097.413801,1298134.9800715,1221.0,8.530249406067731e-09,1222.0,BID
478,1712453097.483815,1298457.41138641,1221.0,1.6793705021186153e-08,1222.0,BID
479,1712453097.6738756,1298567.50979012,1221.0,5.734430961595478e-09,1222.0,BID
480,1712453097.9562843,1298744.62103994,1221.0,9.22476802925284e-09,1222.0,BID
481,1712453098.0138493,1298887.86267099,1221.0,7.460682593055562e-09,1222.0,BID
482,1712453098.0937588,1299082.41265283,1221.0,1.013305735458312e-08,1222.0,BID
483,1712453099.089518,1299183.78518456,1221.0,5.279947438116986e-09,1222.0,BID
484,1712453099.4040246,1299336.19838525,1221.0,7.938380099450757e-09,1222.0,BID
485,1712453099.4241185,1299488.76811642,1221.0,7.946532926377656e-09,1222.0,BID
486,1712453099.7640245,1299560.12979192,1221.0,3.716844092831873e-09,1222.0,BID
487,1712453099.7694786,1299629.7231055,1221.0,3.624739675282369e-09,1222.0,BID
488,1712453099.7840073,1299771.09943845,1221.0,7.363529293681945e-09,1222.0,BID
489,1712453099.9241164,1299969.6943424,1221.0,1.0343735491620525e-08,1222.0,BID
490,1712453099.9644573,1300168.49320608,1221.0,1.0354358651925182e-08,1222.0,BID
491,1712453100.9826772,1300168.49320608,1221.0,0.0,1222.0,BID
492,1712453102.4338465,1300176.68321427,1221.0,4.2785556742166006e-10,1222.0,BID
493,1712453104.31421,1300790.55805867,1220.0,-3.20695369019896e-08,1222.0,ASK
494,1712453104.3237095,1305473.45274552,1220.0,-2.44639872993748e-07,1222.0,ASK
495,1712453104.4077816,1305679.25003226,1220.0,-1.0751089968330396e-08,1222.0,ASK
496,1712453104.4100907,1305761.21724535,1220.0,-4.282062685768227e-09,1222.0,ASK
497,1712453104.4439723,1305761.21724537,1220.0,-1.0460475858476033e-18,1222.0,ASK
498,1712453106.74395,1305948.864295,1221.0,9.802900440630776e-09,1222.0,BID
499,1712453107.7337122,1307505.864295,1221.0,8.133949356599419e-08,1222.0,BID
500,1712453108.2573705,1309923.864295,1221.0,1.2631913644352853e-07,1222.0,BID
501,1712453108.9341524,1309943.958045,1221.0,1.049720904843735e-09,1222.0,BID
502,1712453108.9400969,1310593.864295,1221.0,3.395185949927708e-08,1222.0,BID
503,1712453109.563828,1311253.864295,1221.0,3.447916875629811e-08,1222.0,BID
504,1712453110.487775,1313148.864295,1220.0,9.89970072624014e-08,1222.0,BID
505,1712453110.623815,1313230.7643769,1220.0,4.278555674216603e-09,1222.0,BID
506,1712453111.2099977,1314008.7643769,1220.0,4.064362620060595e-08,1222.0,BID
507,1712453111.727877,1314060.17189205,1220.0,2.68558846999971e-09,1222.0,BID
508,1712453111.7333753,1314160.7643769,1221.0,5.2550685769053085e-09,1222.0,BID
509,1712453130.5938847,1314980.43650804,1220.0,-4.2820626870319984e-08,1222.0,ASK
510,1712453130.8743382,1315113.63126714,1220.0,6.958249358276641e-09,1222.0,BID
511,1712453130.983792,1315113.63126714,1220.0,0.0,1222.0,BID
512,1712453131.137282,1315514.14430403,1220.0,2.0903350649519903e-08,1222.0,BID
513,1712453131.143581,1315753.08195472,1220.0,1.2470499174067966e-08,1222.0,BID
514,1712453131.1539516,1315888.69919916,1220.0,7.078058773479985e-09,1222.0,BID
515,1712453131.1636715,1317715.43854896,1220.0,9.534015039968197e-08,1222.0,BID
516,1712453131.1936662,1317985.40701968,1221.0,1.4090042240795932e-08,1222.0,BID
517,1712453131.2059126,1318113.91917071,1221.0,6.707233743413198e-09,1222.0,BID
518,1712453131.2166288,1318155.91917071,1221.0,2.192040324321697e-09,1222.0,BID
519,1712453131.233953,1318859.91917071,1221.0,3.674277115053512e-08,1222.0,BID
520,1712453131.253966,1318979.91917071,1220.0,-6.2629723552048486e-09,1222.0,ASK
521,1712453131.2637427,1319092.91917071,1220.0,-5.897632301151232e-09,1222.0,ASK
522,1712453131.2676651,1320734.38977893,1220.0,-8.5670708676358e-08,1222.0,ASK
523,1712453131.3438635,1320792.38977893,1221.0,3.027103305015677e-09,1222.0,BID
524,1712453131.3640192,1320892.69457424,1221.0,5.235051334336603e-09,1222.0,BID
525,1712453131.393778,1321228.20253222,1221.0,1.7510642214835e-08,1222.0,BID
526,1712453131.4238183,1321814.72616409,1221.0,3.0611510767303806e-08,1222.0,BID
527,1712453131.4637785,1322002.30347619,1221.0,9.7899293345484e-09,1222.0,BID
528,1712453131.6724274,1327299.07300744,1221.0,2.764460095509175e-07,1222.0,BID
529,1712453131.676343,1329742.30347619,1221.0,1.2751570735979528e-07,1222.0,BID
530,1712453132.2099814,1330486.30347619,1221.0,3.883042860227006e-08,1222.0,BID
531,1712453132.883809,1335040.30347619,1221.0,2.37679800880024e-07,1222.0,BID
532,1712453134.3139918,1335570.06428263,1222.0,2.764897738004701e-08,1222.0,BID
533,1712453134.3193047,1335997.30347619,1221.0,2.229822715271165e-08,1222.0,BID
534,1712453138.7238064,1336079.13653674,1222.0,4.2709849663890924e-09,1222.0,BID
535,1712453144.263739,1336421.82968274,1222.0,1.7885647497630532e-08,1222.0,BID
536,1712453144.9542267,1336604.82968274,1221.0,-9.551032841687394e-09,1222.0,ASK
537,1712453144.9595876,1336682.33388442,1220.0,-4.045055604460374e-09,1222.0,ASK
538,1712453146.273693,1337349.33388442,1222.0,3.481168800768028e-08,1222.0,BID
539,1712453147.134134,1337449.33388442,1222.0,5.219143629337374e-09,1222.0,BID
540,1712453149.1641178,1337457.96875284,1221.0,-4.506661850421117e-10,1222.0,ASK
541,1712453154.889279,1337605.4750968,1222.0,7.698567953647978e-09,1222.0,BID
542,1712453155.8339512,1339394.92022838,1221.0,-9.339371158535124e-08,1222.0,ASK
543,1712453155.895007,1339505.67597599,1221.0,5.7805015455125374e-09,1222.0,BID
544,1712453155.9541316,1339610.39888149,1221.0,5.4656388508651265e-09,1222.0,BID
545,1712453155.973708,1339729.673606,1221.0,6.225119185662922e-09,1222.0,BID
546,1712453155.993597,1341489.701536,1221.0,9.18583855831586e-08,1222.0,BID
547,1712453156.01366,1341602.99376564,1221.0,5.912884185793708e-09,1222.0,BID
548,1712453156.0737908,1342605.47509679,1221.0,5.2320940530002064e-08,1222.0,BID
549,1712453156.0937638,1342715.14273945,1222.0,5.723711785344627e-09,1222.0,BID
550,1712453156.097756,1342715.14273946,1221.0,5.2252592533246405e-19,1222.0,BID
551,1712453156.1738558,1342869.55902607,1222.0,8.059207785256495e-09,1222.0,BID
552,1712453156.2540972,1342987.9623948,1222.0,6.17964187599775e-09,1222.0,BID
553,1712453156.754264,1344024.8632055,1222.0,5.4117342604191934e-08,1222.0,BID
554,1712453156.7571335,1344428.22426059,1222.0,2.1051992809962563e-08,1222.0,BID
555,1712453160.6937196,1344428.22426059,1222.0,0.0,1222.0,BID
556,1712453172.5537848,1344510.3273934,1222.0,4.277090584503577e-09,1222.0,BID
557,1712453172.5637517,1344725.12612315,1222.0,1.118975114754462e-08,1222.0,BID
558,1712453172.5683675,1344731.05075241,1222.0,3.0863835710930053e-10,1222.0,BID
559,1712453190.656241,1344731.05075241,1222.0,0.0,1222.0,BID
560,1712453210.9838157,1345058.38299463,1222.0,1.70517569128684e-08,1222.0,BID
561,1712453213.3004506,1345148.37882132,1222.0,4.688163162549862e-09,1222.0,BID
562,1712453213.3096178,1345226.86032806,1222.0,4.0883463419728875e-09,1222.0,BID
563,1712453220.9845016,1345226.86032806,1222.0,0.0,1222.0,BID
564,1712453223.59376,1345308.69338861,1222.0,4.262804684702322e-09,1222.0,BID
565,1712453227.5636826,1347236.62631249,1222.0,1.0042886633460805e-07,1222.0,BID
566,1712453230.575266,1347647.64093611,1221.0,-2.1410357272187224e-08,1222.0,ASK
567,1712453230.5778909,1347856.46102323,1221.0,-1.087774598255483e-08,1222.0,ASK
568,1712453230.883769,1349493.12223435,1222.0,8.52560937004988e-08,1222.0,BID
569,1712453231.4177668,1350252.13551705,1222.0,3.953812011314857e-08,1222.0,BID
570,1712453231.438883,1350554.09440679,1222.0,1.5729483427886783e-08,1222.0,BID
571,1712453231.4476075,1350842.71251823,1222.0,1.503454263191698e-08,1222.0,BID
572,1712453231.4516194,1351011.14878979,1222.0,8.774093534512195e-09,1222.0,BID
573,1712453232.3398385,1351197.30008868,1222.0,9.696895406817803e-09,1222.0,BID
574,1712453233.6840954,1351445.02923814,1222.0,1.2904576362668228e-08,1222.0,BID
575,1712453233.6899936,1353947.00557541,1222.0,1.3033163344829605e-07,1222.0,BID
576,1712453233.693944,1354436.3702752,1222.0,2.549172816924322e-08,1222.0,BID
577,1712453249.9436984,1354442.3702752,1221.0,-3.1254883950781045e-10,1222.0,ASK
578,1712453250.983881,1354442.3702752,1221.0,-0.0,1222.0,ASK
579,1712453270.4740682,1354643.99798383,1221.0,-1.0496927020691913e-08,1222.0,ASK
580,1712453270.4793434,1354673.10141829,1221.0,-1.5151520078962003e-09,1222.0,ASK
581,1712453280.9936469,1354673.10141829,1221.0,-0.0,1222.0,ASK
582,1712453290.7673016,1354813.99432336,1223.0,7.334908784819181e-09,1223.0,BID
583,1712453290.7723658,1354847.53586909,1223.0,1.746178619200888e-09,1223.0,BID
584,1712453299.553831,1354884.94643608,1223.0,1.9476005290965486e-09,1223.0,BID
585,1712453306.983645,1355008.1169185,1222.0,6.4122764243173905e-09,1223.0,BID
586,1712453308.6337285,1356644.77812962,1222.0,8.520486314945333e-08,1223.0,BID
587,1712453311.0129154,1356644.77812962,1222.0,0.0,1223.0,BID
588,1712453312.3641157,1357366.96889098,1223.0,3.759265902661751e-08,1223.0,BID
589,1712453312.370278,1358189.99632252,1222.0,4.2841574911847456e-08,1223.0,BID
590,1712453312.3751616,1358190.83130004,1223.0,4.3463620529514894e-11,1223.0,BID
591,1712453321.2238748,1358271.76247133,1223.0,4.212762181000948e-09,1223.0,BID
592,1712453321.229616,1358884.02272558,1223.0,3.1870375813498354e-08,1223.0,BID
593,1712453326.684224,1359047.68884669,1221.0,-8.519417603065512e-09,1223.0,ASK
594,1712453326.6907065,1360354.41506005,1221.0,-6.80198579215913e-08,1223.0,ASK
595,1712453327.089955,1360360.41506005,1221.0,3.1232184933380573e-10,1223.0,BID
596,1712453327.3037598,1360421.41506005,1221.0,3.175272134893691e-09,1223.0,BID
597,1712453327.7237942,1360546.59853631,1221.0,6.5162558019227515e-09,1223.0,BID
598,1712453328.4038432,1360853.49853631,1221.0,1.5975262593419315e-08,1223.0,BID
599,1712453328.6846974,1360991.0565077,1221.0,7.160393335853394e-09,1223.0,BID
600,1712453328.7540154,1361095.56521298,1221.0,5.440058684089726e-09,1223.0,BID
601,1712453329.133806,1361191.9595846,1221.0,5.017678068295714e-09,1223.0,BID
602,1712453329.8736467,1361296.4624945,1221.0,5.439757013451291e-09,1223.0,BID
603,1712453330.0934737,1368884.02272558,1221.0,3.949601405504264e-07,1223.0,BID
604,1712453330.1937463,1368979.85886099,1222.0,-4.988619840709642e-09,1223.0,ASK
605,1712453330.213717,1368979.858861,1222.0,-5.211463633208243e-19,1223.0,ASK
606,1712453340.5899568,1368979.858861,1222.0,-0.0,1223.0,ASK
607,1712453347.163821,1370664.29168636,1223.0,8.761215862779221e-08,1223.0,BID
608,1712453347.1685052,1371432.84332543,1223.0,3.997456419876144e-08,1223.0,BID
609,1712453354.313944,1371514.67638598,1222.0,-4.256371031225552e-09,1223.0,ASK
610,1712453356.7238426,1371636.57685705,1222.0,6.340391404977443e-09,1223.0,BID
611,1712453356.7436078,1371753.81412307,1222.0,6.097844801528977e-09,1223.0,BID
612,1712453360.9837472,1371886.27430472,1222.0,6.889632089725191e-09,1223.0,BID
613,1712453361.4038832,1372110.66703889,1222.0,1.1671306522313286e-08,1223.0,BID
614,1712453370.643563,1372110.66703889,1222.0,0.0,1223.0,BID
615,1712453384.363623,1374563.65150332,1220.0,-1.275613227089461e-07,1223.0,ASK
616,1712453384.3739405,1374685.55197439,1220.0,-6.339129152261827e-09,1223.0,ASK
617,1712453384.3781643,1374849.35213819,1221.0,-8.51801789097009e-09,1223.0,ASK
618,1712453384.3827827,1379025.35213819,1220.0,-2.1716243676102442e-07,1223.0,ASK
619,1712453384.3856187,1382110.66703889,1220.0,-1.6044408573062994e-07,1223.0,ASK
620,1712453387.663947,1382117.66703889,1221.0,-3.6401749457068247e-10,1223.0,ASK
621,1712453396.814005,1382276.19618888,1221.0,8.243911999388286e-09,1223.0,BID
622,1712453400.7637875,1382276.19618888,1221.0,0.0,1223.0,BID
623,1712453406.9434705,1382703.57473138,1220.0,-2.2359230491242567e-08,1223.0,ASK
624,1712453408.663793,1383803.57473138,1220.0,-5.7548873175732943e-08,1223.0,ASK
625,1712453416.879537,1384616.44362161,1220.0,-4.2526989702135945e-08,1223.0,ASK
626,1712453417.5737138,1385375.45689435,1220.0,-3.970941688328108e-08,1223.0,ASK
627,1712453417.7336862,1385710.98923043,1220.0,-1.755409805038567e-08,1223.0,ASK
628,1712453417.736685,1385939.71673409,1220.0,-1.196637281811427e-08,1223.0,ASK
629,1712453417.7394023,1386134.47017704,1220.0,-1.0188946535337777e-08,1223.0,ASK
630,1712453417.8352196,1386397.41033486,1220.0,-1.3756281631991514e-08,1223.0,ASK
631,1712453418.873798,1386565.95458909,1220.0,8.81775628289696e-09,1223.0,BID
632,1712453420.1120615,1386595.95458909,1221.0,1.5695147229745343e-09,1223.0,BID
633,1712453420.1162174,1386717.85506016,1221.0,6.377486136055363e-09,1223.0,BID
634,1712453420.1189313,1386756.70395208,1221.0,2.032463594665488e-09,1223.0,BID
635,1712453430.640042,1386756.70395208,1221.0,0.0,1223.0,BID
636,1712453431.0508869,1386977.59835818,1220.0,1.155326333624741e-08,1223.0,BID
637,1712453444.1177044,1387059.56557129,1220.0,4.287065547377643e-09,1223.0,BID
638,1712453445.17433,1387208.73396467,1220.0,7.801835096654881e-09,1223.0,BID
639,1712453446.8638752,1387376.22707508,1220.0,8.760258105852022e-09,1223.0,BID
640,1712453447.1654615,1387500.85178836,1220.0,6.518146639157971e-09,1223.0,BID
641,1712453447.5039842,1387596.64717831,1220.0,5.010309613686202e-09,1223.0,BID
642,1712453451.424214,1387758.46520904,1220.0,8.463438955232757e-09,1223.0,BID
643,1712453451.5106423,1387878.70395208,1220.0,6.288750747870933e-09,1223.0,BID
644,1712453451.5154338,1387881.28482936,1220.0,1.3498555884353322e-10,1223.0,BID
645,1712453457.0840085,1388077.88506382,1220.0,1.0282624720062432e-08,1223.0,BID
646,1712453458.5638144,1389029.0361719,1221.0,4.9747295181605664e-08,1223.0,BID
647,1712453458.5778618,1389400.64466454,1221.0,1.9435941585203983e-08,1223.0,BID
648,1712453458.5806446,1389981.4635528,1220.0,3.0378105472272523e-08,1223.0,BID
649,1712453460.96359,1389981.4635528,1220.0,0.0,1223.0,BID
650,1712453465.733759,1390136.15935502,1220.0,-8.089265668567503e-09,1223.0,ASK
651,1712453467.724026,1390289.30819922,1220.0,-8.008373012011251e-09,1223.0,ASK
652,1712453487.3056889,1390473.26683148,1220.0,-9.619461077947798e-09,1223.0,ASK
653,1712453488.813787,1390657.22546373,1220.0,9.619461077436448e-09,1223.0,BID
654,1712453490.9755845,1390657.22546373,1220.0,0.0,1223.0,BID
655,1712453498.614,1390662.22546373,1220.0,-2.6144590979176477e-10,1223.0,ASK
656,1712453498.733764,1390672.22546373,1220.0,5.22891819583529e-10,1223.0,BID
657,1712453501.2237742,1390811.56972602,1220.0,7.286197485736752e-09,1223.0,BID
658,1712453507.2238135,1391136.27950227,1220.0,1.6978808573989552e-08,1223.0,BID
659,1712453517.9675324,1391284.69496184,1220.0,7.76052297088879e-09,1223.0,BID
660,1712453518.976185,1391603.99194724,1220.0,1.6695778168329423e-08,1223.0,BID
661,1712453518.980514,1391694.53102741,1220.0,4.734214437350157e-09,1223.0,BID
662,1712453520.624189,1391694.53102741,1220.0,0.0,1223.0,BID
663,1712453524.413611,1391704.53102741,1220.0,5.22857220746941e-10,1223.0,BID
664,1712453539.5783386,1391815.16492897,1220.0,5.784573429004212e-09,1223.0,BID
665,1712453543.633778,1393805.58492897,1220.0,1.0407054693192097e-07,1223.0,BID
666,1712453543.7138548,1394882.68047183,1220.0,5.631671820186893e-08,1223.0,BID
667,1712453543.7201283,1395095.9075096,1220.0,1.1148729635651224e-08,1223.0,BID
668,1712453543.8136785,1395287.34407842,1220.0,1.0009399232251273e-08,1223.0,BID
669,1712453543.833561,1395553.13577122,1220.0,1.3897110579509622e-08,1223.0,BID
670,1712453543.8973486,1395780.83974603,1220.0,1.1905666742216889e-08,1223.0,BID
671,1712453543.933648,1396700.32767714,1220.0,4.807609041705111e-08,1223.0,BID
672,1712453544.8537414,1397967.45274563,1220.0,6.62525491649421e-08,1223.0,BID
673,1712453544.8587196,1403439.25090326,1220.0,2.860969177186667e-07,1223.0,BID
674,1712453545.086576,1403709.19682126,1220.0,1.4114317243749846e-08,1223.0,BID
675,1712453545.6735532,1403785.19682126,1220.0,3.9737148776767526e-09,1223.0,BID
676,1712453545.8137376,1404014.42290914,1220.0,1.1985251523155517e-08,1223.0,BID
677,1712453546.0639448,1404096.39012225,1220.0,4.285714923910184e-09,1223.0,BID
678,1712453546.1440804,1404534.74911092,1220.0,2.2919916250540146e-08,1223.0,BID
679,1712453549.2338178,1404688.15244057,1220.0,8.020803859421626e-09,1223.0,BID
680,1712453549.2389357,1404813.29227138,1220.0,6.543026414206838e-09,1223.0,BID
681,1712453549.9335678,1404938.13099316,1220.0,6.527282711142533e-09,1223.0,BID
682,1712453549.936793,1405587.29227138,1220.0,3.394186617467071e-08,1223.0,BID
683,1712453550.5464845,1405708.29227138,1220.0,6.3265723710379884e-09,1223.0,BID
684,1712453550.6133115,1405708.35518895,1220.0,3.289690572623843e-12,1223.0,BID
685,1712453550.6545384,1405708.35518895,1220.0,0.0,1223.0,BID
686,1712453551.423779,1405713.27120697,1221.0,2.5680798561764887e-10,1223.0,BID
687,1712453551.543679,1405716.57887316,1221.0,1.7278925501562252e-10,1223.0,BID
688,1712453551.5494888,1405717.36621106,1221.0,4.112976381444086e-11,1223.0,BID
689,1712453554.453986,1405722.34514665,1220.0,-2.600947380900715e-10,1223.0,ASK
690,1712453555.1749165,1407710.51514665,1221.0,1.0386006126805076e-07,1223.0,BID
691,1712453555.493623,1407944.51514665,1221.0,1.2223931724512888e-08,1223.0,BID
692,1712453555.5135877,1410721.51514665,1221.0,1.45067770935779e-07,1223.0,BID
693,1712453558.993658,1411312.52686397,1220.0,-3.08738755594405e-08,1223.0,ASK
694,1712453558.998968,1415100.88740634,1220.0,-1.979002590502973e-07,1223.0,ASK
695,1712453562.0637474,1415100.93006844,1221.0,2.2286264821845466e-12,1223.0,BID
696,1712453565.43376,1415109.11337449,1222.0,4.274879249412496e-10,1223.0,BID
697,1712453576.7686915,1415257.18845452,1222.0,7.735297728150726e-09,1223.0,BID
698,1712453576.7717035,1416503.21174265,1222.0,6.509104103100396e-08,1223.0,BID
699,1712453578.1637752,1416929.93373353,1222.0,2.2291540520796773e-08,1223.0,BID
700,1712453580.9536724,1416929.93373353,1222.0,0.0,1223.0,BID
701,1712453583.8438275,1418321.64982702,1222.0,7.264990118817029e-08,1223.0,BID
702,1712453583.8501778,1418917.08373353,1222.0,3.108264298615882e-08,1223.0,BID
703,1712453595.646456,1418998.91679408,1222.0,4.271822242119487e-09,1223.0,BID
704,1712453595.6535306,1419196.43561569,1222.0,1.0310811910480769e-08,1223.0,BID
705,1712453595.683498,1419278.26867624,1222.0,4.271822242119487e-09,1223.0,BID
706,1712453610.8391716,1419528.03334909,1222.0,1.3038132480992061e-08,1223.0,BID
707,1712453610.8541307,1419714.87578338,1222.0,9.753486686266024e-09,1223.0,BID
708,1712453610.9836154,1419714.87578338,1222.0,0.0,1223.0,BID
709,1712453611.2154026,1420273.94671279,1222.0,2.91792511632977e-08,1223.0,BID
710,1712453611.2249565,1421104.27578338,1222.0,4.3336863400309054e-08,1223.0,BID
711,1712453611.896273,1421273.94671279,1222.0,8.855532283870787e-09,1223.0,BID
712,1712453611.8994255,1421899.03664616,1222.0,3.262494114064501e-08,1223.0,BID
713,1712453611.902459,1422250.57578338,1222.0,1.834766974826196e-08,1223.0,BID
714,1712453619.013446,1422348.11789337,1222.0,5.090956400469268e-09,1223.0,BID
715,1712453625.9637208,1422354.96320333,1222.0,3.5727312601095245e-10,1223.0,BID
716,1712453633.953653,1422841.83969652,1222.0,2.5411250581895725e-08,1223.0,BID
717,1712453633.965734,1423540.94299209,1222.0,3.64878758265039e-08,1223.0,BID
718,1712453633.9710083,1424034.4001475,1222.0,2.575471110834684e-08,1223.0,BID
719,1712453636.0237343,1428399.80652525,1223.0,2.278410169897693e-07,1223.0,BID
720,1712453636.5836046,1428505.47304823,1222.0,-5.5149889779420294e-09,1223.0,ASK
721,1712453640.6957202,1428505.47304823,1222.0,-0.0,1223.0,ASK
722,1712453663.0740168,1431236.29715882,1222.0,-1.424483554792105e-07,1223.0,ASK
723,1712453663.0803497,1433505.47304823,1222.0,-1.183673355182339e-07,1223.0,ASK
724,1712453666.04463,1433895.70761844,1222.0,-2.0355859816087653e-08,1223.0,ASK
725,1712453670.663645,1433895.70761844,1222.0,-0.0,1223.0,ASK
726,1712453701.006405,1433895.70761844,1222.0,-0.0,1223.0,ASK
727,1712453707.2641394,1434014.84950668,1223.0,6.26796600035423e-09,1223.0,BID
728,1712453707.2687552,1436000.04950668,1223.0,1.0443989337193193e-07,1223.0,BID
729,1712453707.2835891,1436327.63239001,1223.0,1.7233891499815718e-08,1223.0,BID
730,1712453707.8036838,1436430.53302599,1223.0,5.413525815868146e-09,1223.0,BID
731,1712453707.8096793,1436470.62340311,1223.0,2.1091248799416073e-09,1223.0,BID
732,1712453707.923755,1436740.69155209,1223.0,1.4208084164121965e-08,1223.0,BID
733,1712453708.7740028,1436750.35416938,1222.0,-5.083430986568869e-10,1223.0,ASK
734,1712453708.7807517,1436930.58514319,1222.0,-9.481817291483964e-09,1223.0,ASK
735,1712453708.7841923,1446259.67378231,1222.0,-4.907964047586588e-07,1223.0,ASK
736,1712453708.9136057,1446819.2139101,1222.0,2.94369893631404e-08,1223.0,BID
737,1712453708.9338071,1447459.70730472,1222.0,3.3695880434986465e-08,1223.0,BID
738,1712453708.9569812,1447716.93670186,1222.0,1.3532646992455709e-08,1223.0,BID
739,1712453708.9607406,1447921.79005604,1222.0,1.0777182383356676e-08,1223.0,BID
740,1712453708.9807825,1452514.79005604,1222.0,2.416343090153326e-07,1223.0,BID
741,1712453709.0139277,1452720.44433503,1222.0,1.0819318441055169e-08,1223.0,BID
742,1712453709.0335035,1452978.56066752,1222.0,1.3579308000607949e-08,1223.0,BID
743,1712453709.053642,1453192.62563181,1222.0,1.1261798330199953e-08,1223.0,BID
744,1712453709.0794156,1453501.30198028,1222.0,1.6239232782922068e-08,1223.0,BID
745,1712453709.1138616,1453979.30198028,1222.0,2.5147223973291743e-08,1223.0,BID
746,1712453709.1207716,1454408.7236787,1222.0,2.259155570952956e-08,1223.0,BID
747,1712453709.194667,1454655.31089706,1222.0,1.2972769893412189e-08,1223.0,BID
748,1712453709.233953,1454838.47968062,1222.0,9.636373274261396e-09,1223.0,BID
749,1712453709.2414622,1454993.86467697,1222.0,8.174688923235348e-09,1223.0,BID
750,1712453709.3600285,1455908.86467697,1222.0,4.813746848443921e-08,1223.0,BID
751,1712453709.4934072,1456025.86467697,1222.0,6.155282855387309e-09,1223.0,BID
752,1712453709.633423,1457297.86467697,1222.0,6.691897258164664e-08,1223.0,BID
753,1712453709.7335649,1457610.42202119,1222.0,1.6443409078649727e-08,1223.0,BID
754,1712453709.7935588,1457636.42202119,1222.0,1.3678406345305131e-09,1223.0,BID
755,1712453709.8784492,1457870.86033866,1222.0,1.2333625266402216e-08,1223.0,BID
756,1712453709.959025,1457987.86033866,1222.0,6.155282855387309e-09,1223.0,BID
757,1712453710.117515,1458103.86033866,1222.0,6.102673600213059e-09,1223.0,BID
758,1712453710.2173862,1458238.89092547,1222.0,7.103858597820497e-09,1223.0,BID
759,1712453710.253657,1458330.89092547,1222.0,4.840051476031047e-09,1223.0,BID
760,1712453710.4934788,1458468.89092547,1222.0,7.2600772140465715e-09,1223.0,BID
761,1712453710.5899527,1458746.53582372,1222.0,1.4606691299863096e-08,1223.0,BID
762,1712453710.7136824,1458863.53582372,1222.0,6.155282855387309e-09,1223.0,BID
763,1712453711.123819,1460163.53582372,1222.0,6.839203172652566e-08,1223.0,BID
764,1712453711.4437666,1460441.56366974,1221.0,-1.4626837896810668e-08,1223.0,ASK
765,1712453711.450605,1477909.6701109,1221.0,-9.189840691739536e-07,1223.0,ASK
766,1712453711.4562018,1483297.46863669,1221.0,-2.834480674707361e-07,1223.0,ASK
767,1712453711.5838182,1485497.06592851,1221.0,1.157191752059479e-07,1223.0,BID
768,1712453711.6038065,1485497.36057363,1222.0,1.5501060312183575e-11,1223.0,BID
769,1712453711.7573357,1488426.27223405,1223.0,1.5408786092587405e-07,1223.0,BID
770,1712453711.7618864,1489573.36057363,1223.0,6.034746316437102e-08,1223.0,BID
771,1712453711.76756,1493649.36057363,1223.0,2.144353240902451e-07,1223.0,BID
772,1712453711.9237032,1495848.36057363,1223.0,1.1568775212817689e-07,1223.0,BID
773,1712453712.2841196,1495986.07322989,1222.0,-7.244960273906313e-09,1223.0,ASK
774,1712453712.289764,1496123.87988381,1222.0,-7.249905420779678e-09,1223.0,ASK
775,1712453712.295525,1497761.87988381,1221.0,-8.617395997542233e-08,1223.0,ASK
776,1712453712.2990687,1497951.55981417,1222.0,-9.978919857746276e-09,1223.0,ASK
777,1712453712.3021915,1499098.45987571,1221.0,-6.03375579969253e-08,1223.0,ASK
778,1712453712.3053572,1499448.48665601,1222.0,-1.8414648202615727e-08,1223.0,ASK
779,1712453712.308553,1499732.02513034,1221.0,-1.49167479477436e-08,1223.0,ASK
780,1712453712.3117304,1499924.36057363,1222.0,-1.0118624415105842e-08,1223.0,ASK
781,1712453731.0167496,1499924.36057363,1222.0,-0.0,1223.0,ASK
782,1712453733.9582343,1500608.33037269,1222.0,-3.583107162217451e-08,1223.0,ASK
783,1712453734.0836046,1500917.07944855,1223.0,1.6174413352206364e-08,1223.0,BID
784,1712453747.2958095,1500921.27944855,1223.0,2.2002506692299576e-10,1223.0,BID
785,1712453747.9637072,1501921.27944855,1223.0,5.238692069653221e-08,1223.0,BID
786,1712453747.969362,1502547.06164969,1223.0,3.2782802544420176e-08,1223.0,BID
787,1712453750.233734,1502552.06164969,1223.0,2.61934603482661e-10,1223.0,BID
788,1712453750.2400465,1503475.09035779,1223.0,4.835463173186178e-08,1223.0,BID
789,1712453750.2455714,1505132.19144544,1223.0,8.68104232648605e-08,1223.0,BID
790,1712453751.2537477,1505183.62339784,1223.0,-2.6943616116413903e-09,1223.0,ASK
791,1712453760.5934873,1505183.62339784,1223.0,-0.0,1223.0,ASK
792,1712453761.3388472,1505351.2679913,1223.0,8.779426050211647e-09,1223.0,BID
793,1712453763.7063408,1505552.54195665,1223.0,-1.0540571921549325e-08,1223.0,ASK
794,1712453773.3369818,1505749.88077388,1224.0,1.0334491062008769e-08,1224.0,BID
795,1712453773.3401506,1505760.38752095,1224.0,5.502307412696487e-10,1224.0,BID
796,1712453773.3523688,1505916.92104161,1224.0,8.197547207751663e-09,1224.0,BID
797,1712453773.473721,1506299.66855459,1223.0,-2.0044210294875163e-08,1224.0,ASK
798,1712453777.2738483,1506901.26191325,1224.0,3.1505008874100586e-08,1224.0,BID
799,1712453777.2802944,1507230.14241079,1224.0,1.7223233674987787e-08,1224.0,BID
800,1712453782.9738152,1508712.85845135,1224.0,7.764876613609316e-08,1224.0,BID
801,1712453782.9773822,1513434.79302605,1224.0,2.472842968383853e-07,1224.0,BID
802,1712453782.9946854,1513934.79302605,1224.0,2.618463819504381e-08,1224.0,BID
803,1712453783.001815,1516571.3547742,1224.0,1.3807483090838973e-07,1224.0,BID
804,1712453783.0076168,1516604.24061994,1225.0,1.7222079448847115e-09,1225.0,BID
805,1712453783.011631,1547964.8535537,1225.0,1.6423326064906365e-06,1225.0,BID
806,1712453783.015025,1550628.96770796,1225.0,1.3951773047918164e-07,1225.0,BID
807,1712453783.018431,1550840.30075392,1225.0,1.1067358694247294e-08,1225.0,BID
808,1712453783.029491,1552388.51934338,1225.0,8.107908722369075e-08,1225.0,BID
809,1712453783.0328708,1552404.39900308,1225.0,8.31606287820698e-10,1225.0,BID
810,1712453783.0363202,1554076.6127148,1226.0,8.75726220523569e-08,1226.0,BID
811,1712453783.0396864,1554521.51446564,1226.0,2.3299182756174586e-08,1226.0,BID
812,1712453783.0430574,1554547.93109638,1226.0,1.383419836520282e-09,1226.0,BID
813,1712453783.0464716,1555129.83273572,1227.0,3.0473767782440485e-08,1227.0,BID
814,1712453783.0498557,1555645.92751168,1227.0,2.70275099657217e-08,1227.0,BID
1015,1712453783.053234,1555847.27310624,1227.0,1.054432309144068e-08,1227.0,BID
815,1712453783.053234,1555847.27310624,1227.0,1.0544323091440681e-08,1227.0,BID
816,1712453783.056661,1556870.76089308,1227.0,5.3599314790900375e-08,1227.0,BID
817,1712453783.0600405,1559304.83018398,1227.0,1.2747044744777388e-07,1227.0,BID
818,1712453783.0634513,1561994.51365918,1228.0,1.408567773145926e-07,1228.0,BID
819,1712453783.1646986,1564801.5963281,1228.0,1.470048881384988e-07,1228.0,BID
820,1712453783.1698976,1566060.51365918,1227.0,6.592858966359748e-08,1228.0,BID
821,1712453786.0737886,1569100.63906634,1228.0,1.5920916770809117e-07,1228.0,BID
822,1712453789.838624,1569167.49006706,1228.0,3.500938533668498e-09,1228.0,BID
823,1712453789.8428245,1573229.37170895,1228.0,2.1271780236795626e-07,1228.0,BID
824,1712453789.8459983,1573560.09182485,1228.0,1.7319573157330992e-08,1228.0,BID
825,1712453789.8493364,1573618.31715937,1229.0,3.04921863638246e-09,1229.0,BID
826,1712453789.852568,1573735.82219877,1228.0,6.153653885564402e-09,1229.0,BID
827,1712453789.855901,1574791.82219877,1229.0,5.5301955867932536e-08,1229.0,BID
828,1712453789.8591237,1576114.36240892,1228.0,6.926047380234728e-08,1229.0,BID
829,1712453789.8623323,1577846.43726172,1229.0,9.070750669460336e-08,1229.0,BID
830,1712453789.865537,1577908.67104549,1229.0,-3.2591382230583517e-09,1229.0,ASK
831,1712453790.6504788,1577908.67104549,1229.0,-0.0,1229.0,ASK
832,1712453794.5638828,1577930.86116317,1230.0,1.1566825348470626e-09,1230.0,BID
833,1712453794.5724125,1578190.47119566,1230.0,1.3532437942988934e-08,1230.0,BID
834,1712453794.5763004,1579052.75916328,1230.0,4.494764050096185e-08,1230.0,BID
835,1712453798.597351,1579207.07175474,1229.0,-8.043701345924285e-09,1230.0,ASK
836,1712453798.601765,1579266.44843453,1227.0,-3.095070043371784e-09,1230.0,ASK
837,1712453811.7637155,1579273.72635232,1228.0,-3.7936889380830927e-10,1230.0,ASK
838,1712453820.9736493,1579273.72635232,1228.0,-0.0,1230.0,ASK
839,1712453823.4636562,1579278.72635232,1230.0,2.606073000234263e-10,1230.0,BID
840,1712453830.3139205,1579340.6777561,1230.0,3.2289976143486347e-09,1230.0,BID
841,1712453830.3204076,1579416.92445132,1230.0,3.974089075398905e-09,1230.0,BID
842,1712453830.326173,1579870.01253118,1230.0,2.3615612233020974e-08,1230.0,BID
843,1712453831.693647,1579956.39065283,1230.0,4.502153812864444e-09,1230.0,BID
844,1712453831.7019978,1580014.80494941,1230.0,3.0446384228969643e-09,1230.0,BID
845,1712453834.0637305,1580093.06471869,1230.0,4.079013434502136e-09,1230.0,BID
846,1712453839.4603846,1580628.57912063,1230.0,2.7911792482645043e-08,1230.0,BID
847,1712453839.4644456,1580785.1321981,1230.0,8.15977496596537e-09,1230.0,BID
848,1712453839.468398,1593376.86271869,1230.0,6.562993787187051e-07,1230.0,BID
849,1712453841.4136472,1594677.02532031,1230.0,6.776637303992221e-08,1230.0,BID
850,1712453842.0335946,1597166.81025148,1230.0,1.2977122571024808e-07,1230.0,BID
851,1712453842.5336018,1597846.33146348,1230.0,3.5417637673589816e-08,1230.0,BID
852,1712453842.5558548,1597870.72170738,1230.0,1.2712551219388115e-09,1230.0,BID
853,1712453842.7186651,1599843.10170738,1230.0,1.0280332528404745e-07,1230.0,BID
854,1712453842.9587932,1600443.10170738,1230.0,3.1272876002811155e-08,1230.0,BID
855,1712453843.3137202,1600553.74032526,1230.0,5.766646296803152e-09,1230.0,BID
856,1712453843.31997,1601313.74032526,1230.0,3.961230960356079e-08,1230.0,BID
857,1712453844.3639667,1602229.74032526,1230.0,4.77432573642917e-08,1230.0,BID
858,1712453844.3704743,1602685.23259739,1230.0,2.3740922244266007e-08,1230.0,BID
859,1712453844.5237703,1604194.10003069,1230.0,7.864437357711854e-08,1230.0,BID
860,1712453844.5299096,1604194.23259739,1231.0,6.909569951534155e-12,1231.0,BID
861,1712453850.6253655,1604323.31932301,1231.0,6.728188606543156e-09,1231.0,BID
862,1712453850.6311183,1606039.1050588,1231.0,8.942925760458373e-08,1231.0,BID
863,1712453851.000381,1606039.1050588,1231.0,0.0,1231.0,BID
864,1712453856.323848,1606630.39123766,1230.0,-3.0765904371776215e-08,1231.0,ASK
865,1712453858.473976,1607231.3677923,1230.0,-3.127011567456917e-08,1231.0,ASK
866,1712453858.4813116,1607946.13288968,1230.0,-3.719078074287856e-08,1231.0,ASK
867,1712453868.3239262,1607962.39305229,1230.0,-8.460515834971013e-10,1231.0,ASK
868,1712453871.333758,1608357.12002669,1230.0,-2.0538501966615017e-08,1231.0,ASK
869,1712453871.3410237,1608784.77037198,1230.0,-2.2251576475397943e-08,1231.0,ASK
870,1712453873.688936,1609990.27037198,1231.0,6.272478377843243e-08,1231.0,BID
871,1712453873.8291116,1611473.00062576,1231.0,7.714967612616548e-08,1231.0,BID
872,1712453873.8324654,1611481.19732576,1231.0,4.2649210717119676e-10,1231.0,BID
873,1712453875.37363,1611497.65824225,1231.0,-8.56497243993299e-10,1231.0,ASK
874,1712453876.4933972,1611727.06030205,1232.0,1.1936287514957693e-08,1232.0,BID
875,1712453876.4969783,1613499.86441924,1232.0,9.224284938386941e-08,1232.0,BID
876,1712453876.5036893,1616889.18572497,1232.0,1.763537503588081e-07,1232.0,BID
877,1712453876.507278,1617048.22485398,1233.0,8.275151372425097e-09,1233.0,BID
878,1712453876.5109596,1618307.14218506,1232.0,6.550420355613925e-08,1233.0,BID
879,1712453876.516897,1618716.64259456,1233.0,2.1307195888067574e-08,1233.0,BID
880,1712453876.521306,1622679.02942341,1232.0,2.0617159443063146e-07,1233.0,BID
881,1712453876.5247965,1631497.65824225,1233.0,4.588524146694262e-07,1233.0,BID
882,1712453877.708741,1631565.78918619,1231.0,-3.5450010180492112e-09,1233.0,ASK
1082,1712453877.708741,1631565.78918619,1231.0,-3.545001018049211e-09,1233.0,ASK
883,1712453880.3936243,1632824.70651727,1231.0,-6.550420355612714e-08,1233.0,ASK
884,1712453880.6445382,1632824.70651727,1231.0,-0.0,1233.0,ASK
885,1712453881.7135756,1634409.00651727,1231.0,8.229326926031476e-08,1233.0,BID
886,1712453882.490197,1634529.07859125,1231.0,6.236901795544041e-09,1233.0,BID
887,1712453889.6636095,1635958.81051651,1231.0,7.426454225555151e-08,1233.0,BID
1088,1712453893.5436752,1635975.0574702,1231.0,8.4391525258323e-10,1233.0,BID
888,1712453893.5436752,1635975.0574702,1231.0,8.439152525832301e-10,1233.0,BID
889,1712453897.1136458,1635993.87256047,1231.0,9.77311929399346e-10,1233.0,BID
890,1712453897.1210036,1641584.60427646,1231.0,2.903992870454666e-07,1233.0,BID
891,1712453905.463119,1643254.0239983,1231.0,-8.671464159431283e-08,1233.0,ASK
892,1712453905.4685173,1646390.09271113,1231.0,-1.6289676639761884e-07,1233.0,ASK
893,1712453907.0564473,1647016.99327969,1231.0,-3.256308608719993e-08,1233.0,ASK
894,1712453909.033622,1647029.17849496,1231.0,6.32936439576503e-10,1233.0,BID
895,1712453909.3691232,1648653.87386457,1231.0,8.439152529021473e-08,1233.0,BID
896,1712453910.610976,1648653.87386457,1231.0,0.0,1233.0,BID
897,1712453912.6739256,1650653.87386457,1231.0,1.0378092621875502e-07,1233.0,BID
898,1712453925.810007,1650678.87386457,1232.0,1.297261577734437e-09,1233.0,BID
899,1712453925.8135571,1651419.61225648,1232.0,3.84372581991045e-08,1233.0,BID
900,1712453932.2878788,1651722.68855518,1232.0,1.5726769497028367e-08,1233.0,BID
901,1712453933.473992,1651731.68855518,1232.0,4.670141679843974e-10,1233.0,BID
902,1712453933.717046,1651838.53319081,1231.0,-5.544217623582689e-09,1233.0,ASK
903,1712453937.5237718,1651846.65669081,1231.0,-4.215321770804333e-10,1233.0,ASK
904,1712453937.5341058,1652642.98589758,1231.0,-4.1321891326809226e-08,1233.0,ASK
905,1712453938.7337797,1653683.40565222,1231.0,5.3987862896412793e-08,1233.0,BID
906,1712453941.0060267,1653683.40565222,1231.0,0.0,1233.0,BID
907,1712453950.1476305,1653975.40565222,1231.0,-1.51471480231063e-08,1233.0,ASK
908,1712453950.1512313,1653984.40565222,1231.0,-4.66864151397111e-10,1233.0,ASK
909,1712453952.8441992,1654128.59224894,1230.0,-7.479505902280758e-09,1233.0,ASK
910,1712453954.473561,1654161.0597814,1232.0,1.68421410999427e-09,1233.0,BID
1110,1712453954.473561,1654161.0597814,1232.0,1.6842141099942701e-09,1233.0,BID
911,1712453954.9301758,1654171.36132222,1230.0,-5.343800125531575e-10,1233.0,ASK
912,1712453954.9367995,1654920.07304414,1230.0,-3.883851807724716e-08,1233.0,ASK
913,1712453954.9446328,1655427.0528804,1230.0,-2.629896789234065e-08,1233.0,ASK
1113,1712453954.9446328,1655427.0528804,1230.0,-2.6298967892340652e-08,1233.0,ASK
914,1712453954.9739945,1655874.28148871,1230.0,-2.3199444966572752e-08,1233.0,ASK
915,1712453954.9823186,1656186.06615314,1230.0,-1.6173453641969468e-08,1233.0,ASK
916,1712453955.0347743,1658157.27615313,1230.0,-1.0225414265231217e-07,1233.0,ASK
917,1712453955.0441828,1658251.99555374,1230.0,-4.9134547318518154e-09,1233.0,ASK
918,1712453955.073471,1658251.99555375,1230.0,-5.1934578637271225e-19,1233.0,ASK
919,1712453958.9537325,1658856.69834901,1229.0,-3.13682285951632e-08,1233.0,ASK
920,1712453959.056731,1660226.25555375,1229.0,-7.104412913119974e-08,1233.0,ASK
921,1712453966.6642454,1660235.25555375,1228.0,-4.66864151397111e-10,1233.0,ASK
922,1712453966.6738272,1660479.43313922,1228.0,-1.2666417914517638e-08,1233.0,ASK
923,1712453966.6796222,1661121.07026759,1227.0,-3.3284152604587234e-08,1233.0,ASK
924,1712453966.683925,1664442.24495107,1228.0,-1.722819333604988e-07,1233.0,ASK
925,1712453966.6884563,1665226.25555375,1227.0,-4.066960496739475e-08,1233.0,ASK
926,1712453970.975381,1665226.25555375,1227.0,-0.0,1233.0,ASK
927,1712453971.7436538,1665706.72704939,1227.0,-2.4905553852233066e-08,1233.0,ASK
928,1712453972.567211,1667203.26555375,1227.0,-7.757405101135355e-08,1233.0,ASK
929,1712453972.5758662,1667651.54289444,1227.0,-2.3236748799045444e-08,1233.0,ASK
930,1712453974.7060902,1668053.12347123,1226.0,-2.0816191536883165e-08,1233.0,ASK
931,1712453974.7098465,1668058.12347123,1226.0,-2.591782663304337e-10,1233.0,ASK
932,1712453976.5818603,1668107.59531634,1226.0,-2.5644054095527623e-09,1233.0,ASK
933,1712453982.283686,1669900.82768409,1228.0,9.2953371240214e-08,1233.0,BID
934,1712453982.291469,1670084.71531634,1228.0,9.531935545237196e-09,1233.0,BID
935,1712453988.5571706,1671248.71531634,1227.0,-6.033670040172495e-08,1233.0,ASK
936,1712453988.7135885,1673226.46531634,1227.0,1.0251796324700304e-07,1233.0,BID
937,1712453988.9613988,1673234.61527559,1227.0,4.2245846180991075e-10,1233.0,BID
1137,1712453988.9613988,1673234.61527559,1227.0,4.224584618099108e-10,1233.0,BID
938,1712453991.4036958,1673821.73553295,1227.0,3.043376208600491e-08,1233.0,BID
939,1712453991.6035914,1674056.69712218,1227.0,1.2179387470174546e-08,1233.0,BID
940,1712454000.7636034,1674056.69712218,1227.0,0.0,1233.0,BID
941,1712454002.739504,1675043.73376713,1228.0,5.133313316255583e-08,1233.0,BID
942,1712454005.8336182,1675621.28345991,1229.0,3.0036813161045424e-08,1233.0,BID
943,1712454005.8408797,1675631.66162853,1229.0,5.397407628949923e-10,1233.0,BID
944,1712454006.766457,1675783.36253259,1229.0,-7.889557848578343e-09,1233.0,ASK
945,1712454006.771078,1676554.51515396,1228.0,-4.010558311484564e-08,1233.0,ASK
946,1712454007.644022,1676635.81596696,1230.0,4.228237605263125e-09,1233.0,BID
947,1712454007.6499405,1676715.6005553,1230.0,4.149382820313362e-09,1233.0,BID
948,1712454007.653487,1676725.6005553,1230.0,5.200732254996863e-10,1233.0,BID
949,1712454007.8436065,1677164.80730721,1230.0,2.284196721270944e-08,1233.0,BID
950,1712454007.9236658,1677164.80730722,1230.0,5.206826305130155e-19,1233.0,BID
951,1712454009.6636584,1677395.52068857,1230.0,-1.1998785240465483e-08,1233.0,ASK
952,1712454013.7237873,1678064.69778036,1231.0,3.4802108855767204e-08,1233.0,BID
953,1712454013.7637768,1678151.19358932,1231.0,4.498415435799997e-09,1233.0,BID
954,1712454013.7727363,1679214.80094851,1231.0,5.531537099591504e-08,1233.0,BID
955,1712454015.1514535,1679425.36127823,1231.0,1.0950678983983345e-08,1233.0,BID
956,1712454015.1554306,1679506.05661563,1232.0,4.1967484404320485e-09,1233.0,BID
957,1712454015.159105,1679825.73464907,1231.0,1.6625598597261093e-08,1233.0,BID
958,1712454015.1627507,1679906.90348024,1232.0,4.221373583653722e-09,1233.0,BID
959,1712454021.4394014,1680025.14971968,1231.0,6.149670314879508e-09,1233.0,BID
960,1712454021.7135396,1680030.83153787,1230.0,-2.954961512792087e-10,1233.0,ASK
961,1712454023.5839045,1680071.44892211,1231.0,2.1124014033073194e-09,1233.0,BID
962,1712454024.463597,1680992.57057822,1230.0,-4.790507107707642e-08,1233.0,ASK
963,1712454024.7434714,1681306.17539646,1231.0,1.630974693543411e-08,1233.0,BID
964,1712454027.313472,1681519.21922762,1232.0,1.107983924441016e-08,1233.0,BID
1164,1712454027.313472,1681519.21922762,1232.0,1.1079839244410161e-08,1233.0,BID
965,1712454027.573716,1681828.09585099,1232.0,1.6063846179748072e-08,1233.0,BID
966,1712454027.5802732,1681920.2080166,1231.0,-4.7905071076592075e-09,1233.0,ASK
967,1712454030.6491592,1681920.2080166,1231.0,-0.0,1233.0,ASK
968,1712454032.2335854,1682164.11045562,1232.0,1.267833533124218e-08,1233.0,BID
969,1712454033.4280577,1682761.99217201,1231.0,-3.107859404466611e-08,1233.0,ASK
970,1712454033.5037804,1683065.74979986,1231.0,1.578967836802407e-08,1233.0,BID
971,1712454033.523453,1683065.74979987,1231.0,5.204208472131839e-19,1233.0,BID
972,1712454042.023527,1684720.10677454,1232.0,8.599541917953478e-08,1233.0,BID
973,1712454042.02778,1685773.91348687,1232.0,5.477811098122392e-08,1233.0,BID
974,1712454042.0317645,1685855.21429987,1232.0,4.226111776729745e-09,1233.0,BID
975,1712454042.035956,1687010.5242404,1230.0,-6.00543680350365e-08,1233.0,ASK
976,1712454042.0399487,1690371.14187761,1230.0,-1.74688853034074e-07,1233.0,ASK
977,1712454050.944863,1690733.44894503,1231.0,1.8833147024217752e-08,1233.0,BID
978,1712454051.0485172,1690833.21632129,1231.0,5.186025430590088e-09,1233.0,BID
979,1712454060.956045,1690833.21632129,1231.0,0.0,1233.0,BID
980,1712454073.4781108,1690873.83370553,1231.0,2.1101360350264203e-09,1233.0,BID
981,1712454074.3953776,1691104.54708688,1230.0,-1.1985917578358026e-08,1233.0,ASK
982,1712454090.7825022,1691511.05115192,1230.0,-2.1118515927972964e-08,1233.0,ASK
983,1712454090.9742396,1691511.05115192,1230.0,-0.0,1233.0,ASK
984,1712454093.5235996,1691911.05115192,1230.0,-2.0779719578186345e-08,1233.0,ASK
985,1712454095.5736058,1701911.05115192,1230.0,-5.194929894546585e-07,1233.0,ASK
986,1712454097.6839063,1704236.6663964,1230.0,-1.2081408156761638e-07,1233.0,ASK
987,1712454097.6926208,1712822.08844699,1230.0,-4.460066566790906e-07,1233.0,ASK
988,1712454099.33171,1712830.21852829,1230.0,4.2235202391285236e-10,1233.0,BID
989,1712454105.9837866,1713842.31852829,1230.0,5.257788546269873e-08,1233.0,BID
990,1712454110.0537786,1714433.31852829,1230.0,3.0702035676770326e-08,1233.0,BID
991,1712454110.2335334,1714984.32382207,1229.0,-2.86243387271118e-08,1233.0,ASK
992,1712454110.8738852,1715784.32382207,1230.0,4.155943915637269e-08,1233.0,BID
993,1712454113.6435769,1719317.41269207,1229.0,-1.8354148990853306e-07,1233.0,ASK
994,1712454118.904168,1719675.77508682,1229.0,-1.861667517567484e-08,1233.0,ASK
995,1712454120.672217,1719675.77508682,1229.0,-0.0,1233.0,ASK
996,1712454127.48109,1720887.97508682,1229.0,6.285982841221947e-08,1233.0,BID
997,1712454129.483719,1721053.19902087,1229.0,8.567850308505349e-09,1233.0,BID
998,1712454135.5979831,1721453.84990881,1228.0,-2.077614755742688e-08,1233.0,ASK
999,1712454135.673742,1721865.54670567,1228.0,-2.1348944075619872e-08,1233.0,ASK
1000,1712454135.6798496,1721882.35118449,1228.0,-8.714128486871191e-10,1233.0,ASK
1201,1712454136.093565,1721882.3511845,1228.0,-5.191675097302626e-19,1233.0,ASK
1202,1712454139.4042358,1722449.22238276,1228.0,2.9395665941632485e-08,1233.0,BID
1203,1712454139.4062216,1726539.59053093,1228.0,2.121100807925638e-07,1233.0,BID
1204,1712454139.52371,1728947.57671505,1228.0,-1.2486850218837785e-07,1233.0,ASK
1205,1712454143.663645,1730947.57671505,1227.0,-1.0371197560173208e-07,1233.0,ASK
1206,1712454143.6651075,1731110.57590005,1227.0,-8.452483748915286e-09,1233.0,ASK
1207,1712454147.5539854,1733088.41590005,1227.0,1.0256284691205717e-07,1233.0,BID
1208,1712454150.6236007,1733088.41590005,1227.0,0.0,1233.0,BID
1209,1712454153.0735872,1734419.84792839,1226.0,-6.898381344279734e-08,1233.0,ASK
1210,1712454157.813392,1736398.01792839,1227.0,1.0249243471203904e-07,1233.0,BID
1211,1712454161.0135298,1736500.96214593,1226.0,-5.333719293683052e-09,1233.0,ASK
1212,1712454167.4412515,1736615.53347815,1226.0,-5.9361403658065425e-09,1233.0,ASK
1213,1712454167.442649,1740615.5737881,1226.0,-2.072490586314842e-07,1233.0,ASK
1214,1712454169.4131231,1742715.2215881,1226.0,1.0878641120822513e-07,1233.0,BID
1215,1712454170.9656932,1742882.95334454,1226.0,8.690474578044618e-09,1233.0,BID
1216,1712454173.5483246,1743070.84638396,1226.0,9.735065780797833e-09,1233.0,BID
1217,1712454173.5497382,1743531.62915395,1226.0,2.3873958238988906e-08,1233.0,BID
1218,1712454180.94336,1743531.62915395,1226.0,0.0,1233.0,BID
1219,1712454184.1036303,1744347.28983911,1226.0,-4.223278131345459e-08,1233.0,ASK
1220,1712454187.1737745,1745637.95032456,1226.0,-6.682703117071185e-08,1233.0,ASK
1221,1712454187.1768105,1746067.60007985,1226.0,-2.2246142895778458e-08,1233.0,ASK
1222,1712454189.1135828,1754217.55933005,1227.0,4.219836176849147e-07,1233.0,BID
1223,1712454196.8334138,1754279.92689321,1227.0,3.229229634229326e-09,1233.0,BID
1224,1712454204.5543766,1755279.92689321,1227.0,5.177738988996386e-08,1233.0,BID
1225,1712454210.975154,1755279.92689321,1227.0,0.0,1233.0,BID
1226,1712454212.7736433,1755355.18892321,1227.0,3.89396560669078e-09,1233.0,BID
1227,1712454212.776681,1755360.22659665,1227.0,2.606430774373352e-10,1233.0,BID
1228,1712454215.3741777,1755555.95145057,1227.0,1.0126565142351397e-08,1233.0,BID
1229,1712454215.3903627,1755730.93366365,1227.0,9.05336621291089e-09,1233.0,BID
1230,1712454221.4036458,1755812.24182782,1227.0,4.2067852119023765e-09,1233.0,BID
1231,1712454223.5134456,1756136.95160407,1226.0,-1.6800087652110707e-08,1233.0,ASK
1232,1712454237.243413,1756597.73437406,1226.0,-2.3840338328643763e-08,1233.0,ASK
1233,1712454240.611244,1756597.73437406,1226.0,-0.0,1233.0,ASK
1234,1712454247.863865,1757015.55836416,1226.0,-2.1615895984202865e-08,1233.0,ASK
1235,1712454259.0550282,1758599.88476814,1226.0,-8.196426142328114e-08,1233.0,ASK
1236,1712454259.056511,1760099.28117923,1226.0,-7.757045461526274e-08,1233.0,ASK
1237,1712454268.7381716,1760531.64900836,1226.0,2.236831355508645e-08,1233.0,BID
1238,1712454270.5733376,1760531.64900836,1226.0,0.0,1233.0,BID
1239,1712454272.4834518,1761003.16613723,1226.0,2.438759614890265e-08,1233.0,BID
1240,1712454276.5338302,1761762.17941993,1226.0,3.9257342473455096e-08,1233.0,BID
1241,1712454276.5361664,1762521.19269266,1226.0,3.92573419577771e-08,1233.0,BID
1242,1712454276.5563688,1762615.32005966,1226.0,4.868413197319121e-09,1233.0,BID
1243,1712454276.5577078,1762631.7810096,1226.0,8.513858241579215e-10,1233.0,BID
1244,1712454300.69592,1762631.7810096,1226.0,0.0,1233.0,BID
1245,1712454317.4738564,1762713.34707811,1226.0,-4.2593171837177575e-09,1233.0,ASK
1246,1712454323.913506,1764000.97237115,1225.0,-6.72387996260761e-08,1233.0,ASK
1247,1712454324.6335442,1764025.05676866,1225.0,-1.257668661091219e-09,1233.0,ASK
1248,1712454324.6360445,1764759.98565385,1225.0,-3.837741951623501e-08,1233.0,ASK
1249,1712454324.6538892,1765437.43286803,1225.0,-3.537577099308567e-08,1233.0,ASK
1250,1712454326.5037465,1765467.43286803,1226.0,1.5665768602758396e-09,1233.0,BID
1251,1712454326.506966,1765504.27954257,1226.0,1.924104923753481e-09,1233.0,BID
1252,1712454330.5641966,1765723.74058585,1225.0,-1.1460086404485793e-08,1233.0,ASK
1253,1712454330.565696,1766515.91518247,1225.0,-4.1366746412109297e-08,1233.0,ASK
1254,1712454330.6303124,1766515.91518247,1225.0,-0.0,1233.0,ASK
1255,1712454343.3237567,1766639.08566489,1225.0,-6.430269857157114e-09,1233.0,ASK
1256,1712454360.777147,1766720.71831795,1226.0,4.261735263335032e-09,1233.0,BID
1257,1712454360.9989982,1766720.71831795,1226.0,0.0,1233.0,BID
1258,1712454368.1736724,1766731.04941999,1225.0,-5.39341101529701e-10,1233.0,ASK
1259,1712454368.1754878,1766819.79413687,1225.0,-4.632968793748145e-09,1233.0,ASK
1260,1712454368.1772108,1768233.74860322,1225.0,-7.381630308478534e-08,1233.0,ASK
1261,1712454390.9535143,1768233.74860322,1225.0,-0.0,1233.0,ASK
1262,1712454391.903748,1768240.22460078,1225.0,-3.3805045312380765e-10,1233.0,ASK
1263,1712454417.5038648,1768381.72302203,1226.0,7.386291451928567e-09,1233.0,BID
1264,1712454417.5072498,1771164.34290989,1227.0,1.4525421068385126e-07,1233.0,BID
1265,1712454417.5106816,1774221.84644426,1226.0,1.5960328052192628e-07,1233.0,BID
1266,1712454420.6474698,1774221.84644426,1226.0,0.0,1233.0,BID
1267,1712454430.4336104,1774303.41251277,1226.0,4.25615966902422e-09,1233.0,BID
1268,1712454439.8546617,1775934.73388307,1225.0,-8.51231933858908e-08,1233.0,ASK
1269,1712454439.943262,1777566.05525337,1225.0,-8.512319338587868e-08,1233.0,ASK
1270,1712454440.0334852,1779098.35271287,1225.0,-7.99560744709315e-08,1233.0,ASK
1271,1712454441.98427,1781046.24735498,1225.0,-1.0164215055011625e-07,1233.0,ASK
1272,1712454441.988773,1781630.97329273,1225.0,-3.0511302054284e-08,1233.0,ASK
1273,1712454441.9923146,1783333.35462217,1225.0,-8.88311388305992e-08,1233.0,ASK
1274,1712454448.1267204,1783337.44040648,1224.0,-2.1319833987706152e-10,1233.0,ASK
1275,1712454448.1297565,1785162.60380517,1224.0,-9.52379707494048e-08,1233.0,ASK
1276,1712454448.1327057,1790276.33811591,1224.0,-2.6683730292646736e-07,1233.0,ASK
1277,1712454450.6729753,1790276.33811591,1224.0,-0.0,1233.0,ASK
1278,1712454457.363752,1795415.60849297,1223.0,-2.6789496447589064e-07,1233.0,ASK
1279,1712454457.367202,1796299.26539746,1223.0,-4.6062420863064535e-08,1233.0,ASK
1280,1712454464.9040089,1796332.63309746,1224.0,1.7393595102642327e-09,1233.0,BID
1281,1712454480.9935515,1796332.63309746,1224.0,0.0,1233.0,BID
1282,1712454482.5934176,1796635.01229025,1224.0,1.5756049588669884e-08,1233.0,BID
1283,1712454482.6134176,1797004.35302073,1224.0,1.9245209337529813e-08,1233.0,BID
1284,1712454482.639316,1797763.36630342,1224.0,3.954984736276813e-08,1233.0,BID
1285,1712454482.64471,1798522.37958612,1224.0,3.954984736328981e-08,1233.0,BID
1286,1712454482.662584,1799005.0260239,1224.0,2.5149221205631962e-08,1233.0,BID
1287,1712454482.7135282,1799151.6335695,1224.0,7.639268222240181e-09,1233.0,BID
1288,1712454482.7248454,1799468.75669785,1224.0,1.6524310716936584e-08,1233.0,BID
1289,1712454482.7799385,1800331.93781417,1224.0,4.497771274290456e-08,1233.0,BID
1290,1712454482.7934964,1800533.05431045,1224.0,1.0479561967376628e-08,1233.0,BID
1291,1712454482.8734622,1801220.72773849,1224.0,3.583254698524531e-08,1233.0,BID
1292,1712454482.927487,1801539.60763695,1224.0,1.6615850603361437e-08,1233.0,BID
1293,1712454483.0035465,1803523.67763695,1224.0,1.033837845089499e-07,1233.0,BID
1294,1712454484.6729057,1803673.67763695,1224.0,7.816038585504531e-09,1233.0,BID
1295,1712454484.7438235,1803895.49432735,1224.0,1.1558185407169272e-08,1233.0,BID
1296,1712454485.043648,1803895.49432736,1224.0,5.2167981114346375e-19,1233.0,BID
1297,1712454489.803752,1804737.30888342,1224.0,-4.386436701335662e-08,1233.0,ASK
1298,1712454498.1736307,1805554.30234747,1224.0,-4.2571016260804776e-08,1233.0,ASK
1299,1712454498.1763432,1805736.3479534,1224.0,-9.485836535137993e-09,1233.0,ASK
1300,1712454510.9933338,1805736.3479534,1224.0,-0.0,1233.0,ASK
1301,1712454512.0538704,1805744.52456828,1223.0,-4.258028705038352e-10,1233.0,ASK
1302,1712454512.057561,1810056.76164829,1223.0,-2.2456272601065378e-07,1233.0,ASK
1303,1712454512.234488,1810219.48488828,1223.0,8.473925176058162e-09,1233.0,BID
1304,1712454515.9238548,1810697.70979785,1223.0,2.490389265401912e-08,1233.0,BID
1305,1712454515.9514194,1810945.10256288,1223.0,1.2883149205301688e-08,1233.0,BID
1306,1712454516.1034243,1811088.56112395,1223.0,7.470703708010486e-09,1233.0,BID
1307,1712454516.1283495,1811230.63037894,1223.0,7.398354633779819e-09,1233.0,BID
1308,1712454517.3738072,1811368.6925064,1223.0,7.189680698441856e-09,1233.0,BID
1309,1712454518.153687,1811471.4949473,1223.0,5.353508153829639e-09,1233.0,BID
1310,1712454518.6613955,1811615.23981358,1223.0,7.485613249671368e-09,1233.0,BID
1311,1712454520.523708,1811716.57565301,1223.0,5.277133868750194e-09,1233.0,BID
1312,1712454521.1636372,1811964.52486853,1223.0,1.2912126749123513e-08,1233.0,BID
1313,1712454521.167056,1814160.91205036,1223.0,1.1437838035692449e-07,1233.0,BID
1314,1712454521.2836025,1814299.72514427,1224.0,7.228787795296248e-09,1233.0,BID
1315,1712454533.3541594,1814857.38874692,1223.0,-2.9040717494061587e-08,1233.0,ASK
1316,1712454533.3623278,1815979.38874692,1223.0,-5.8428925383518644e-08,1233.0,ASK
1317,1712454533.433436,1816239.73577115,1223.0,1.3557751205489237e-08,1233.0,BID
1318,1712454533.513584,1816468.54027485,1223.0,1.1915152650713158e-08,1233.0,BID
1319,1712454533.5536327,1816705.85019404,1223.0,1.2358078040209612e-08,1233.0,BID
1320,1712454533.5935311,1816852.50307521,1223.0,7.637050134719735e-09,1233.0,BID
1321,1712454533.6541357,1816963.62303878,1223.0,5.786648894877651e-09,1233.0,BID
1322,1712454533.9335513,1817320.39305533,1223.0,1.8579045165848225e-08,1233.0,BID
1323,1712454533.9537225,1817678.11830614,1223.0,1.8628789650065285e-08,1233.0,BID
1324,1712454534.1736927,1817856.32244369,1223.0,9.28010361492103e-09,1233.0,BID
1325,1712454534.293753,1818010.75585718,1223.0,8.04222673221055e-09,1233.0,BID
1326,1712454534.7665854,1818388.03258499,1223.0,1.9646946326325385e-08,1233.0,BID
1327,1712454540.6536615,1818388.03258499,1223.0,0.0,1233.0,BID
1328,1712454540.6634488,1818404.49353494,1223.0,8.565251778484931e-10,1233.0,BID
1329,1712454545.1135406,1818633.78112346,1224.0,1.1930696170648318e-08,1233.0,BID
1330,1712454545.9835298,1818806.95242469,1224.0,9.010754545352313e-09,1233.0,BID
1331,1712454547.023383,1818980.60420736,1224.0,9.035755803011661e-09,1233.0,BID
1332,1712454547.1834671,1821500.60420736,1224.0,1.311250841971085e-07,1233.0,BID
1333,1712454547.263558,1823228.80859298,1224.0,8.992497840247807e-08,1233.0,BID
1334,1712454547.32554,1825332.87824154,1224.0,1.0948266262857058e-07,1233.0,BID
1335,1712454547.3274426,1826121.0828585,1224.0,4.101325268390784e-08,1233.0,BID
1336,1712454547.3434715,1826460.44429988,1225.0,1.7658253005630433e-08,1233.0,BID
1337,1712454548.4941738,1827219.45758258,1224.0,-3.9494317698713535e-08,1233.0,ASK
1338,1712454548.4980986,1830215.85758258,1224.0,-1.5591396916199772e-07,1233.0,ASK
1339,1712454548.5016882,1831205.85758258,1223.0,-5.151342593457834e-08,1233.0,ASK
1340,1712454548.5045874,1831656.49269096,1224.0,-2.3448240685906697e-08,1233.0,ASK
1341,1712454548.5076134,1838674.07354426,1223.0,-3.651511429559529e-07,1233.0,ASK
1342,1712454559.5364232,1840074.27805192,1225.0,7.285791030161654e-08,1233.0,BID
1343,1712454559.5393577,1840493.61755683,1225.0,2.1819812654162284e-08,1233.0,BID
1344,1712454559.5536866,1841207.88966751,1225.0,3.716626613197496e-08,1233.0,BID
1345,1712454560.5637486,1842273.96128387,1225.0,5.5471718434663e-08,1233.0,BID
1346,1712454570.6435218,1842273.96128387,1225.0,0.0,1233.0,BID
1347,1712454570.656549,1843269.96128387,1224.0,-5.1746918029730566e-08,1233.0,ASK
1348,1712454571.443837,1845252.95128387,1224.0,1.0302572387929209e-07,1233.0,BID
1349,1712454572.3835838,1846252.95128387,1224.0,5.1954736977641126e-08,1233.0,BID
1350,1712454574.051377,1846542.98279193,1224.0,1.506851071648275e-08,1233.0,BID
1351,1712454574.0531032,1846576.27258784,1224.0,1.7295625905438319e-09,1233.0,BID
1352,1712454574.8125677,1846830.90139228,1224.0,1.3229172561606826e-08,1233.0,BID
1353,1712454574.8278964,1847042.48300869,1224.0,1.0992667229888526e-08,1233.0,BID
1354,1712454575.7896411,1847234.69849034,1224.0,9.986504792160733e-09,1233.0,BID
1355,1712454575.794374,1847726.1104285,1224.0,2.553117799477353e-08,1233.0,BID
1356,1712454575.803354,1847909.34141946,1224.0,9.51971794148089e-09,1233.0,BID
1357,1712454575.8080015,1848282.07428041,1224.0,1.9365237753583767e-08,1233.0,BID
1358,1712454575.816391,1848559.03015928,1224.0,1.4389169841095178e-08,1233.0,BID
1359,1712454575.827886,1848927.54710378,1224.0,1.9146200923309372e-08,1233.0,BID
1360,1712454575.8356245,1849110.77809474,1224.0,9.519717941468794e-09,1233.0,BID
1361,1712454575.8629117,1849354.86300924,1224.0,1.26813675330641e-08,1233.0,BID
1362,1712454575.8646386,1849538.6005546,1224.0,9.546035842089957e-09,1233.0,BID
1363,1712454576.3636112,1850080.72815336,1224.0,2.8166096801905523e-08,1233.0,BID
1364,1712454588.3037338,1850781.22851542,1225.0,3.6394312063571386e-08,1233.0,BID
1365,1712454600.6674604,1850781.22851542,1225.0,0.0,1233.0,BID
1366,1712454618.5835648,1850881.22851542,1225.0,5.208451876287858e-09,1233.0,BID
1367,1712454621.0556808,1850942.39178072,1225.0,3.185659239115901e-09,1233.0,BID
1368,1712454630.6535652,1850942.39178072,1225.0,0.0,1233.0,BID
1369,1712454630.8936388,1850955.71047559,1225.0,6.936906797800362e-10,1233.0,BID
1370,1712454630.896783,1851049.33096418,1225.0,4.876127954367715e-09,1233.0,BID
1371,1712454633.6639652,1851451.63096418,1225.0,2.095338643911731e-08,1233.0,BID
1372,1712454635.2137136,1852269.39601771,1225.0,4.2592461305039454e-08,1233.0,BID
1373,1712454635.8537822,1852446.93377538,1225.0,9.24687358686131e-09,1233.0,BID
1374,1712454636.1337812,1852652.39277666,1225.0,1.0701123169804576e-08,1233.0,BID
1375,1712454636.2334473,1852828.41711203,1225.0,9.168048525228566e-09,1233.0,BID
1376,1712454636.259995,1853003.49199353,1225.0,9.118597185803974e-09,1233.0,BID
1377,1712454636.3136394,1854984.94199353,1225.0,1.0320180850057973e-07,1233.0,BID
1378,1712454636.3539453,1854990.83806725,1225.0,3.0709100455517727e-10,1233.0,BID
1379,1712454636.3570273,1855177.74069368,1225.0,9.73463325396864e-09,1233.0,BID
1380,1712454636.4904354,1857740.59969368,1225.0,1.334839050856631e-07,1233.0,BID
1381,1712454636.5196705,1857864.79246432,1225.0,6.468454178889056e-09,1233.0,BID
1382,1712454636.8935435,1857969.32689414,1225.0,5.4445694859842105e-09,1233.0,BID
1383,1712454637.7636504,1857977.49015945,1224.0,-4.2517537321736767e-10,1233.0,ASK
1384,1712454638.1635184,1858083.55261687,1225.0,5.524155249818546e-09,1233.0,BID
1385,1712454638.6235678,1858290.63033619,1225.0,1.078543245300559e-08,1233.0,BID
1386,1712454638.7243218,1858437.2854935,1225.0,7.638384748706711e-09,1233.0,BID
1387,1712454639.2238395,1858728.10485358,1225.0,1.5147030663015492e-08,1233.0,BID
1388,1712454640.6740367,1859261.64053834,1225.0,2.7788663638660827e-08,1233.0,BID
1389,1712454640.6785147,1859698.11704418,1225.0,2.2733434994927562e-08,1233.0,BID
1390,1712454640.8246276,1859825.26988721,1225.0,6.6226265395059906e-09,1233.0,BID
1391,1712454650.3570962,1860005.91426774,1225.0,9.408678879684388e-09,1233.0,BID
1392,1712454650.4457996,1860140.09177306,1225.0,6.988498932152761e-09,1233.0,BID
1393,1712454650.4778552,1860348.63051364,1225.0,1.0861528259752531e-08,1233.0,BID
1394,1712454650.536393,1860563.8081934,1225.0,1.1207310656441728e-08,1233.0,BID
1395,1712454651.1613145,1860718.70170235,1225.0,8.067470917077245e-09,1233.0,BID
1396,1712454651.6540344,1860824.20309717,1225.0,5.494932874789234e-09,1233.0,BID
1397,1712454651.6573043,1861184.35567588,1225.0,1.875818085696429e-08,1233.0,BID
1398,1712454651.7733698,1861516.02262954,1225.0,-1.7274536040563834e-08,1233.0,ASK
1399,1712454660.9534864,1861516.02262954,1225.0,-0.0,1233.0,ASK
1400,1712454662.6736293,1861760.72083508,1226.0,1.2736264988288998e-08,1233.0,BID
1401,1712454670.4340672,1862769.31014992,1226.0,5.249593371481415e-08,1233.0,BID
1402,1712454681.2336533,1865299.31014992,1226.0,1.316836400547675e-07,1233.0,BID
1403,1712454681.273387,1868299.31014992,1226.0,1.5614660876059385e-07,1233.0,BID
1404,1712454681.519965,1868611.31014992,1226.0,1.6239247311101758e-08,1233.0,BID
1405,1712454681.5223374,1869546.31014992,1226.0,4.8665693063718416e-08,1233.0,BID
1406,1712454681.5246575,1869592.31014992,1226.0,2.3942480009957723e-09,1233.0,BID
1407,1712454681.5309298,1869904.31014992,1226.0,1.6239247311101758e-08,1233.0,BID
1408,1712454681.6537132,1869912.62961747,1226.0,4.3301888154957615e-10,1233.0,BID
1409,1712454681.658036,1872638.91246626,1226.0,1.418999404535672e-07,1233.0,BID
1410,1712454687.3538294,1872643.91246626,1227.0,2.602443479343231e-10,1233.0,BID
1411,1712454687.3582168,1872654.32372727,1227.0,5.418943665434509e-10,1233.0,BID
1412,1712454690.983613,1872654.32372727,1227.0,0.0,1233.0,BID
1413,1712454700.943385,1873734.56431433,1227.0,-5.618536728876136e-08,1233.0,ASK
1414,1712454714.55393,1873877.49201256,1228.0,7.433941398776235e-09,1233.0,BID
1415,1712454714.5578952,1874141.7304381,1228.0,1.374354302977606e-08,1233.0,BID
1416,1712454720.7048166,1874141.7304381,1228.0,0.0,1233.0,BID
1417,1712454731.824478,1874264.07954086,1226.0,-6.363005374815527e-09,1233.0,ASK
1418,1712454731.8369849,1874274.07954086,1226.0,-5.20069639358037e-10,1233.0,ASK
1419,1712454731.8877158,1874274.07954087,1226.0,-5.206790401692408e-19,1233.0,ASK
1420,1712454734.5538402,1874565.05507104,1226.0,1.5132753903759685e-08,1233.0,BID
1421,1712454750.6536164,1874565.05507104,1226.0,0.0,1233.0,BID
1422,1712454752.807107,1874590.41097976,1227.0,1.318648238193159e-09,1233.0,BID
1423,1712454758.58364,1874613.23005066,1227.0,1.186718566134591e-09,1233.0,BID
1424,1712454768.8435922,1874698.22669243,1226.0,-4.420297973138733e-09,1233.0,ASK
1425,1712454780.9942496,1874698.22669243,1226.0,-0.0,1233.0,ASK
1426,1712454782.5447345,1874706.37665168,1227.0,-4.23839596848695e-10,1233.0,ASK
1427,1712454788.9236383,1874846.46008872,1228.0,7.285055747895707e-09,1233.0,BID
1428,1712454788.927245,1875916.414955,1228.0,5.56431296467707e-08,1233.0,BID
1429,1712454797.6057906,1876121.50540651,1228.0,1.0665753240949924e-08,1233.0,BID
1430,1712454810.983703,1876121.50540651,1228.0,0.0,1233.0,BID
1431,1712454811.3081574,1876129.24405058,1228.0,4.0241252550554016e-10,1233.0,BID
1432,1712454811.3133352,1876528.67153028,1228.0,2.0770385536356225e-08,1233.0,BID
1433,1712454822.0637124,1876745.52800422,1228.0,1.1276621661512265e-08,1233.0,BID
1434,1712454840.637118,1876745.52800422,1228.0,0.0,1233.0,BID
1435,1712454841.023666,1876824.22785559,1227.0,-4.092260056889832e-09,1233.0,ASK
1436,1712454841.0287344,1884895.48725442,1227.0,-4.196919291672323e-07,1233.0,ASK
1437,1712454841.107402,1885035.96217862,1227.0,-7.304460063030104e-09,1233.0,ASK
1438,1712454841.1120582,1886398.47822021,1227.0,-7.084854516000941e-08,1233.0,ASK
1439,1712454854.2036664,1886433.76754376,1227.0,1.8349855391628315e-09,1233.0,BID
1440,1712454868.1844175,1886598.38562979,1227.0,8.559863918109925e-09,1233.0,BID
1441,1712454868.1871085,1886600.89176715,1227.0,1.3031493246015242e-10,1233.0,BID
1442,1712454868.8235056,1887098.38562979,1227.0,2.5868845076451465e-08,1233.0,BID
1443,1712454868.8257737,1887390.89176715,1227.0,1.5209827737628888e-08,1233.0,BID
1444,1712454870.1871588,1887396.25102823,1227.0,2.786725726929625e-10,1233.0,BID
1445,1712454870.346811,1887403.23936291,1227.0,-3.6338166308104977e-10,1233.0,ASK
1446,1712454870.663865,1887403.23936291,1227.0,-0.0,1233.0,ASK
1447,1712454886.343833,1887503.23936291,1227.0,5.196298608902845e-09,1233.0,BID
1448,1712454900.6453104,1887503.23936291,1227.0,0.0,1233.0,BID
