,time,acc_trade_volume,trade_price,dev,high,ask_bid
0,1712451675.0878685,177797.31452495,1345.0,0.0,1346.0,ASK
1,1712451690.5249665,177797.31452495,1345.0,-0.0,1346.0,ASK
2,1712451720.3556488,177797.31452495,1345.0,-0.0,1346.0,ASK
3,1712451735.424228,177802.31452495,1344.0,-1.641940494559613e-09,1346.0,ASK
4,1712451750.3556535,177802.31452495,1344.0,-0.0,1346.0,ASK
5,1712451767.5241592,177840.45335027,1344.0,-1.2524308703324212e-08,1346.0,ASK
6,1712451780.5444806,177840.45335027,1344.0,-0.0,1346.0,ASK
7,1712451810.535236,177840.45335027,1344.0,-0.0,1346.0,ASK
8,1712451840.355072,177840.45335027,1344.0,-0.0,1346.0,ASK
9,1712451868.524228,177914.85811217,1346.0,2.4433173115526844e-08,1346.0,BID
10,1712451870.35453,177914.85811217,1346.0,0.0,1346.0,BID
11,1712451900.544429,177914.85811217,1346.0,0.0,1346.0,BID
12,1712451902.3148174,181316.30236781,1346.0,1.1194903891082536e-06,1346.0,BID
13,1712451902.3177276,181320.24184317,1346.0,1.2965683022176918e-09,1346.0,BID
14,1712451902.3941965,181320.24184327,1346.0,3.291245804202541e-17,1346.0,BID
15,1712451916.7964342,181729.1602409,1347.0,1.3458407125658198e-07,1347.0,BID
16,1712451916.798241,182412.46559034,1347.0,2.24890874003284e-07,1347.0,BID
17,1712451929.4976518,182503.54719271,1347.0,2.9976965904618624e-08,1347.0,BID
18,1712451930.526186,182503.54719271,1347.0,0.0,1347.0,BID
19,1712451950.244356,182503.54719329,1347.0,1.9050683941106003e-16,1347.0,BID
20,1712451950.245969,182911.86196629,1347.0,1.3411273095507854e-07,1347.0,BID
21,1712451959.2643957,182919.28587126,1347.0,-2.438413292191206e-09,1347.0,ASK
22,1712451959.3441677,182930.49779767,1347.0,3.682605111397987e-09,1347.0,BID
23,1712451960.3367922,182930.49779767,1347.0,0.0,1347.0,BID
24,1712451986.3324244,183043.13882474,1345.0,-3.6990439085982215e-08,1347.0,ASK
25,1712451990.345904,183043.13882474,1345.0,-0.0,1347.0,ASK
26,1712452020.5451555,183043.13882474,1345.0,-0.0,1347.0,ASK
27,1712452050.546346,183043.13882474,1345.0,-0.0,1347.0,ASK
28,1712452052.2972603,183192.95155882,1346.0,-4.9194891628346523e-08,1347.0,ASK
29,1712452077.2343297,183519.36105436,1348.0,1.0718501239672321e-07,1348.0,BID
30,1712452080.3343089,183519.36105436,1348.0,0.0,1348.0,BID
31,1712452110.3762426,183519.36105436,1348.0,0.0,1348.0,BID
32,1712452125.724379,183808.67856177,1348.0,9.49848838730127e-08,1348.0,BID
33,1712452140.534208,183808.67856177,1348.0,0.0,1348.0,BID
34,1712452168.8143566,183882.86253804,1348.0,2.435198041419228e-08,1348.0,BID
35,1712452168.815911,185274.89797431,1348.0,4.569560892305387e-07,1348.0,BID
36,1712452170.5558512,185274.89797431,1348.0,0.0,1348.0,BID
37,1712452200.4221463,185274.89797431,1348.0,0.0,1348.0,BID
38,1712452215.4343414,185284.89797431,1347.0,3.3185473787787503e-09,1348.0,BID
39,1712452229.894299,186162.09134573,1346.0,-2.911007763407932e-07,1348.0,ASK
40,1712452230.3553362,186162.09134573,1346.0,-0.0,1348.0,ASK
41,1712452250.2942133,186825.66103573,1347.0,2.2012151320375642e-07,1348.0,BID
42,1712452250.351711,187702.85440696,1347.0,2.9098546114643414e-07,1348.0,BID
43,1712452250.3532462,187771.29239073,1347.0,2.2702472362878413e-08,1348.0,BID
44,1712452250.3644097,187771.29239092,1347.0,6.30240411050962e-17,1348.0,BID
45,1712452260.5443013,187771.29239092,1347.0,0.0,1348.0,BID
46,1712452267.0755482,189012.19243992,1347.0,4.113396625605562e-07,1348.0,BID
47,1712452267.1592834,189012.19244013,1347.0,6.9606576308463e-17,1348.0,BID
48,1712452290.5463953,189012.19244013,1347.0,0.0,1348.0,BID
49,1712452300.2742758,189208.66870125,1348.0,6.509285284692281e-08,1348.0,BID
50,1712452320.3454735,189208.66870125,1348.0,0.0,1348.0,BID
51,1712452328.5759852,189252.35538763,1346.0,-1.4472188820395142e-08,1348.0,ASK
52,1712452350.365949,189252.35538763,1346.0,-0.0,1348.0,ASK
53,1712452359.76436,189627.44937217,1346.0,-1.2425582432639662e-07,1348.0,ASK
54,1712452380.554541,189627.44937217,1346.0,-0.0,1348.0,ASK
55,1712452410.534341,189627.44937217,1346.0,-0.0,1348.0,ASK
56,1712452415.4517264,189760.92786051,1347.0,4.420946976474252e-08,1348.0,BID
57,1712452416.8340766,189863.12009498,1347.0,3.3847135640941664e-08,1348.0,BID
58,1712452416.9444091,189963.79620427,1347.0,3.334497914263888e-08,1348.0,BID
59,1712452433.4043968,189971.59130449,1347.0,2.58181862691373e-09,1348.0,BID
60,1712452440.5776975,189971.59130449,1347.0,0.0,1348.0,BID
61,1712452456.934565,190016.56733169,1347.0,1.489424326813245e-08,1348.0,BID
62,1712452458.6242852,190868.34942138,1347.0,2.8207581783216335e-07,1348.0,BID
63,1712452470.3669686,190868.34942138,1347.0,0.0,1348.0,BID
64,1712452500.356995,190868.34942138,1347.0,0.0,1348.0,BID
65,1712452506.872167,190921.7244822,1347.0,1.7785977119286072e-08,1348.0,BID
66,1712452507.6441617,190975.0244822,1348.0,1.7760964875625723e-08,1348.0,BID
67,1712452513.084443,191348.6402465,1348.0,1.2449862038855538e-07,1348.0,BID
68,1712452528.4863403,198835.3402465,1348.0,2.494765773626712e-06,1348.0,BID
69,1712452528.487699,199035.3402465,1348.0,6.66452715783111e-08,1348.0,BID
70,1712452528.5649052,199506.159493,1348.0,1.5688938273644245e-07,1348.0,BID
71,1712452528.5838492,200169.22569338,1348.0,2.209511349936133e-07,1348.0,BID
72,1712452528.6720638,202164.77465585,1348.0,6.649695127581498e-07,1348.0,BID
73,1712452528.7240968,202635.59390235,1348.0,1.5688938273644245e-07,1348.0,BID
74,1712452530.3457367,202635.59390235,1348.0,0.0,1348.0,BID
75,1712452545.4661224,203218.99390235,1348.0,1.933820973395162e-07,1348.0,BID
76,1712452545.4852805,205607.59390235,1348.0,7.917594749831576e-07,1348.0,BID
77,1712452545.5046425,207674.92816173,1348.0,6.852681436077213e-07,1348.0,BID
78,1712452545.50659,208037.59390235,1348.0,1.2021436673686053e-07,1348.0,BID
79,1712452545.5839012,208845.91490535,1348.0,2.67937625786289e-07,1348.0,BID
80,1712452545.623949,209429.31490456,1348.0,1.933820970776534e-07,1348.0,BID
81,1712452560.5272756,209429.31490456,1348.0,0.0,1348.0,BID
82,1712452590.5403605,209429.31490456,1348.0,0.0,1348.0,BID
83,1712452605.9566803,209651.70185786,1349.0,7.349246093399261e-08,1349.0,BID
84,1712452605.9594393,209764.19910108,1349.0,3.717708763865903e-08,1349.0,BID
85,1712452615.974203,209773.21881724,1349.0,2.9807555150493446e-09,1349.0,BID
86,1712452615.9762385,209788.04461413,1349.0,4.899497396695956e-09,1349.0,BID
87,1712452615.9782228,210120.37626934,1349.0,1.0982600743983884e-07,1349.0,BID
88,1712452615.9841795,210127.78916779,1349.0,2.4497487000070787e-09,1349.0,BID
89,1712452616.4140935,210131.58946585,1348.0,-1.2558886776746274e-09,1349.0,ASK
90,1712452618.539651,210135.37004405,1349.0,1.249371833864207e-09,1349.0,BID
91,1712452620.3462615,210135.37004405,1349.0,0.0,1349.0,BID
92,1712452624.5746207,210142.26957719,1349.0,2.2793788397584743e-09,1349.0,BID
93,1712452624.5756562,210361.05901429,1349.0,7.228083453918687e-08,1349.0,BID
94,1712452650.3564596,210361.05901429,1349.0,0.0,1349.0,BID
95,1712452680.5466692,210361.05901429,1349.0,0.0,1349.0,BID
96,1712452700.5439107,210850.90964438,1349.0,1.6181426256913924e-07,1349.0,BID
97,1712452710.5539336,210850.90964438,1349.0,0.0,1349.0,BID
98,1712452740.3480358,210850.90964438,1349.0,0.0,1349.0,BID
99,1712452770.356441,210850.90964438,1349.0,0.0,1349.0,BID
100,1712452784.1109552,210854.67187161,1347.0,-1.2425199172581591e-09,1349.0,ASK
101,1712452800.3750882,210854.67187161,1347.0,-0.0,1349.0,ASK
102,1712452821.64423,211013.34352306,1347.0,-5.2455217362190734e-08,1349.0,ASK
103,1712452821.645837,211050.16629954,1347.0,-1.2173231490856604e-08,1349.0,ASK
104,1712452830.335951,211050.16629954,1347.0,-0.0,1349.0,ASK
105,1712452860.5613365,211050.16629954,1347.0,-0.0,1349.0,ASK
106,1712452876.64411,211086.92326668,1349.0,1.2150417850554092e-08,1349.0,BID
107,1712452876.6539342,211979.00247448,1349.0,2.9488654733871935e-07,1349.0,BID
108,1712452886.1439292,212053.13145891,1349.0,2.4504147260873425e-08,1349.0,BID
109,1712452886.6839356,212379.29899041,1349.0,1.0781824795045604e-07,1349.0,BID
110,1712452890.544027,212379.29899041,1349.0,0.0,1349.0,BID
111,1712452892.954234,213417.10477247,1349.0,3.428548530417764e-07,1349.0,BID
112,1712452920.3682733,213417.10477247,1349.0,0.0,1349.0,BID
113,1712452936.2248688,213662.70477247,1348.0,-8.110016878010472e-08,1349.0,ASK
114,1712452950.3469207,213662.70477247,1348.0,-0.0,1349.0,ASK
115,1712452980.5264163,213662.70477247,1348.0,-0.0,1349.0,ASK
116,1712452985.954028,213860.70477247,1348.0,-6.53749109095697e-08,1349.0,ASK
117,1712452987.333789,215190.00477247,1348.0,4.389033791519805e-07,1349.0,BID
118,1712452988.7841537,216228.58044012,1348.0,3.429130896235548e-07,1349.0,BID
119,1712452994.4442902,216324.2076604,1348.0,3.1573843466338285e-08,1349.0,BID
120,1712453003.8038452,216330.0076604,1348.0,1.915022642811342e-09,1349.0,BID
121,1712453004.8647296,216656.41715594,1348.0,1.0777268530790193e-07,1349.0,BID
122,1712453010.536548,216656.41715594,1348.0,0.0,1349.0,BID
123,1712453031.2217078,216680.54455594,1348.0,7.955695644524761e-09,1349.0,BID
124,1712453034.064483,216873.65739938,1348.0,6.367644285988406e-08,1349.0,BID
125,1712453034.264002,217178.51541611,1348.0,1.0052295713162305e-07,1349.0,BID
126,1712453040.3284082,217178.51541611,1348.0,0.0,1349.0,BID
127,1712453043.1341355,217687.06322903,1347.0,-1.676481070186233e-07,1349.0,ASK
128,1712453043.1553996,218441.211032,1347.0,-2.486127132357972e-07,1349.0,ASK
129,1712453043.1745937,218504.62475946,1347.0,-2.090499869938444e-08,1349.0,ASK
130,1712453043.1762571,218627.79307464,1347.0,-4.0603723701093656e-08,1349.0,ASK
131,1712453043.2140608,218926.11260499,1347.0,-9.834415423535824e-08,1349.0,ASK
132,1712453043.2160468,218936.11260499,1347.0,-3.296604621225542e-09,1349.0,ASK
133,1712453070.3384922,218936.11260499,1347.0,-0.0,1349.0,ASK
134,1712453100.5518522,218936.11260499,1347.0,-0.0,1349.0,ASK
135,1712453130.5461638,218936.11260499,1347.0,-0.0,1349.0,ASK
136,1712453160.3639326,218936.11260499,1347.0,-0.0,1349.0,ASK
137,1712453174.1086178,219354.50867013,1347.0,1.3885391580009908e-07,1349.0,BID
138,1712453174.1097949,219622.08081581,1348.0,8.879968833902428e-08,1349.0,BID
139,1712453174.1109517,220311.65551486,1348.0,2.288504964016033e-07,1349.0,BID
140,1712453190.3666463,220311.65551486,1348.0,0.0,1349.0,BID
141,1712453216.97377,220326.49231012,1348.0,4.920888624526171e-09,1349.0,BID
142,1712453216.9751496,221241.18073741,1348.0,3.033727835399634e-07,1349.0,BID
143,1712453220.5461495,221241.18073741,1348.0,0.0,1349.0,BID
144,1712453223.864199,221267.33774544,1348.0,8.671835903174468e-09,1349.0,BID
145,1712453233.944184,221287.33774544,1348.0,6.630602317538113e-09,1349.0,BID
146,1712453242.1937804,222689.41489677,1348.0,4.648308004488011e-07,1349.0,BID
147,1712453247.4247112,223618.94011932,1348.0,3.0816560474250826e-07,1349.0,BID
148,1712453250.5464575,223618.94011932,1348.0,0.0,1349.0,BID
149,1712453272.4936745,223989.86000062,1348.0,1.2284057753359956e-07,1349.0,BID
150,1712453279.445108,224731.69976323,1348.0,2.456811550704955e-07,1349.0,BID
151,1712453280.5452688,224731.69976323,1348.0,0.0,1349.0,BID
152,1712453282.6539617,224762.90896323,1348.0,1.0330674645622785e-08,1349.0,BID
153,1712453300.5871308,225801.48463088,1348.0,3.437828370271743e-07,1349.0,BID
154,1712453310.556301,225801.48463088,1348.0,0.0,1349.0,BID
155,1712453316.0238316,225901.48463088,1348.0,3.3085582784546415e-08,1349.0,BID
156,1712453331.7240891,225905.26392038,1346.0,-1.2503999561908488e-09,1349.0,ASK
157,1712453340.3300707,225905.26392038,1346.0,-0.0,1349.0,ASK
158,1712453353.513842,226031.58480598,1348.0,4.179206694203613e-08,1349.0,BID
159,1712453370.3762183,226031.58480598,1348.0,0.0,1349.0,BID
160,1712453394.1235826,226043.57071102,1348.0,3.965199622855005e-09,1349.0,BID
161,1712453400.4875522,226043.57071102,1348.0,0.0,1349.0,BID
162,1712453407.1636682,226143.57071102,1348.0,3.319407859279353e-08,1349.0,BID
163,1712453418.4242718,228082.15942788,1346.0,-6.434966622655319e-07,1349.0,ASK
164,1712453418.4844506,228405.9571321,1346.0,-1.0748166442045521e-07,1349.0,ASK
165,1712453418.4868524,228728.83974725,1346.0,-1.0717790903535197e-07,1349.0,ASK
166,1712453418.489275,230137.64573888,1346.0,-4.676401680816504e-07,1349.0,ASK
167,1712453418.5042906,230391.79935242,1346.0,-8.43639502248906e-08,1349.0,ASK
168,1712453430.3589995,230391.79935242,1346.0,-0.0,1349.0,ASK
169,1712453433.2437608,230515.18681592,1345.0,-4.087791312121736e-08,1349.0,ASK
170,1712453433.5965376,231180.78920316,1345.0,-2.205121637732102e-07,1349.0,ASK
171,1712453433.5976164,231982.54087601,1345.0,-2.656180319936129e-07,1349.0,ASK
172,1712453433.6436255,231982.54087602,1345.0,-3.316853380322016e-18,1349.0,ASK
173,1712453448.5302818,232056.89031839,1345.0,-2.4631757227200392e-08,1349.0,ASK
174,1712453460.5513766,232056.89031839,1345.0,-0.0,1349.0,ASK
175,1712453461.7340934,232064.35300494,1345.0,2.4705336452020167e-09,1349.0,BID
176,1712453461.8535142,232131.23976076,1345.0,-2.2142961460978242e-08,1349.0,ASK
177,1712453462.0750172,232198.12651657,1345.0,2.2142961457654213e-08,1349.0,BID
178,1712453462.076187,232503.74644422,1345.0,1.011759382959415e-07,1349.0,BID
179,1712453490.6165442,232503.74644422,1345.0,0.0,1349.0,BID
180,1712453520.346333,232503.74644422,1345.0,0.0,1349.0,BID
181,1712453550.3539834,232503.74644422,1345.0,0.0,1349.0,BID
182,1712453561.2736309,232528.24644422,1346.0,8.109148506119827e-09,1349.0,BID
183,1712453580.376843,232977.80217276,1346.0,1.4879649651052018e-07,1349.0,BID
184,1712453580.3780415,233731.94998569,1346.0,2.496121065557059e-07,1349.0,BID
185,1712453580.3939762,234015.27854217,1346.0,9.37776873682e-08,1349.0,BID
186,1712453580.5136957,234015.27854217,1346.0,0.0,1349.0,BID
187,1712453580.7864428,234161.34197833,1346.0,4.831236840638938e-08,1349.0,BID
188,1712453580.8153727,236238.96976875,1346.0,6.872022311743005e-07,1349.0,BID
189,1712453580.8167038,237798.07758107,1346.0,5.15695050002684e-07,1349.0,BID
190,1712453580.893658,237873.18578304,1346.0,2.484300807453004e-08,1349.0,BID
191,1712453587.7546637,238244.10566434,1348.0,1.2268654240744757e-07,1349.0,BID
192,1712453610.5481584,238244.10566434,1348.0,0.0,1349.0,BID
193,1712453640.3562582,238244.10566434,1348.0,0.0,1349.0,BID
194,1712453641.7139416,238318.2896406,1348.0,2.449119283069893e-08,1349.0,BID
195,1712453661.3636415,238392.47361686,1348.0,2.4491192830689333e-08,1349.0,BID
196,1712453670.386139,238392.47361686,1348.0,0.0,1349.0,BID
197,1712453700.555329,238392.47361686,1348.0,0.0,1349.0,BID
198,1712453730.5660985,238392.47361686,1348.0,0.0,1349.0,BID
199,1712453742.351032,238555.48622753,1348.0,5.387212706290738e-08,1349.0,BID
200,1712453752.3038075,238881.89572307,1348.0,1.0787124840216809e-07,1349.0,BID
201,1712453753.3739512,240496.32122307,1348.0,5.335325611443754e-07,1349.0,BID
202,1712453756.2054515,241145.66062307,1348.0,2.1459256753188546e-07,1349.0,BID
203,1712453760.3362706,241145.66062307,1348.0,0.0,1349.0,BID
204,1712453761.0660326,241797.96062307,1348.0,2.1530690701313242e-07,1349.0,BID
205,1712453761.084018,243942.16062307,1348.0,7.077434769547283e-07,1349.0,BID
206,1712453761.0852172,248315.96062307,1348.0,1.4436752259605286e-06,1349.0,BID
207,1712453761.1738603,248545.9309496,1348.0,7.590709751644872e-08,1349.0,BID
208,1712453764.0965395,248694.51935971,1346.0,-4.904508814775292e-08,1349.0,ASK
209,1712453790.3690872,248694.51935971,1346.0,-0.0,1349.0,ASK
210,1712453820.5345745,248694.51935971,1346.0,-0.0,1349.0,ASK
211,1712453850.552068,248694.51935971,1346.0,-0.0,1349.0,ASK
212,1712453864.2835932,248701.94326469,1347.0,2.442231197081964e-09,1349.0,BID
213,1712453865.8052423,249631.46848724,1348.0,3.057845571972056e-07,1349.0,BID
214,1712453875.7636285,250275.14458226,1347.0,-2.117491864870063e-07,1349.0,ASK
215,1712453875.8835895,250548.44458226,1347.0,8.990710252352103e-08,1349.0,BID
216,1712453876.0434573,250548.49170568,1347.0,1.550212276861057e-11,1349.0,BID
217,1712453876.3636873,250821.74458226,1348.0,8.989160040074284e-08,1349.0,BID
218,1712453880.1438758,250932.74458226,1347.0,3.651550815993487e-08,1349.0,BID
219,1712453880.3556638,250932.74458226,1347.0,0.0,1349.0,BID
220,1712453881.0163624,251118.64458226,1347.0,6.10946338929253e-08,1349.0,BID
221,1712453881.0838163,251118.70078123,1347.0,1.8469367927661103e-11,1349.0,BID
222,1712453881.183571,251304.60078123,1348.0,6.10946338929253e-08,1349.0,BID
223,1712453889.3792355,251378.78475749,1348.0,2.438000468169527e-08,1349.0,BID
224,1712453895.5635796,251386.20315511,1348.0,2.4380004661972752e-09,1349.0,BID
225,1712453898.536821,252424.77882276,1348.0,3.413200655469572e-07,1349.0,BID
226,1712453901.4638362,252981.15864471,1348.0,1.828500351126763e-07,1349.0,BID
227,1712453910.3353443,252981.15864471,1348.0,0.0,1349.0,BID
228,1712453915.419868,252988.58254969,1347.0,2.437598524875845e-09,1349.0,BID
229,1712453940.557232,252988.58254969,1347.0,0.0,1349.0,BID
230,1712453944.0036242,254390.65970102,1348.0,4.603628391324303e-07,1349.0,BID
231,1712453955.3536894,254427.75168915,1348.0,1.2178911088022968e-08,1349.0,BID
232,1712453955.3935192,254464.84367728,1348.0,1.2178911088022968e-08,1349.0,BID
233,1712453955.4334958,254501.93566541,1348.0,1.2178911088022968e-08,1349.0,BID
234,1712453961.373744,254619.56566541,1348.0,3.862303919279227e-08,1349.0,BID
235,1712453970.5463488,254619.56566541,1348.0,0.0,1349.0,BID
236,1712453999.4875932,256649.58770041,1347.0,-6.660636032338149e-07,1349.0,ASK
237,1712453999.5438137,257403.73550338,1347.0,-2.474408623929435e-07,1349.0,ASK
238,1712453999.5459154,262158.32042435,1347.0,-1.5600106352256498e-06,1349.0,ASK
239,1712453999.5642326,262912.46822732,1347.0,-2.474408623929435e-07,1349.0,ASK
240,1712453999.566409,264436.67887996,1347.0,-5.001035564546196e-07,1349.0,ASK
241,1712453999.6636708,264534.70483377,1347.0,3.216296122871126e-08,1349.0,BID
242,1712453999.7434206,264726.00483377,1347.0,6.27667902622648e-08,1349.0,BID
243,1712454000.4062755,264726.00483377,1347.0,0.0,1349.0,BID
244,1712454019.7138624,264800.18880977,1348.0,2.428548332304284e-08,1349.0,BID
245,1712454027.803542,265542.7595749,1347.0,2.4309414114907306e-07,1349.0,BID
246,1712454030.3664997,265542.7595749,1347.0,0.0,1349.0,BID
247,1712454060.535171,265542.7595749,1347.0,0.0,1349.0,BID
248,1712454069.9636085,265948.22728748,1346.0,-1.326894896843548e-07,1349.0,ASK
249,1712454090.5353096,265948.22728748,1346.0,-0.0,1349.0,ASK
250,1712454108.6000228,266177.12728748,1347.0,7.489425091796362e-08,1349.0,BID
251,1712454108.6999235,266177.21342789,1347.0,2.818445382088549e-11,1349.0,BID
252,1712454108.783672,266406.11342789,1348.0,7.489425091798269e-08,1349.0,BID
253,1712454120.3765893,266406.11342789,1348.0,0.0,1349.0,BID
254,1712454150.365227,266406.11342789,1348.0,0.0,1349.0,BID
255,1712454180.529588,266406.11342789,1348.0,0.0,1349.0,BID
256,1712454208.3733444,266608.92286989,1346.0,-6.634423538382081e-08,1349.0,ASK
257,1712454208.4399736,266608.92287012,1346.0,-7.523192944861283e-17,1349.0,ASK
258,1712454210.5335534,266608.92287012,1346.0,-0.0,1349.0,ASK
259,1712454237.5927734,266631.58743178,1346.0,-7.413504690366937e-09,1349.0,ASK
260,1712454240.335099,266631.58743178,1346.0,-0.0,1349.0,ASK
261,1712454270.3207238,266631.58743178,1346.0,-0.0,1349.0,ASK
262,1712454300.3674488,266631.58743178,1346.0,-0.0,1349.0,ASK
263,1712454330.3652017,266631.58743178,1346.0,-0.0,1349.0,ASK
264,1712454360.5551438,266631.58743178,1346.0,-0.0,1349.0,ASK
265,1712454390.5334558,266631.58743178,1346.0,-0.0,1349.0,ASK
266,1712454420.3744617,266631.58743178,1346.0,-0.0,1349.0,ASK
267,1712454438.1335464,266668.7345343,1346.0,-1.2508216510241966e-08,1349.0,ASK
268,1712454438.13615,267790.66766962,1346.0,-3.7777865875399314e-07,1349.0,ASK
269,1712454440.1546743,268429.86036328,1346.0,-2.1522972349625765e-07,1349.0,ASK
270,1712454440.1563256,269246.66568465,1346.0,-2.750356585932117e-07,1349.0,ASK
271,1712454440.3110943,269259.93652776,1346.0,-4.46857406452862e-09,1349.0,ASK
272,1712454440.3137968,271369.42227369,1346.0,-7.103085475149856e-07,1349.0,ASK
273,1712454440.3166788,273625.03016017,1346.0,-7.595109683486426e-07,1349.0,ASK
274,1712454440.7527523,274367.60093504,1346.0,-2.500393138672036e-07,1349.0,ASK
275,1712454440.7543695,274543.95047408,1346.0,-5.9380626378785975e-08,1349.0,ASK
276,1712454450.3738017,274543.95047408,1346.0,-0.0,1349.0,ASK
277,1712454473.7837355,274599.8937876,1346.0,-1.876998806954448e-08,1349.0,ASK
278,1712454473.924055,275354.04159057,1346.0,2.530301545217081e-07,1349.0,BID
279,1712454473.9434905,276108.18940351,1346.0,2.5303015786681664e-07,1349.0,BID
280,1712454473.9644015,276512.74690923,1346.0,1.3573632089374185e-07,1349.0,BID
281,1712454480.570925,276512.74690923,1346.0,0.0,1349.0,BID
282,1712454489.863657,276535.01862415,1347.0,7.465922887922581e-09,1349.0,BID
283,1712454510.5675826,276535.01862415,1347.0,0.0,1349.0,BID
284,1712454540.37438,276535.01862415,1347.0,0.0,1349.0,BID
285,1712454570.36689,276535.01862415,1347.0,0.0,1349.0,BID
286,1712454600.379071,276535.01862415,1347.0,0.0,1349.0,BID
287,1712454612.283751,276545.01862415,1346.0,-3.3555847115919556e-09,1349.0,ASK
288,1712454612.2870233,276552.44804465,1346.0,-2.4930049845801952e-09,1349.0,ASK
289,1712454612.4239235,276622.24804465,1346.0,2.3421981286907943e-08,1349.0,BID
290,1712454612.4603567,276763.21353368,1346.0,4.73021639851154e-08,1349.0,BID
291,1712454630.3567934,276763.21353368,1346.0,0.0,1349.0,BID
292,1712454660.5134904,276763.21353368,1346.0,0.0,1349.0,BID
293,1712454690.5475998,276763.21353368,1346.0,0.0,1349.0,BID
294,1712454697.1363325,295893.61353368,1348.0,6.418706220503571e-06,1349.0,BID
295,1712454700.0435755,307305.21353368,1348.0,3.828864420289116e-06,1349.0,BID
296,1712454700.0837588,307466.76080347,1348.0,5.4202968338677504e-08,1349.0,BID
297,1712454700.087249,307675.29947129,1348.0,6.996970499059359e-08,1349.0,BID
298,1712454700.1033914,307991.00113904,1348.0,1.0592545156452788e-07,1349.0,BID
299,1712454700.20382,314031.46589884,1348.0,2.026720232115426e-06,1349.0,BID
300,1712454700.2075276,314240.00456666,1348.0,6.996970499057407e-08,1349.0,BID
301,1712454700.263558,318047.60456666,1348.0,1.277540762618119e-06,1349.0,BID
302,1712454700.2838256,319157.36105387,1348.0,3.723498132657429e-07,1349.0,BID
303,1712454700.2872405,320641.06105387,1348.0,4.978167952244198e-07,1349.0,BID
304,1712454700.3035283,323361.06105387,1348.0,9.126249801242914e-07,1349.0,BID
305,1712454700.3066485,326945.00335826,1348.0,1.202498262614152e-06,1349.0,BID
306,1712454700.3235755,327635.00335826,1348.0,2.3151148392858866e-07,1349.0,BID
307,1712454700.3634915,329119.78435306,1348.0,4.981794948045251e-07,1349.0,BID
308,1712454700.3834429,330604.56534786,1348.0,4.981794948045056e-07,1349.0,BID
309,1712454700.3861582,334453.03559501,1348.0,1.2912537069169807e-06,1349.0,BID
310,1712454700.403532,334649.23559501,1348.0,6.582978716926345e-08,1349.0,BID
311,1712454700.4068809,336637.36615985,1348.0,6.670653004491137e-07,1349.0,BID
312,1712454700.4434454,361059.16615985,1348.0,8.194097330735097e-06,1349.0,BID
313,1712454700.463577,361801.00592247,1348.0,2.4890496272664533e-07,1349.0,BID
314,1712454700.4662943,362342.74010302,1348.0,1.8176475946951098e-07,1349.0,BID
315,1712454700.5848958,362438.29010302,1349.0,3.2059307665759345e-08,1349.0,BID
316,1712454701.7937186,363523.54419194,1349.0,3.641286732832488e-07,1349.0,BID
317,1712454701.7974324,365676.90582902,1349.0,7.225042725149169e-07,1349.0,BID
318,1712454701.8135712,368645.71931902,1349.0,9.961078501117471e-07,1349.0,BID
319,1712454701.8164346,368953.58734293,1349.0,1.0329707691242697e-07,1349.0,BID
320,1712454701.819291,371823.68326199,1349.0,9.629857467231397e-07,1349.0,BID
321,1712454720.3625586,371823.68326199,1349.0,0.0,1349.0,BID
322,1712454750.367061,371823.68326199,1349.0,0.0,1349.0,BID
323,1712454780.5371585,371823.68326199,1349.0,0.0,1349.0,BID
324,1712454793.3784463,372090.87212863,1349.0,8.595248686729947e-08,1349.0,BID
325,1712454793.4034665,372097.87212863,1349.0,2.2518431087243423e-09,1349.0,BID
326,1712454810.5434403,372097.87212863,1349.0,0.0,1349.0,BID
327,1712454826.1038463,372320.25908192,1349.0,7.153156409025799e-08,1349.0,BID
328,1712454840.3538787,372320.25908192,1349.0,0.0,1349.0,BID
329,1712454842.7537625,372607.41861191,1349.0,9.235698447181529e-08,1349.0,BID
330,1712454870.3577836,372607.41861191,1349.0,0.0,1349.0,BID
331,1712454877.354794,372611.27240915,1350.0,1.23931374603748e-09,1350.0,BID
332,1712454877.356557,374041.81861191,1350.0,4.600386224311045e-07,1350.0,BID
333,1712454878.4034646,374071.41861191,1350.0,9.51884196239532e-09,1350.0,BID
334,1712454893.7135634,376802.51861191,1350.0,8.782739622792891e-07,1350.0,BID
335,1712454899.5041287,377546.59102015,1350.0,2.392806642772659e-07,1350.0,BID
336,1712454900.370008,377546.59102015,1350.0,0.0,1350.0,BID
337,1712454906.3831005,377694.7391683,1350.0,4.8153866365172096e-08,1350.0,BID
338,1712454906.391832,377731.77620534,1350.0,1.203846659210184e-08,1350.0,BID
339,1712454906.3934195,379304.02513087,1350.0,5.110415863996929e-07,1350.0,BID
340,1712454906.3950293,384927.19102015,1350.0,1.827745956752744e-06,1350.0,BID
341,1712454908.3145494,385001.26509423,1350.0,2.407693318420368e-08,1350.0,BID
342,1712454908.317551,386753.28680512,1350.0,5.694746805046184e-07,1350.0,BID
343,1712454908.3197224,389557.09102015,1350.0,9.11344591010012e-07,1350.0,BID
344,1712454909.0184772,389557.13698404,1350.0,1.4940038355089374e-11,1350.0,BID
345,1712454909.0206373,390057.13698404,1351.0,1.6251929898041485e-07,1351.0,BID
346,1712454909.022637,390594.48249635,1352.0,1.746580319418001e-07,1352.0,BID
347,1712454909.0243187,390876.92198184,1352.0,9.180373437243889e-08,1352.0,BID
348,1712454909.0259547,390892.26906094,1351.0,4.988393073467403e-09,1352.0,BID
349,1712454909.0278182,391408.99102015,1352.0,1.6795458115719173e-07,1352.0,BID
350,1712454910.3237138,391646.99102015,1352.0,7.735918631467746e-08,1352.0,BID
351,1712454921.7235923,391647.05299416,1352.0,2.0143945308908968e-11,1352.0,BID
352,1712454921.7435749,391650.75587664,1353.0,1.203579729710545e-09,1353.0,BID
353,1712454921.7474444,392434.96282513,1353.0,2.5489752704832965e-07,1353.0,BID
354,1712454921.753585,392653.04441679,1353.0,7.088493479424571e-08,1353.0,BID
355,1712454921.7634563,392958.84441679,1353.0,9.939680325641793e-08,1353.0,BID
356,1712454921.8436098,393114.94441679,1353.0,5.0738525141677946e-08,1353.0,BID
357,1712454921.8536692,393793.03581788,1353.0,2.204058782995981e-07,1353.0,BID
358,1712454921.8635747,393815.192391,1354.0,7.201741462535148e-09,1354.0,BID
359,1712454921.8665798,393959.83581788,1354.0,4.7014696677327465e-08,1354.0,BID
360,1712454921.8834553,394168.81961361,1354.0,6.792779996060827e-08,1354.0,BID
361,1712454921.9100444,394419.07703393,1354.0,8.13433210301087e-08,1354.0,BID
362,1712454921.913905,394775.10567622,1354.0,1.157230507238331e-07,1354.0,BID
363,1712454921.9293437,394985.98048738,1354.0,6.854245296471051e-08,1354.0,BID
364,1712454921.9536204,395197.02794669,1354.0,6.859857027731078e-08,1354.0,BID
365,1712454921.9566958,395408.45354507,1354.0,6.87214800704775e-08,1354.0,BID
366,1712454921.9687724,395619.25738314,1354.0,6.851938397102096e-08,1354.0,BID
367,1712454921.9836652,398815.192391,1354.0,1.038802234128751e-06,1354.0,BID
368,1712454921.987596,399015.192391,1354.0,6.500771959216593e-08,1354.0,BID
369,1712454921.9933517,399033.66358746,1354.0,6.003851800021907e-09,1354.0,BID
370,1712454922.2036912,399614.76358746,1355.0,1.8887992927503053e-07,1355.0,BID
371,1712454925.5037189,399878.6954875,1354.0,-8.57880547461439e-08,1355.0,ASK
372,1712454925.5635295,400632.84329047,1354.0,-2.4512714453261626e-07,1355.0,ASK
373,1712454925.583578,401386.99109344,1354.0,-2.451271445325973e-07,1355.0,ASK
374,1712454925.6037292,402349.6775742,1354.0,-3.129102639820731e-07,1355.0,ASK
375,1712454926.9434924,402370.28553829,1355.0,6.698383754645084e-09,1355.0,BID
376,1712454930.3759549,402370.28553829,1355.0,0.0,1355.0,BID
377,1712454934.3336873,409148.65137493,1355.0,2.179458475953932e-06,1355.0,BID
378,1712454934.3376875,410119.46560637,1355.0,3.121474048879991e-07,1355.0,BID
379,1712454934.4169884,411212.52493437,1355.0,-3.514530603014777e-07,1355.0,ASK
380,1712454934.4210055,411212.52493519,1355.0,-2.636466494920322e-16,1355.0,ASK
381,1712454941.0039926,411217.52493519,1357.0,1.6076577514989043e-09,1357.0,BID
382,1712454941.0076964,411221.21690276,1357.0,1.1870840564354263e-09,1357.0,BID
383,1712454941.011232,411239.66085556,1356.0,5.9303127374424094e-09,1357.0,BID
384,1712454941.0133858,411276.50683935,1357.0,1.1847146290319588e-08,1357.0,BID
385,1712454941.0154245,411286.23049447,1357.0,3.126461905315278e-09,1357.0,BID
386,1712454956.7035756,411290.01107267,1353.0,-1.21557516967776e-09,1357.0,ASK
387,1712454958.807516,411293.77213461,1356.0,1.209300076339432e-09,1357.0,BID
388,1712454960.556767,411293.77213461,1356.0,0.0,1357.0,BID
389,1712454964.6337452,411516.91300324,1353.0,-7.1468973600656e-08,1357.0,ASK
390,1712454990.5336325,411516.91300324,1353.0,-0.0,1357.0,ASK
391,1712455009.5538814,411919.99155641,1353.0,-1.2908807470882377e-07,1357.0,ASK
392,1712455009.5585058,412207.69441229,1353.0,-9.213838707543936e-08,1357.0,ASK
393,1712455009.623624,412207.69441294,1353.0,2.0816758126186376e-16,1357.0,BID
394,1712455009.633474,412444.30687194,1353.0,7.577641267246209e-08,1357.0,BID
395,1712455019.386868,412494.30687194,1355.0,1.6012768937174304e-08,1357.0,BID
396,1712455019.3917184,412518.21670194,1355.0,7.657251662348356e-09,1357.0,BID
397,1712455019.6661642,412522.58382843,1352.0,-1.3985957480722856e-09,1357.0,ASK
398,1712455020.3910038,412522.58382843,1352.0,-0.0,1357.0,ASK
399,1712455023.5838675,412596.49365843,1355.0,2.3659709493024657e-08,1357.0,BID
400,1712455029.7839825,412633.74553679,1352.0,-1.1924917430695729e-08,1357.0,ASK
401,1712455039.463788,412637.43631169,1355.0,1.1814756161486062e-09,1357.0,BID
402,1712455048.0539522,412742.01340316,1355.0,3.3476786562814933e-08,1357.0,BID
403,1712455048.1536684,412785.03778716,1355.0,-1.377278809269628e-08,1357.0,ASK
404,1712455048.233595,412785.0377877,1355.0,-1.7286015913687211e-16,1357.0,ASK
405,1712455050.3671176,412785.0377877,1355.0,-0.0,1357.0,ASK
406,1712455080.5437107,412785.0377877,1355.0,-0.0,1357.0,ASK
407,1712455087.1252885,412858.6909977,1355.0,-2.357487840850969e-08,1357.0,ASK
408,1712455098.4238102,414919.6909977,1356.0,6.596837313671001e-07,1357.0,BID
409,1712455098.4287162,414928.54055523,1356.0,2.8325614421884633e-09,1357.0,BID
410,1712455098.5274074,416105.65906523,1356.0,-3.767714366511797e-07,1357.0,ASK
411,1712455098.5320485,416105.65906554,1356.0,-9.922910899174371e-17,1357.0,ASK
412,1712455105.673789,416609.74774021,1356.0,1.613484220505489e-07,1357.0,BID
413,1712455105.6782403,417114.27400366,1357.0,1.614884852233977e-07,1357.0,BID
414,1712455105.713757,417210.0604044,1357.0,3.065925776534312e-08,1357.0,BID
415,1712455105.717886,417796.54032738,1357.0,1.877201668914817e-07,1357.0,BID
416,1712455105.7538044,417904.37613619,1358.0,3.451602558504805e-08,1358.0,BID
417,1712455106.0745063,418296.77613619,1358.0,1.255991733083101e-07,1358.0,BID
418,1712455106.1136177,419006.77613619,1358.0,2.272564043040471e-07,1358.0,BID
419,1712455106.1740916,419080.5768742,1358.0,2.3622099091753252e-08,1358.0,BID
420,1712455106.1784484,419098.9936636,1358.0,5.8948356871341045e-09,1358.0,BID
421,1712455106.1827571,419383.54542913,1358.0,9.107917052495896e-08,1358.0,BID
422,1712455106.1859794,419516.09227787,1359.0,4.242552147391044e-08,1359.0,BID
423,1712455106.18793,419520.93239796,1358.0,1.5492229409190355e-09,1359.0,BID
424,1712455106.1899097,419606.77613619,1359.0,2.7476815890378124e-08,1359.0,BID
425,1712455106.9335306,420216.77613619,1358.0,1.9524846003587145e-07,1359.0,BID
426,1712455107.154139,420970.92394913,1358.0,2.413872116655026e-07,1359.0,BID
427,1712455107.2333646,421090.47613619,1358.0,3.826619740555181e-08,1359.0,BID
428,1712455109.2434323,421127.47613619,1356.0,-1.1842939379224993e-08,1359.0,ASK
429,1712455110.537403,421127.47613619,1356.0,-0.0,1359.0,ASK
430,1712455128.604104,421404.46451625,1356.0,-8.833820305479926e-08,1359.0,ASK
431,1712455128.608389,421958.44127637,1356.0,-1.766764061095985e-07,1359.0,ASK
432,1712455128.6118927,422588.44127637,1355.0,-2.00922031142486e-07,1359.0,ASK
433,1712455128.615146,427096.39761927,1355.0,-1.4376948328843178e-06,1359.0,ASK
434,1712455128.6184044,427466.67574828,1356.0,-1.1809052979099644e-07,1359.0,ASK
435,1712455128.621714,428523.92584004,1355.0,-3.371822791460337e-07,1359.0,ASK
436,1712455128.6236084,428523.92584033,1355.0,-9.24849105836137e-17,1359.0,ASK
437,1712455131.2135918,428597.6178079,1357.0,-2.350212667150573e-08,1359.0,ASK
438,1712455140.3671129,428597.6178079,1357.0,-0.0,1359.0,ASK
439,1712455154.563831,428604.97615962,1359.0,2.339201601337678e-09,1359.0,BID
440,1712455170.5099363,428604.97615962,1359.0,0.0,1359.0,BID
441,1712455178.49409,430665.97615962,1358.0,6.551846606055544e-07,1359.0,BID
442,1712455178.5070388,432090.04224135,1359.0,4.527056052586888e-07,1359.0,BID
443,1712455178.510862,432100.00412135,1358.0,3.16684666026418e-09,1359.0,BID
444,1712455182.5048275,433015.76307839,1358.0,-2.911165557810435e-07,1359.0,ASK
445,1712455182.5237224,433833.15666321,1358.0,-2.5984654946699257e-07,1359.0,ASK
446,1712455182.5279715,440497.10454021,1358.0,-2.118445622554745e-06,1359.0,ASK
447,1712455185.113471,440534.78980067,1355.0,-1.1980011928348314e-08,1359.0,ASK
448,1712455189.8136835,441288.93760364,1358.0,-2.3974093757173163e-07,1359.0,ASK
449,1712455189.833729,444030.42048311,1358.0,-8.715077777493841e-07,1359.0,ASK
450,1712455200.6771114,444030.42048311,1358.0,-0.0,1359.0,ASK
451,1712455230.5376775,444030.42048311,1358.0,-0.0,1359.0,ASK
452,1712455238.2636273,447709.59634771,1359.0,1.167066279235027e-06,1359.0,BID
453,1712455244.0340836,447761.14234771,1359.0,1.6350835253143743e-08,1359.0,BID
454,1712455254.8439667,449135.39768251,1359.0,4.359256309913729e-07,1359.0,BID
455,1712455260.3687046,449135.39768251,1359.0,0.0,1359.0,BID
456,1712455269.4067876,449139.08421672,1359.0,1.1668325767441488e-09,1359.0,BID
457,1712455269.4126787,450508.27930645,1359.0,4.333667731293361e-07,1359.0,BID
458,1712455290.355967,450508.27930645,1359.0,0.0,1359.0,BID
459,1712455302.9238906,451259.62653941,1359.0,2.3767011695414522e-07,1359.0,BID
460,1712455302.9283144,451687.48293495,1359.0,1.3534179019594045e-07,1359.0,BID
461,1712455313.2836523,451834.57642279,1359.0,4.65293873784647e-08,1359.0,BID
462,1712455317.2224078,451840.09518658,1359.0,1.7457244505127527e-09,1359.0,BID
463,1712455320.0836606,454587.23214532,1355.0,-8.689888424831152e-07,1359.0,ASK
464,1712455320.5673,454587.23214532,1355.0,-0.0,1359.0,ASK
465,1712455350.9972012,454587.23214532,1355.0,-0.0,1359.0,ASK
466,1712455380.3740518,454587.23214532,1355.0,-0.0,1359.0,ASK
467,1712455398.1042142,454604.00439356,1355.0,-5.2962175389227e-09,1359.0,ASK
468,1712455410.3692646,454604.00439356,1355.0,-0.0,1359.0,ASK
469,1712455432.823773,455044.03853611,1355.0,-1.389497570992501e-07,1359.0,ASK
470,1712455432.8282864,456604.00439356,1355.0,-4.925910424124804e-07,1359.0,ASK
471,1712455440.546105,456604.00439356,1355.0,-0.0,1359.0,ASK
472,1712455450.674623,456856.67164795,1355.0,-7.971662339735237e-08,1359.0,ASK
473,1712455450.6789749,461575.25749576,1355.0,-1.4887157890959405e-06,1359.0,ASK
474,1712455470.5235956,461575.25749576,1355.0,-0.0,1359.0,ASK
475,1712455471.4338195,461582.25749576,1358.0,2.203819285050618e-09,1359.0,BID
476,1712455471.438692,461677.68974907,1358.0,3.0045062894342055e-08,1359.0,BID
477,1712455500.357601,461677.68974907,1358.0,0.0,1359.0,BID
478,1712455509.3285654,461721.10462758,1358.0,1.3700357437336154e-08,1359.0,BID
479,1712455509.330831,461752.41968896,1358.0,9.882039264024777e-09,1359.0,BID
480,1712455530.3474207,461752.41968896,1358.0,0.0,1359.0,BID
481,1712455548.313877,461876.76320884,1357.0,3.9237610965470724e-08,1359.0,BID
482,1712455560.5295398,461876.76320884,1357.0,0.0,1359.0,BID
483,1712455590.5291448,461876.76320884,1357.0,0.0,1359.0,BID
484,1712455620.344009,461876.76320884,1357.0,0.0,1359.0,BID
485,1712455650.3639505,461876.76320884,1357.0,0.0,1359.0,BID
486,1712455662.0937414,465023.03155419,1355.0,-9.92777754227134e-07,1359.0,ASK
487,1712455671.5438397,465096.83229219,1355.0,-2.328718433704184e-08,1359.0,ASK
488,1712455671.5492833,466988.93502855,1355.0,-5.970366476040441e-07,1359.0,ASK
489,1712455671.623749,467208.52772738,1355.0,6.92905761555049e-08,1359.0,BID
490,1712455680.5533545,467208.52772738,1355.0,0.0,1359.0,BID
491,1712455710.5939064,467208.52772738,1355.0,0.0,1359.0,BID
492,1712455718.1038165,467434.32790307,1355.0,-7.108723836019349e-08,1359.0,ASK
493,1712455740.387636,467434.32790307,1355.0,-0.0,1359.0,ASK
494,1712455770.3559651,467434.32790307,1355.0,-0.0,1359.0,ASK
495,1712455773.875093,467758.5725604,1357.0,1.0207005893203274e-07,1359.0,BID
496,1712455781.344067,468290.2725604,1357.0,1.6737561932726634e-07,1359.0,BID
497,1712455784.2542026,468378.54915207,1357.0,2.7788883210205533e-08,1359.0,BID
498,1712455784.9482646,468724.34915207,1357.0,1.0885553726418181e-07,1359.0,BID
499,1712455785.0138977,470117.12733924,1357.0,4.3843729859521963e-07,1359.0,BID
500,1712455785.073913,470871.27514221,1357.0,2.374007063878165e-07,1359.0,BID
501,1712455785.0838585,471053.67514221,1357.0,5.741830537010882e-08,1359.0,BID
502,1712455785.0936532,471497.19919078,1357.0,1.3961841699443666e-07,1359.0,BID
503,1712455785.104411,472017.41739677,1357.0,1.6376122703195449e-07,1359.0,BID
504,1712455785.108973,472442.41856044,1357.0,1.3378753617468436e-07,1359.0,BID
505,1712455785.203777,473024.58510448,1357.0,1.832621513265028e-07,1359.0,BID
506,1712455786.3436682,474545.08510448,1357.0,4.786432747547542e-07,1359.0,BID
507,1712455786.5440123,474545.12787408,1357.0,1.3463585269649459e-11,1359.0,BID
508,1712455794.9737828,474549.65276095,1357.0,-1.4244042547527863e-09,1359.0,ASK
509,1712455795.513981,474568.33769957,1358.0,5.8818942516787824e-09,1359.0,BID
510,1712455795.5187676,474649.38802646,1358.0,2.5514103178285453e-08,1359.0,BID
511,1712455798.1266146,474779.18802646,1358.0,4.086017564167151e-08,1359.0,BID
512,1712455800.3898363,474779.18802646,1358.0,0.0,1359.0,BID
513,1712455800.9337811,474786.55179671,1358.0,2.360694721091148e-09,1359.0,BID
514,1712455814.393721,475228.73834415,1357.0,-1.4175719948343182e-07,1359.0,ASK
515,1712455819.836173,475297.71128677,1358.0,2.2111507558397492e-08,1359.0,BID
516,1712455819.8404632,475897.71128677,1358.0,1.9234940588417138e-07,1359.0,BID
517,1712455819.8447168,475965.11536918,1358.0,2.160855867621208e-08,1359.0,BID
518,1712455830.3812065,475965.11536918,1358.0,0.0,1359.0,BID
519,1712455844.4341462,476113.81425393,1358.0,4.764564446812685e-08,1359.0,BID
520,1712455844.4393818,476262.69642023,1358.0,4.77043709850151e-08,1359.0,BID
521,1712455844.4439056,477021.34390564,1359.0,2.430835202782566e-07,1359.0,BID
522,1712455860.541461,477021.34390564,1359.0,0.0,1359.0,BID
523,1712455875.973805,477311.04820727,1359.0,9.278350617654177e-08,1359.0,BID
524,1712455879.354009,477318.41197752,1358.0,-2.358392397452258e-09,1359.0,ASK
525,1712455880.0736897,477349.40898821,1359.0,9.927402929927545e-09,1359.0,BID
526,1712455890.5471218,477349.40898821,1359.0,0.0,1359.0,BID
527,1712455891.2736857,477355.76361376,1359.0,2.034903382257209e-09,1359.0,BID
528,1712455894.533836,477429.13118529,1359.0,2.349405457175856e-08,1359.0,BID
529,1712455894.71393,477435.48581084,1359.0,2.034903382257209e-09,1359.0,BID
530,1712455920.3739874,477435.48581084,1359.0,0.0,1359.0,BID
531,1712455940.733766,478187.36551008,1358.0,2.4076087888135737e-07,1359.0,BID
532,1712455940.813692,478934.14954281,1358.0,-2.391291854752358e-07,1359.0,ASK
533,1712455940.8338232,481120.08418961,1358.0,-6.999624371727601e-07,1359.0,ASK
534,1712455943.4438193,481356.69664861,1357.0,-7.576614136637171e-08,1359.0,ASK
535,1712455943.446873,481723.57534657,1357.0,-1.174789502269809e-07,1359.0,ASK
536,1712455950.4220805,481723.57534657,1357.0,-0.0,1359.0,ASK
537,1712455961.615725,482018.34321657,1357.0,-9.421254325562553e-08,1359.0,ASK
538,1712455961.633663,482018.34321687,1357.0,-9.588554611099651e-17,1359.0,ASK
539,1712455964.52461,484227.47429198,1358.0,7.06073755498386e-07,1359.0,BID
540,1712455967.333766,484231.5273502,1357.0,1.295422472166966e-09,1359.0,BID
541,1712455980.5584888,484231.5273502,1357.0,0.0,1359.0,BID
542,1712455981.2142708,484235.89447669,1357.0,-1.394286118920404e-09,1359.0,ASK
543,1712456010.538458,484235.89447669,1357.0,-0.0,1359.0,ASK
544,1712456016.9640322,484679.03330201,1357.0,-1.4148002016721768e-07,1359.0,ASK
545,1712456022.7238996,484794.25261901,1357.0,-3.678583405785546e-08,1359.0,ASK
546,1712456022.8038316,484794.25261984,1357.0,-2.649869749586485e-16,1359.0,ASK
547,1712456031.4675324,484834.29374373,1358.0,1.2783847164346884e-08,1359.0,BID
548,1712456031.471577,484879.70107988,1358.0,1.4497106701502142e-08,1359.0,BID
549,1712456035.154168,484887.06485013,1358.0,2.3510157628914158e-09,1359.0,BID
550,1712456037.393993,485006.16485013,1358.0,3.802481172744104e-08,1359.0,BID
551,1712456040.3719535,485006.16485013,1358.0,0.0,1359.0,BID
552,1712456053.1240036,485191.49026699,1358.0,5.914872124820447e-08,1359.0,BID
553,1712456063.6436756,485559.95010486,1357.0,-1.1759816117288085e-07,1359.0,ASK
554,1712456066.6268885,486346.26251468,1356.0,-2.509605769702987e-07,1359.0,ASK
555,1712456066.6338332,487034.32884964,1356.0,-2.1960422124703893e-07,1359.0,ASK
556,1712456066.754024,487788.47665261,1356.0,-2.406948757143115e-07,1359.0,ASK
557,1712456066.7576196,492269.81600192,1356.0,-1.430270582859064e-06,1359.0,ASK
558,1712456070.358399,492269.81600192,1356.0,-0.0,1359.0,ASK
559,1712456078.633783,492725.11600192,1356.0,1.4485877982819325e-07,1359.0,BID
560,1712456094.5539296,493464.21430199,1353.0,-2.3515237847840522e-07,1359.0,ASK
561,1712456094.563652,495422.75092429,1353.0,-6.23130299484248e-07,1359.0,ASK
562,1712456094.6013377,496907.5938931,1353.0,-4.724193733763819e-07,1359.0,ASK
563,1712456094.6180334,503515.65569142,1353.0,-2.102428660517986e-06,1359.0,ASK
564,1712456100.4086137,503515.65569142,1353.0,-0.0,1359.0,ASK
565,1712456116.517618,504615.25958201,1352.0,-3.495259387845679e-07,1359.0,ASK
566,1712456116.520249,505354.90455242,1352.0,-2.3510748266918905e-07,1359.0,ASK
567,1712456116.5325906,506197.49563224,1352.0,-2.678304803264932e-07,1359.0,ASK
568,1712456130.5479004,506197.49563224,1352.0,-0.0,1359.0,ASK
569,1712456134.9544816,506481.2197255,1351.0,-9.008222614699408e-08,1359.0,ASK
570,1712456154.8744347,506538.92258138,1351.0,1.8320621463574985e-08,1359.0,BID
571,1712456154.933893,506640.88646236,1351.0,-3.2373469872536244e-08,1359.0,ASK
572,1712456155.018242,506981.2197255,1351.0,-1.0805560297423293e-07,1359.0,ASK
573,1712456160.3741062,506981.2197255,1351.0,-0.0,1359.0,ASK
574,1712456183.6437938,506996.03454031,1351.0,-4.7021139260160764e-09,1359.0,ASK
575,1712456190.394664,506996.03454031,1351.0,-0.0,1359.0,ASK
576,1712456220.513965,506996.03454031,1351.0,-0.0,1359.0,ASK
577,1712456224.404147,507003.33381038,1350.0,-2.316720246269295e-09,1359.0,ASK
578,1712456233.4836988,507577.43065513,1350.0,-1.822129844202431e-07,1359.0,ASK
579,1712456250.1039886,508736.51089298,1350.0,-3.678812577573754e-07,1359.0,ASK
580,1712456250.5353014,508736.51089298,1350.0,-0.0,1359.0,ASK
581,1712456270.5101266,508949.10789281,1350.0,-6.742602175888344e-08,1359.0,ASK
582,1712456280.387129,508949.10789281,1350.0,-0.0,1359.0,ASK
583,1712456300.4139247,508978.09533902,1350.0,-9.19265223537981e-09,1359.0,ASK
584,1712456300.4195874,514295.06353585,1350.0,-1.6861450721096773e-06,1359.0,ASK
585,1712456310.3872218,514295.06353585,1350.0,-0.0,1359.0,ASK
586,1712456310.774007,514767.25971427,1350.0,-1.4940340873135917e-07,1359.0,ASK
587,1712456340.5139844,514767.25971427,1350.0,-0.0,1359.0,ASK
588,1712456369.4838948,514772.25971427,1350.0,-1.5816866778416271e-09,1359.0,ASK
589,1712456370.5444157,514772.25971427,1350.0,-0.0,1359.0,ASK
590,1712456376.363942,514846.27895928,1351.0,2.3415000749725056e-08,1359.0,BID
591,1712456378.1013894,515142.87895928,1350.0,-9.382545338622393e-08,1359.0,ASK
592,1712456378.1190927,515432.91386726,1350.0,-9.174867410336493e-08,1359.0,ASK
593,1712456379.0839396,516097.91386726,1351.0,2.103638789677809e-07,1359.0,BID
594,1712456387.0237298,516101.61948856,1352.0,1.172223865654795e-09,1359.0,BID
595,1712456387.993703,516151.61948856,1351.0,-1.5816833005096308e-08,1359.0,ASK
596,1712456388.0341332,517711.61948856,1353.0,4.934851897590048e-07,1359.0,BID
597,1712456388.113731,517800.76729155,1353.0,2.8200718253277345e-08,1359.0,BID
598,1712456388.1178076,520210.64949629,1353.0,7.623340878865232e-07,1359.0,BID
599,1712456388.254371,526151.61948856,1353.0,1.879346605120456e-06,1359.0,BID
600,1712456388.2598257,526155.32237103,1353.0,1.171357473303753e-09,1359.0,BID
601,1712456388.3336954,526155.32237104,1353.0,3.167073331862414e-18,1359.0,BID
602,1712456400.4077797,526155.32237104,1353.0,0.0,1359.0,BID
603,1712456406.703833,526155.32237106,1354.0,6.322979198635978e-18,1359.0,BID
604,1712456406.7065043,526297.86965057,1354.0,4.5013428875631015e-08,1359.0,BID
605,1712456407.0639727,526301.56706754,1355.0,1.1675664128887164e-09,1359.0,BID
606,1712456430.429867,526301.56706754,1355.0,0.0,1359.0,BID
607,1712456439.3541832,526306.56706754,1355.0,-1.5787959793434e-09,1359.0,ASK
608,1712456460.5337036,526306.56706754,1355.0,-0.0,1359.0,ASK
609,1712456490.5437768,526306.56706754,1355.0,-0.0,1359.0,ASK
610,1712456498.863994,526310.2617578,1356.0,1.1666299297430672e-09,1359.0,BID
611,1712456520.379601,526310.2617578,1356.0,0.0,1359.0,BID
612,1712456536.75605,526928.42808491,1356.0,-1.951909760123795e-07,1359.0,ASK
613,1712456536.758754,527044.57444761,1356.0,-3.667414561655608e-08,1359.0,ASK
614,1712456550.408516,527044.57444761,1356.0,-0.0,1359.0,ASK
615,1712456580.539084,527044.57444761,1356.0,-0.0,1359.0,ASK
616,1712456607.4186673,527192.06707297,1356.0,-4.655734142351781e-08,1359.0,ASK
617,1712456610.528931,527192.06707297,1356.0,-0.0,1359.0,ASK
618,1712456640.370381,527192.06707297,1356.0,-0.0,1359.0,ASK
619,1712456670.3526907,527192.06707297,1356.0,-0.0,1359.0,ASK
620,1712456700.3968332,527192.06707297,1356.0,-0.0,1359.0,ASK
621,1712456715.7841148,527206.8163355,1356.0,4.665671811050538e-09,1359.0,BID
622,1712456730.3783302,527206.8163355,1356.0,0.0,1359.0,BID
623,1712456760.5439222,527206.8163355,1356.0,0.0,1359.0,BID
624,1712456775.0440853,527210.8163355,1355.0,1.2653221904940435e-09,1359.0,BID
625,1712456790.5284278,527210.8163355,1355.0,0.0,1359.0,BID
626,1712456809.6041036,527999.73705194,1355.0,-2.495592943907235e-07,1359.0,ASK
627,1712456820.3890333,527999.73705194,1355.0,-0.0,1359.0,ASK
628,1712456849.844243,528003.4639892,1355.0,-1.1785435552168818e-09,1359.0,ASK
629,1712456849.8500886,530720.41057616,1355.0,-8.591612003736797e-07,1359.0,ASK
630,1712456849.923985,531034.46137616,1355.0,9.931010922385865e-08,1359.0,BID
631,1712456850.3370724,534392.10212416,1355.0,1.061763477177161e-06,1359.0,BID
632,1712456850.3642128,534392.10212416,1355.0,0.0,1359.0,BID
633,1712456855.1944034,535425.31245626,1355.0,3.258324867413039e-07,1359.0,BID
634,1712456855.935882,536187.37077448,1355.0,2.403221775404475e-07,1359.0,BID
635,1712456857.3748066,536290.89702123,1355.0,3.2647964672361854e-08,1359.0,BID
636,1712456857.9255595,536388.84711943,1355.0,3.0889474370814744e-08,1359.0,BID
637,1712456858.945223,537126.8544995,1355.0,2.3273749052908325e-07,1359.0,BID
638,1712456862.3940978,538141.21317108,1355.0,3.198874402821424e-07,1359.0,BID
639,1712456870.533996,538901.855422,1355.0,2.398756075484313e-07,1359.0,BID
640,1712456876.3541543,538909.65052222,1354.0,-2.458257346192573e-09,1359.0,ASK
641,1712456880.5682695,538909.65052222,1354.0,-0.0,1359.0,ASK
642,1712456882.3340082,539173.28951027,1355.0,8.298082050154908e-08,1359.0,BID
643,1712456882.4140604,539173.2895108,1355.0,1.6683066547543172e-16,1359.0,BID
644,1712456882.4241447,539584.6855358,1355.0,1.2948759953170212e-07,1359.0,BID
645,1712456908.4640608,540324.50807456,1355.0,-2.328604040923996e-07,1359.0,ASK
646,1712456910.594069,540324.50807456,1355.0,-0.0,1359.0,ASK
647,1712456912.614527,542824.50807456,1353.0,-7.86404725060417e-07,1359.0,ASK
648,1712456912.618821,545631.67539193,1354.0,-8.830278569659991e-07,1359.0,ASK
649,1712456912.6224852,548220.59148796,1353.0,-8.143743402811589e-07,1359.0,ASK
650,1712456912.6259522,548581.52795116,1354.0,-1.135368560428369e-07,1359.0,ASK
651,1712456912.629247,548591.7054124,1355.0,-3.2014414432942194e-09,1359.0,ASK
652,1712456912.6320589,549330.25784963,1354.0,-2.3232045053702786e-07,1359.0,ASK
653,1712456932.2242918,549707.72714606,1353.0,-1.1873745531111481e-07,1359.0,ASK
654,1712456940.368395,549707.72714606,1353.0,-0.0,1359.0,ASK
655,1712456970.3619184,549707.72714606,1353.0,-0.0,1359.0,ASK
656,1712457000.44741,549707.72714606,1353.0,-0.0,1359.0,ASK
657,1712457030.3975434,549707.72714606,1353.0,-0.0,1359.0,ASK
658,1712457060.5586617,549707.72714606,1353.0,-0.0,1359.0,ASK
659,1712457090.5340872,549707.72714606,1353.0,-0.0,1359.0,ASK
660,1712457120.4112904,549707.72714606,1353.0,-0.0,1359.0,ASK
661,1712457137.8042262,549967.60713904,1354.0,-8.161609589089289e-08,1359.0,ASK
662,1712457150.4217234,549967.60713904,1354.0,-0.0,1359.0,ASK
663,1712457160.694206,550026.6041892,1356.0,1.852615431351314e-08,1359.0,BID
664,1712457160.700241,550115.31762648,1356.0,2.7857644141122293e-08,1359.0,BID
665,1712457161.7141793,550119.06014145,1354.0,-1.1752182467957638e-09,1359.0,ASK
666,1712457165.775494,550122.74745708,1356.0,1.1578846430340639e-09,1359.0,BID
667,1712457167.872441,550226.20646403,1356.0,3.2488023090647325e-08,1359.0,BID
668,1712457167.875239,550358.92666061,1356.0,4.1676572569224966e-08,1359.0,BID
669,1712457180.5090392,550358.92666061,1356.0,0.0,1359.0,BID
670,1712457186.3142166,550457.16479117,1354.0,-3.0843432995240286e-08,1359.0,ASK
671,1712457210.5441384,550457.16479117,1354.0,-0.0,1359.0,ASK
672,1712457233.733858,552805.88910451,1355.0,-7.373887852166896e-07,1359.0,ASK
673,1712457240.3672469,552805.88910451,1355.0,-0.0,1359.0,ASK
674,1712457270.394091,552805.88910451,1355.0,-0.0,1359.0,ASK
675,1712457295.2559302,552813.26373577,1356.0,-2.3129757573321462e-09,1359.0,ASK
676,1712457295.26176,553054.81903966,1355.0,-7.576128788687148e-08,1359.0,ASK
677,1712457300.533965,553054.81903966,1355.0,-0.0,1359.0,ASK
678,1712457330.5540323,553054.81903966,1355.0,-0.0,1359.0,ASK
679,1712457360.378717,553054.81903966,1355.0,-0.0,1359.0,ASK
680,1712457385.199453,553104.81903966,1357.0,1.6321322067260452e-08,1359.0,BID
681,1712457385.204681,553119.81903966,1357.0,4.896396620178135e-09,1359.0,BID
682,1712457390.3791022,553119.81903966,1357.0,0.0,1359.0,BID
683,1712457394.2543182,553123.24940075,1357.0,1.1197283234208455e-09,1359.0,BID
684,1712457394.2605004,553267.20297481,1358.0,4.698889997404544e-08,1359.0,BID
685,1712457403.243868,553316.32204009,1356.0,-1.6033300043641247e-08,1359.0,ASK
686,1712457420.5921147,553316.32204009,1356.0,-0.0,1359.0,ASK
687,1712457450.5296636,553316.32204009,1356.0,-0.0,1359.0,ASK
688,1712457470.4240289,553389.95974259,1358.0,2.403450838145392e-08,1359.0,BID
689,1712457480.373372,553389.95974259,1358.0,0.0,1359.0,BID
690,1712457494.7442665,553442.60458625,1358.0,1.7182117269536686e-08,1359.0,BID
691,1712457494.750476,553664.47888839,1358.0,7.241488460070583e-08,1359.0,BID
692,1712457498.489994,553668.16813728,1358.0,1.204089568094959e-09,1359.0,BID
693,1712457498.4940548,554464.88565975,1358.0,2.600310486278101e-07,1359.0,BID
694,1712457498.546735,554464.88566005,1358.0,-9.791413693012622e-17,1359.0,ASK
695,1712457498.552366,554725.31025805,1358.0,-8.499685195385528e-08,1359.0,ASK
696,1712457503.4339335,555784.30099814,1359.0,3.456312493028456e-07,1359.0,BID
697,1712457510.4140856,555784.30099814,1359.0,0.0,1359.0,BID
698,1712457533.1915336,559072.11110338,1359.0,1.071930863752288e-06,1359.0,BID
699,1712457540.5380075,559072.11110338,1359.0,0.0,1359.0,BID
700,1712457570.534165,559072.11110338,1359.0,0.0,1359.0,BID
701,1712457574.7437818,559192.98326337,1358.0,-3.9350851360355247e-08,1359.0,ASK
702,1712457574.8767383,559313.85542335,1358.0,3.9350851357095864e-08,1359.0,BID
703,1712457574.8816023,560277.15340586,1358.0,3.136089876164201e-07,1359.0,BID
704,1712457574.954217,561182.52115621,1358.0,2.94749359765112e-07,1359.0,BID
705,1712457575.7938938,561309.4371611,1358.0,4.131847105312572e-08,1359.0,BID
706,1712457575.9338665,561477.93953485,1358.0,-5.4857229852183175e-08,1359.0,ASK
707,1712457600.4297931,561477.93953485,1358.0,-0.0,1359.0,ASK
708,1712457628.3139718,562063.58496408,1358.0,-1.910601571004428e-07,1359.0,ASK
709,1712457628.3337443,562214.31655988,1358.0,-4.9174467922364856e-08,1359.0,ASK
710,1712457630.3821409,562214.31655988,1358.0,-0.0,1359.0,ASK
711,1712457660.5385134,562214.31655988,1358.0,-0.0,1359.0,ASK
712,1712457677.7241352,562488.83570568,1357.0,-8.952953951106515e-08,1359.0,ASK
713,1712457683.9441073,563242.98350865,1358.0,-2.459519000995231e-07,1359.0,ASK
714,1712457683.9638822,563593.42111547,1358.0,-1.1428899603535677e-07,1359.0,ASK
715,1712457684.61401,563682.3946483,1358.0,2.901713612627142e-08,1359.0,BID
716,1712457690.5370414,563682.3946483,1358.0,0.0,1359.0,BID
717,1712457692.2240703,563908.71547243,1359.0,7.376256034366067e-08,1359.0,BID
718,1712457704.7758756,565094.27501054,1359.0,3.86397969815731e-07,1359.0,BID
719,1712457720.5119207,565094.27501054,1359.0,0.0,1359.0,BID
720,1712457750.3682337,565094.27501054,1359.0,0.0,1359.0,BID
721,1712457763.1741214,565729.27501054,1358.0,-2.0683007413116642e-07,1359.0,ASK
722,1712457763.180163,565997.73134338,1358.0,-8.744069798781016e-08,1359.0,ASK
723,1712457763.2138467,566751.87914637,1358.0,2.4563849763509844e-07,1359.0,BID
724,1712457763.2538514,566946.67914637,1359.0,6.344960384371785e-08,1359.0,BID
725,1712457763.2586844,567339.07501054,1359.0,1.278098672047706e-07,1359.0,BID
726,1712457763.4560163,567506.42839767,1359.0,5.45097849861657e-08,1359.0,BID
727,1712457780.5242202,567506.42839767,1359.0,0.0,1359.0,BID
728,1712457795.8939629,568385.51748357,1358.0,-2.860287415061428e-07,1359.0,ASK
729,1712457810.5536606,568385.51748357,1358.0,-0.0,1359.0,ASK
730,1712457840.3748667,568385.51748357,1358.0,-0.0,1359.0,ASK
731,1712457870.3891554,568385.51748357,1358.0,-0.0,1359.0,ASK
732,1712457900.4119098,568385.51748357,1358.0,-0.0,1359.0,ASK
733,1712457930.3887322,568385.51748357,1358.0,-0.0,1359.0,ASK
734,1712457938.2138548,568403.02866995,1358.0,-5.773442490603269e-09,1359.0,ASK
735,1712457938.5847204,568523.88608943,1359.0,3.9846721163894185e-08,1359.0,BID
736,1712457938.9510164,568848.18608942,1359.0,1.0692179039279893e-07,1359.0,BID
737,1712457939.2464845,569869.90352475,1359.0,3.368604917187267e-07,1359.0,BID
738,1712457947.594084,570062.22927026,1359.0,6.340984597343263e-08,1359.0,BID
739,1712457950.5037696,570264.72955356,1359.0,6.676439360517088e-08,1359.0,BID
740,1712457952.2338204,570372.08973115,1359.0,3.539667716668782e-08,1359.0,BID
741,1712457952.2738383,570494.19267249,1359.0,4.025737002993581e-08,1359.0,BID
742,1712457952.3340838,570663.58338326,1359.0,5.584815933390415e-08,1359.0,BID
743,1712457958.8541062,570792.05358478,1359.0,4.235665728974999e-08,1359.0,BID
744,1712457959.5565698,570887.95495033,1359.0,3.1618703996409485e-08,1359.0,BID
745,1712457960.5538106,570887.95495033,1359.0,0.0,1359.0,BID
746,1712457964.03382,570999.67109553,1359.0,3.679158845820376e-08,1359.0,BID
747,1712457965.1839266,571131.03346598,1359.0,4.3261699227381694e-08,1359.0,BID
748,1712457990.544043,571131.03346598,1359.0,0.0,1359.0,BID
749,1712457994.3939188,571250.06940373,1359.0,3.919795852888906e-08,1359.0,BID
750,1712457994.4039507,571435.00970039,1359.0,6.089994514115286e-08,1359.0,BID
751,1712457994.4337656,571844.30970039,1359.0,1.3478051023183317e-07,1359.0,BID
752,1712458020.385501,571844.30970039,1359.0,0.0,1359.0,BID
753,1712458029.3138323,572368.81201488,1358.0,-1.7266096182596806e-07,1359.0,ASK
754,1712458029.333913,572420.46347818,1358.0,-1.7003149627215567e-08,1359.0,ASK
755,1712458029.3413863,572482.58498038,1358.0,-2.0449782629384653e-08,1359.0,ASK
756,1712458035.0136688,572513.7395062,1358.0,-1.0255761022773924e-08,1359.0,ASK
757,1712458047.0441144,572963.62796403,1358.0,1.480988199620545e-07,1359.0,BID
758,1712458050.378425,572963.62796403,1358.0,0.0,1359.0,BID
759,1712458053.646927,573158.62796403,1358.0,6.415996232594497e-08,1359.0,BID
760,1712458080.4211593,573158.62796403,1358.0,0.0,1359.0,BID
761,1712458083.8639789,573450.42796403,1358.0,9.600126115956437e-08,1359.0,BID
762,1712458083.8884342,575509.33054706,1358.0,6.773723254818951e-07,1359.0,BID
763,1712458083.8914926,576183.93054706,1358.0,2.219412295348025e-07,1359.0,BID
764,1712458083.903727,576533.93054706,1358.0,1.151488739062905e-07,1359.0,BID
765,1712458083.9079,577724.13054706,1358.0,3.915719706379285e-07,1359.0,BID
766,1712458083.9253683,578484.51566866,1358.0,2.501642585352521e-07,1359.0,BID
767,1712458083.9283853,578690.53054706,1358.0,6.777823215911484e-08,1359.0,BID
768,1712458083.9439018,578690.60169922,1358.0,2.340883173422088e-11,1359.0,BID
769,1712458110.411845,578690.60169922,1358.0,0.0,1359.0,BID
770,1712458134.253708,578987.8107106,1359.0,9.753973299144881e-08,1359.0,BID
771,1712458140.5641437,578987.8107106,1359.0,0.0,1359.0,BID
772,1712458164.8647192,579595.84198109,1358.0,-1.995206907925139e-07,1359.0,ASK
773,1712458169.7638657,579599.52189278,1359.0,1.2075341484367907e-09,1359.0,BID
774,1712458170.542246,579599.52189278,1359.0,0.0,1359.0,BID
775,1712458171.083715,579706.91459048,1358.0,-3.5230467668201354e-08,1359.0,ASK
776,1712458175.8485076,579880.65019932,1359.0,5.6994440787285766e-08,1359.0,BID
777,1712458180.507785,579890.65019932,1358.0,-3.2805273005242274e-09,1359.0,ASK
778,1712458180.5133712,579900.65019932,1358.0,-3.2805273005242274e-09,1359.0,ASK
779,1712458195.5138378,581553.75124123,1358.0,-5.423043098510818e-07,1359.0,ASK
780,1712458195.521689,582738.29299097,1358.0,-3.885921548632489e-07,1359.0,ASK
781,1712458195.6338563,582893.24496237,1358.0,5.083241724479576e-08,1359.0,BID
782,1712458195.658275,583473.04496236,1358.0,1.902049728811256e-07,1359.0,BID
783,1712458195.6942186,583564.70642809,1358.0,3.00697940733121e-08,1359.0,BID
784,1712458195.8136208,583762.40642809,1358.0,6.48560247313487e-08,1359.0,BID
785,1712458196.1994517,583887.42762423,1358.0,4.1013544708176864e-08,1359.0,BID
786,1712458197.4297516,584106.22762423,1358.0,7.177793733544718e-08,1359.0,BID
787,1712458197.5837574,584196.96753807,1358.0,2.976747645995976e-08,1359.0,BID
788,1712458197.632662,584366.76753807,1358.0,5.570335356287846e-08,1359.0,BID
789,1712458200.4479375,584366.76753807,1358.0,0.0,1359.0,BID
790,1712458210.834268,584530.95798019,1358.0,5.40092938397122e-08,1359.0,BID
791,1712458211.0139122,584686.67224919,1358.0,5.122111616768816e-08,1359.0,BID
792,1712458213.5657058,584690.35487069,1358.0,1.2113725021088787e-09,1359.0,BID
793,1712458219.9438207,584694.10018904,1357.0,-1.2319961909596088e-09,1359.0,ASK
794,1712458228.8838198,584787.28479784,1358.0,3.0652423204652035e-08,1359.0,BID
795,1712458230.3672583,584787.28479784,1358.0,0.0,1359.0,BID
796,1712458233.1344707,584942.31924086,1358.0,5.0987914318738735e-08,1359.0,BID
797,1712458233.2742689,584946.00186236,1358.0,1.2111449937072402e-09,1359.0,BID
798,1712458233.318798,585043.8295798,1358.0,3.217369751950578e-08,1359.0,BID
799,1712458237.5338447,585611.2295798,1358.0,1.866071952846121e-07,1359.0,BID
800,1712458237.5537343,585762.38812007,1358.0,4.9713202754826974e-08,1359.0,BID
801,1712458237.573845,586003.04277156,1358.0,7.9146791587505e-08,1359.0,BID
802,1712458237.9137018,586162.05528494,1358.0,5.2296226889325706e-08,1359.0,BID
803,1712458238.034423,586384.15528494,1358.0,7.304451546123774e-08,1359.0,BID
804,1712458239.5038383,586752.1597952,1358.0,1.210297664992853e-07,1359.0,BID
805,1712458241.0297756,586877.61910543,1358.0,4.1261209031297866e-08,1359.0,BID
806,1712458241.041259,586997.56775518,1358.0,3.944885637648598e-08,1359.0,BID
807,1712458241.2038102,587088.41131118,1358.0,2.98767380945482e-08,1359.0,BID
808,1712458247.2338593,587188.4935264,1358.0,3.291515946434358e-08,1359.0,BID
809,1712458247.4337616,587351.72349068,1358.0,5.3683267220133163e-08,1359.0,BID
810,1712458247.4738994,587516.72329987,1358.0,5.4265335945452777e-08,1359.0,BID
811,1712458250.0760996,587669.8611149,1358.0,5.0364149021413626e-08,1359.0,BID
812,1712458250.1038933,587755.47626476,1358.0,2.8157213586980413e-08,1359.0,BID
813,1712458250.2438724,587882.51984532,1358.0,4.178224576527641e-08,1359.0,BID
814,1712458260.545677,587882.51984532,1358.0,0.0,1359.0,BID
815,1712458267.8807976,587982.60206054,1358.0,3.2869720495285005e-08,1359.0,BID
816,1712458267.9561777,588238.71748815,1358.0,8.411526964674305e-08,1359.0,BID
817,1712458267.959761,588369.01388767,1358.0,4.2792880077161214e-08,1359.0,BID
818,1712458267.9747086,588372.69650917,1358.0,1.2094730230393591e-09,1359.0,BID
819,1712458267.988288,588884.69650917,1358.0,1.6815472016278925e-07,1359.0,BID
820,1712458270.8638089,589026.12342372,1358.0,4.644844382743055e-08,1359.0,BID
821,1712458274.023826,589184.5704516,1358.0,5.2038311784740353e-08,1359.0,BID
822,1712458275.9639266,589304.50580316,1358.0,3.939003023281057e-08,1359.0,BID
823,1712458276.0237153,589401.707902,1358.0,3.1923811972034137e-08,1359.0,BID
1024,1712458276.9938338,589518.66756545,1358.0,3.8412733354985254e-08,1359.0,BID
824,1712458276.9938338,589518.66756545,1358.0,3.841273335498525e-08,1359.0,BID
825,1712458277.0006962,590105.56756545,1358.0,1.927539165303613e-07,1359.0,BID
826,1712458277.054151,590193.60562272,1358.0,2.8914091570139613e-08,1359.0,BID
827,1712458277.060972,590358.46196188,1358.0,5.414330386428183e-08,1359.0,BID
828,1712458277.0739646,591112.60977482,1358.0,2.4768264540296085e-07,1359.0,BID
829,1712458277.0778294,592269.65619384,1358.0,3.800055015735415e-07,1359.0,BID
830,1712458277.0935888,592696.61245057,1358.0,1.40224042719117e-07,1359.0,BID
831,1712458290.5339348,592696.61245057,1358.0,0.0,1359.0,BID
832,1712458298.0738757,592700.29236226,1359.0,1.2059936526149963e-09,1359.0,BID
833,1712458301.990084,592799.03023562,1359.0,3.2358724495004966e-08,1359.0,BID
834,1712458301.9949956,593168.43023562,1359.0,1.2106107232917365e-07,1359.0,BID
835,1712458303.1137388,593172.1074415,1359.0,1.205106894966478e-09,1359.0,BID
836,1712458308.9789386,593279.53643523,1359.0,3.520700915054154e-08,1359.0,BID
837,1712458308.9936457,593399.2033833,1359.0,3.9217674758269965e-08,1359.0,BID
838,1712458313.794055,593525.04215047,1359.0,4.124032510605684e-08,1359.0,BID
839,1712458315.2399132,593671.576361,1359.0,4.802270887836697e-08,1359.0,BID
840,1712458315.2738514,593837.7759186,1359.0,5.446750585733174e-08,1359.0,BID
841,1712458315.643905,593972.86616972,1359.0,4.427225409256713e-08,1359.0,BID
842,1712458317.0915806,594080.61873743,1359.0,3.531305195775408e-08,1359.0,BID
843,1712458318.1236637,594197.18586143,1359.0,3.8201789468795774e-08,1359.0,BID
844,1712458318.2839303,595048.5810071,1358.0,-2.790222233639634e-07,1359.0,ASK
845,1712458318.2873266,596071.25939129,1358.0,-3.3515577108259186e-07,1359.0,ASK
846,1712458320.4543006,596161.5583302,1359.0,2.9593087099707124e-08,1359.0,BID
847,1712458320.4637206,596161.5583302,1359.0,0.0,1359.0,BID
848,1712458325.7164626,596168.91668192,1359.0,2.4077907723202184e-09,1359.0,BID
849,1712458339.598111,596172.59659361,1359.0,1.2041361635803634e-09,1359.0,BID
850,1712458350.4053595,596172.59659361,1359.0,0.0,1359.0,BID
851,1712458355.473982,596176.2765053,1359.0,1.2041302529380274e-09,1359.0,BID
852,1712458357.183803,598478.93766506,1359.0,7.534702455782965e-07,1359.0,BID
853,1712458357.2037644,598748.93766506,1359.0,8.834863325150982e-08,1359.0,BID
854,1712458357.2238042,599162.36931799,1359.0,1.3528193140472806e-07,1359.0,BID
855,1712458357.264107,600729.69823648,1359.0,5.128569177931721e-07,1359.0,BID
856,1712458357.2722435,602074.59985408,1359.0,4.400748880470546e-07,1359.0,BID
857,1712458357.276035,602269.49985408,1359.0,6.377462452119008e-08,1359.0,BID
858,1712458357.2842453,602273.18638829,1359.0,1.2062972551396683e-09,1359.0,BID
859,1712458357.288267,603577.20878299,1359.0,4.266985048189027e-07,1359.0,BID
860,1712458357.2923014,603581.07241935,1360.0,1.2642481177414883e-09,1360.0,BID
861,1712458357.2988353,604848.98215485,1359.0,4.148818230285485e-07,1360.0,BID
862,1712458357.303227,605723.52224878,1360.0,2.861645260087411e-07,1360.0,BID
863,1712458357.384015,605849.5590025,1360.0,4.124138863192989e-08,1360.0,BID
864,1712458357.392382,607415.73547384,1360.0,5.124798173094882e-07,1360.0,BID
865,1712458357.4531407,607452.50017973,1360.0,1.2030042656566665e-08,1360.0,BID
866,1712458357.4598503,609649.41837016,1360.0,7.188693314439768e-07,1360.0,BID
867,1712458357.4658763,614634.82408718,1360.0,1.631310301122124e-06,1360.0,BID
868,1712458357.504398,617426.32486014,1360.0,9.134269555983364e-07,1360.0,BID
869,1712458357.5121057,617655.85321988,1360.0,7.510561805738337e-08,1360.0,BID
870,1712458357.515994,618799.46312891,1360.0,3.742087867988384e-07,1360.0,BID
871,1712458359.1239157,618803.14424573,1361.0,1.204524592159055e-09,1361.0,BID
872,1712458359.133592,619542.19701946,1361.0,2.418307498510523e-07,1361.0,BID
873,1712458359.143719,619549.54455804,1361.0,2.404240708524668e-09,1361.0,BID
874,1712458359.1538303,619645.03813324,1361.0,3.124713649339953e-08,1361.0,BID
875,1712458359.473838,620387.69701946,1362.0,2.430107317393778e-07,1362.0,BID
876,1712458360.4194586,620521.66872965,1362.0,4.383784255425532e-08,1362.0,BID
877,1712458362.244205,620635.49936876,1362.0,3.7247338472296086e-08,1362.0,BID
878,1712458366.653828,620639.17117492,1362.0,1.201477984449909e-09,1362.0,BID
879,1712458371.1137788,622457.17117492,1362.0,5.948807972268327e-07,1362.0,BID
880,1712458371.1540835,622532.47237974,1362.0,2.4639846400121786e-08,1362.0,BID
881,1712458371.1613896,623400.29276083,1362.0,2.8396572065596244e-07,1362.0,BID
882,1712458371.1679542,623403.97117492,1362.0,1.2036402125206395e-09,1362.0,BID
883,1712458371.2476964,623503.54412767,1362.0,3.25819788306728e-08,1362.0,BID
884,1712458371.250923,623536.58615289,1362.0,1.0811917659439888e-08,1362.0,BID
885,1712458371.2574408,623637.08944424,1362.0,3.2886401585364935e-08,1362.0,BID
886,1712458371.300379,623763.27714018,1362.0,4.129077951651228e-08,1362.0,BID
887,1712458371.3339255,623924.10634697,1362.0,5.2626076321546004e-08,1362.0,BID
888,1712458371.3411949,623981.77714018,1362.0,1.8870873180138788e-08,1362.0,BID
889,1712458371.3538525,624424.10634697,1362.0,1.4473770691524978e-07,1362.0,BID
890,1712458371.373701,624600.68358737,1363.0,5.77791031580175e-08,1363.0,BID
891,1712458371.4737315,624799.30121368,1363.0,6.499109564498363e-08,1363.0,BID
892,1712458371.7137024,625271.10121368,1363.0,1.5438105617802388e-07,1363.0,BID
893,1712458371.733835,625403.72703575,1363.0,4.33974448657306e-08,1363.0,BID
894,1712458371.7406888,626375.79737198,1363.0,3.180780949268688e-07,1363.0,BID
895,1712458371.7538264,626379.47308731,1363.0,1.2027571319328127e-09,1363.0,BID
896,1712458371.757257,626686.09224965,1363.0,1.003310515609914e-07,1363.0,BID
897,1712458371.7614653,626763.25274347,1363.0,2.5248237666690016e-08,1363.0,BID
898,1712458371.8398156,626766.92576399,1364.0,1.201875343881657e-09,1364.0,BID
899,1712458371.8470087,626852.37384699,1364.0,2.7960079063013923e-08,1364.0,BID
900,1712458372.0739453,627089.1184755,1364.0,7.74669050314536e-08,1364.0,BID
901,1712458372.153663,631448.2184755,1364.0,1.4263723229876089e-06,1364.0,BID
902,1712458373.6239817,631541.01300873,1364.0,3.036396364475423e-08,1364.0,BID
903,1712458378.42382,631925.98601373,1364.0,1.259697734462217e-07,1364.0,BID
904,1712458379.4437747,631929.65243601,1364.0,1.1997162864893575e-09,1364.0,BID
905,1712458380.1395817,632012.85243601,1364.0,2.7224467727895533e-08,1364.0,BID
906,1712458380.188099,632133.42684186,1364.0,3.945401467393628e-08,1364.0,BID
907,1712458380.339512,632223.45202101,1364.0,2.9457783467106786e-08,1364.0,BID
908,1712458380.5493116,632223.45202101,1364.0,0.0,1364.0,BID
909,1712458389.7040508,632227.21308295,1363.0,-1.2112397419672815e-09,1364.0,ASK
910,1712458389.812266,632378.18450995,1363.0,-4.861993639069638e-08,1364.0,ASK
911,1712458389.8496811,632443.55473561,1363.0,-2.1052302919785225e-08,1364.0,ASK
912,1712458391.761534,632447.29373854,1364.0,1.2041356979505426e-09,1364.0,BID
913,1712458404.0038722,632688.54078932,1361.0,-7.769295486201664e-08,1364.0,ASK
914,1712458404.0077293,633186.56907128,1361.0,-1.6038865016264416e-07,1364.0,ASK
915,1712458410.543908,633186.56907128,1361.0,-0.0,1364.0,ASK
1116,1712458430.1640618,633207.8764814,1363.0,6.8590968288763895e-09,1364.0,BID
916,1712458430.1640618,633207.8764814,1363.0,6.859096828876389e-09,1364.0,BID
917,1712458430.172013,633231.42747186,1363.0,7.581330770417607e-09,1364.0,BID
918,1712458440.3688574,633231.42747186,1363.0,0.0,1364.0,BID
919,1712458459.7938895,635513.15385403,1361.0,-7.344991282707122e-07,1364.0,ASK
920,1712458459.8018095,636124.5050649,1361.0,-1.967970107898178e-07,1364.0,ASK
921,1712458459.809387,691856.4371511,1361.0,-1.794038753026381e-05,1364.0,ASK
922,1712458470.408636,691856.4371511,1361.0,-0.0,1364.0,ASK
923,1712458470.458433,692568.80545632,1363.0,2.235725989756265e-07,1364.0,BID
924,1712458470.5268044,693322.95325929,1363.0,-2.3668484839406425e-07,1364.0,ASK
925,1712458470.531243,694077.10106226,1363.0,-2.366848483941008e-07,1364.0,ASK
926,1712458470.5440996,694445.95255829,1363.0,-1.1576187064920313e-07,1364.0,ASK
927,1712458500.5484946,694445.95255829,1363.0,-0.0,1364.0,ASK
928,1712458530.5473716,694445.95255829,1363.0,-0.0,1364.0,ASK
929,1712458552.9641943,696727.70843982,1361.0,-7.153969482502881e-07,1364.0,ASK
930,1712458552.9724665,711868.33366792,1361.0,-4.74702713399871e-06,1364.0,ASK
931,1712458552.9771636,712047.20492733,1361.0,-5.608135127313945e-08,1364.0,ASK
932,1712458558.8237834,712121.49492733,1361.0,-2.3292079453223712e-08,1364.0,ASK
933,1712458560.3824522,712121.49492733,1361.0,-0.0,1364.0,ASK
934,1712458581.8738852,712509.69368509,1361.0,-1.2080049677644196e-07,1364.0,ASK
935,1712458590.3884523,712509.69368509,1361.0,-0.0,1364.0,ASK
1136,1712458593.804031,712571.34642172,1361.0,-1.9182073089065692e-08,1364.0,ASK
936,1712458593.804031,712571.34642172,1361.0,-1.918207308906569e-08,1364.0,ASK
937,1712458600.3440447,714925.64237272,1361.0,-7.324942812585624e-07,1364.0,ASK
938,1712458600.363858,715162.07530415,1361.0,-7.35615970881468e-08,1364.0,ASK
939,1712458600.36984,715267.43989374,1361.0,-3.278218241383284e-08,1364.0,ASK
940,1712458600.4340813,715403.73989374,1361.0,4.2407145326470606e-08,1364.0,BID
941,1712458600.7306163,715598.13989374,1361.0,6.048385217504856e-08,1364.0,BID
942,1712458616.663843,717659.13989374,1361.0,6.412408401894795e-07,1364.0,BID
943,1712458616.7383003,719336.50838474,1361.0,-5.218812132344585e-07,1364.0,ASK
944,1712458616.7417717,720603.34779676,1361.0,-3.941529204021765e-07,1364.0,ASK
945,1712458620.5491676,720603.34779676,1361.0,-0.0,1364.0,ASK
946,1712458638.953931,720609.34779676,1357.0,-1.8604094702040867e-09,1364.0,ASK
947,1712458643.257817,720925.04946451,1360.0,9.788906207356065e-08,1364.0,BID
948,1712458643.2650476,721855.32382448,1361.0,2.884485381960041e-07,1364.0,BID
949,1712458643.2711546,722515.32382448,1360.0,2.0464504172244965e-07,1364.0,BID
950,1712458643.2761042,723146.72715998,1360.0,1.957781241471213e-07,1364.0,BID
951,1712458650.546722,723146.72715998,1360.0,0.0,1364.0,BID
952,1712458653.821544,723806.72715998,1360.0,2.0442573222975746e-07,1364.0,BID
953,1712458653.8254323,724144.2739748,1360.0,1.0455038603243505e-07,1364.0,BID
954,1712458680.4635928,724144.2739748,1360.0,0.0,1364.0,BID
955,1712458682.023713,724871.0800565,1357.0,-2.2502342140621525e-07,1364.0,ASK
956,1712458682.0275662,724933.1853338,1357.0,-1.9228157740148337e-08,1364.0,ASK
957,1712458682.1041195,724933.185334,1357.0,-6.192164334102015e-17,1364.0,ASK
958,1712458690.9340131,725670.105009,1357.0,-2.281546491495928e-07,1364.0,ASK
959,1712458690.9419105,725670.10500975,1357.0,-2.3218814109595565e-16,1364.0,ASK
960,1712458691.0540037,725747.00608675,1356.0,-2.3809024019003283e-08,1364.0,ASK
961,1712458710.4007854,725747.00608675,1356.0,-0.0,1364.0,ASK
962,1712458740.5792782,725747.00608675,1356.0,-0.0,1364.0,ASK
963,1712458748.174334,725932.22168742,1356.0,-5.7305249252096255e-08,1364.0,ASK
964,1712458748.1822867,725932.2216879,1356.0,-1.4850474121996415e-16,1364.0,ASK
965,1712458748.7540202,726290.52027712,1356.0,-1.1085669828915905e-07,1364.0,ASK
966,1712458754.5440998,726323.97560925,1356.0,-1.0350997105983782e-08,1364.0,ASK
967,1712458754.9439073,726331.3393795,1358.0,2.2783323223564704e-09,1364.0,BID
968,1712458770.5611448,726331.3393795,1358.0,0.0,1364.0,BID
969,1712458800.4699416,726331.3393795,1358.0,0.0,1364.0,BID
970,1712458828.7639325,727805.17873101,1356.0,-4.626013960932419e-07,1364.0,ASK
971,1712458828.8440776,728520.21117434,1356.0,-2.244308419350888e-07,1364.0,ASK
972,1712458828.8508244,729279.01808252,1356.0,-2.381705541581897e-07,1364.0,ASK
973,1712458828.906224,729896.86589471,1356.0,-1.939270112440757e-07,1364.0,ASK
974,1712458828.9238138,730669.41560853,1356.0,-2.424840779278148e-07,1364.0,ASK
975,1712458830.4277558,730669.41560853,1356.0,-0.0,1364.0,ASK
976,1712458834.8863127,730743.00134176,1357.0,2.3054159483438986e-08,1364.0,BID
977,1712458835.2043016,730863.53287476,1356.0,-3.776211858729539e-08,1364.0,ASK
978,1712458842.5641413,773712.53729456,1355.0,-1.3424447080157831e-05,1364.0,ASK
979,1712458842.5718052,773712.53729524,1356.0,-2.1303601065397936e-16,1364.0,ASK
980,1712458842.577649,778530.19783765,1355.0,-1.50935663214294e-06,1364.0,ASK
981,1712458842.7503266,779038.52511795,1355.0,-1.5925720483334697e-07,1364.0,ASK
982,1712458842.8538418,784446.49869888,1355.0,-1.6942996956666315e-06,1364.0,ASK
983,1712458844.36394,785583.01691161,1355.0,-3.560672834531526e-07,1364.0,ASK
984,1712458845.1267595,787453.6939152,1355.0,-5.860767310420131e-07,1364.0,ASK
985,1712458845.2040532,790014.5795238,1355.0,-8.023167351609221e-07,1364.0,ASK
986,1712458860.5393388,790014.5795238,1355.0,-0.0,1364.0,ASK
987,1712458860.5639105,791950.7731078,1355.0,-5.916961865849089e-07,1364.0,ASK
988,1712458860.5839972,791958.1531816,1355.0,-2.2553331238422582e-09,1364.0,ASK
989,1712458860.5879552,794514.32224089,1355.0,-7.811592276447774e-07,1364.0,ASK
990,1712458861.2847495,794521.32224089,1352.0,-2.139183468182785e-09,1364.0,ASK
991,1712458890.5466292,794521.32224089,1352.0,-0.0,1364.0,ASK
992,1712458919.0341322,794526.48792572,1358.0,1.575680600810027e-09,1364.0,BID
993,1712458920.411347,794526.48792572,1358.0,0.0,1364.0,BID
994,1712458923.7339482,795107.35905529,1355.0,-1.771818146257446e-07,1364.0,ASK
995,1712458923.7409089,795118.42100219,1356.0,-3.374200791289216e-09,1364.0,ASK
996,1712458950.4492705,795118.42100219,1356.0,-0.0,1364.0,ASK
997,1712458958.5841744,796989.89121809,1358.0,5.707107239089466e-07,1364.0,BID
998,1712458958.5942578,796993.58046698,1358.0,1.1250480434170363e-09,1364.0,BID
999,1712458958.623869,798821.93240698,1358.0,-5.575616701631068e-07,1364.0,ASK
1000,1712458958.6439705,798821.93240735,1358.0,-1.1285837283527044e-16,1364.0,ASK
1201,1712458968.9039817,799042.84551486,1358.0,-6.736814641068305e-08,1364.0,ASK
1202,1712458979.7640305,799116.48321736,1358.0,2.245604880254332e-08,1364.0,BID
1203,1712458980.577764,799116.48321736,1358.0,0.0,1364.0,BID
1204,1712459010.5502405,799116.48321736,1358.0,0.0,1364.0,BID
1205,1712459040.4405491,799116.48321736,1358.0,0.0,1364.0,BID
1206,1712459070.431607,799116.48321736,1358.0,0.0,1364.0,BID
1207,1712459080.174335,799484.67172987,1358.0,1.1209464857171426e-07,1364.0,BID
1208,1712459100.5309718,799484.67172987,1358.0,0.0,1364.0,BID
1209,1712459130.5405445,799484.67172987,1358.0,0.0,1364.0,BID
1210,1712459145.2140162,799841.8517857,1358.0,1.0959066133715021e-07,1364.0,BID
1211,1712459145.2742634,800595.99959864,1358.0,2.313890605510728e-07,1364.0,BID
1212,1712459145.2768035,800781.91021682,1358.0,5.70414480410953e-08,1364.0,BID
1213,1712459145.29452,800966.48029065,1358.0,5.663013968427248e-08,1364.0,BID
1214,1712459145.2971013,802661.7673026,1358.0,5.20151172394509e-07,1364.0,BID
1215,1712459145.3171337,802985.1673026,1358.0,9.922620061774224e-08,1364.0,BID
1216,1712459145.318683,803400.8673026,1358.0,1.275458614619291e-07,1364.0,BID
1217,1712459145.3342264,803595.8673026,1358.0,5.983026938917238e-08,1364.0,BID
1218,1712459145.337638,804225.1673026,1358.0,1.930830180851742e-07,1364.0,BID
1219,1712459145.3564365,804250.26966102,1358.0,7.701953161917781e-09,1364.0,BID
1220,1712459145.3592606,804463.97193133,1358.0,6.556853539346872e-08,1364.0,BID
1221,1712459145.3621347,807225.22385703,1358.0,8.472125464923163e-07,1364.0,BID
1222,1712459145.374532,807317.44975104,1358.0,2.8296923503954915e-08,1364.0,BID
1223,1712459145.394207,808529.68694287,1358.0,3.719409115423924e-07,1364.0,BID
1224,1712459145.453762,809065.84468172,1359.0,1.6450493307940621e-07,1364.0,BID
1225,1712459145.4937365,809183.48525723,1359.0,3.6094704224921134e-08,1364.0,BID
1226,1712459145.516739,809299.78022077,1359.0,3.5681841011306626e-08,1364.0,BID
1227,1712459145.518381,809416.37423181,1359.0,3.577359533171115e-08,1364.0,BID
1228,1712459145.534033,809420.06076602,1359.0,1.131109409724151e-09,1364.0,BID
1229,1712459145.5369911,812921.97999381,1359.0,1.074465491168187e-06,1364.0,BID
1230,1712459145.557012,813243.01741965,1359.0,9.850131113854401e-08,1364.0,BID
1231,1712459145.6747105,818513.07352923,1360.0,1.6169685986267889e-06,1364.0,BID
1232,1712459145.678235,820858.95388876,1360.0,7.197674557202433e-07,1364.0,BID
1233,1712459145.8538263,820903.18857214,1361.0,1.3572169348563797e-08,1364.0,BID
1234,1712459145.8644016,820906.86968876,1361.0,1.129447174524447e-09,1364.0,BID
1235,1712459153.804252,820906.86968896,1361.0,6.13648461193456e-17,1364.0,BID
1236,1712459157.787417,820921.56476496,1361.0,-4.508771055236385e-09,1364.0,ASK
1237,1712459160.407344,820921.56476496,1361.0,-0.0,1364.0,ASK
1238,1712459175.996582,820921.5647659,1361.0,-2.858738773286834e-16,1364.0,ASK
1239,1712459190.367602,820921.5647659,1361.0,-0.0,1364.0,ASK
1240,1712459220.4094522,820921.5647659,1361.0,-0.0,1364.0,ASK
1241,1712459229.8140616,820927.73003956,1358.0,-1.874882936407524e-09,1364.0,ASK
1242,1712459234.1940415,821133.28353377,1358.0,-6.250959163661774e-08,1364.0,ASK
1243,1712459250.4045134,821133.28353377,1358.0,-0.0,1364.0,ASK
1244,1712459259.6541128,822323.75702419,1358.0,-3.6199582058652e-07,1364.0,ASK
1245,1712459259.6566763,822982.03825632,1358.0,-2.001683000245e-07,1364.0,ASK
1246,1712459259.7336843,826799.45579132,1358.0,1.1607895549325434e-06,1364.0,BID
1247,1712459259.7539003,828438.75579132,1361.0,4.984737194594102e-07,1364.0,BID
1248,1712459259.755657,828438.75579222,1361.0,2.736715449129537e-16,1364.0,BID
1249,1712459273.763807,829003.7173646,1361.0,1.717919211467738e-07,1364.0,BID
1250,1712459273.8240058,829625.4181546,1361.0,-1.890450223766868e-07,1364.0,ASK
1251,1712459273.8270102,829625.41815538,1361.0,-2.37174925742697e-16,1364.0,ASK
1252,1712459280.5347502,829625.41815538,1361.0,-0.0,1364.0,ASK
1253,1712459302.763932,829630.96690167,1359.0,-1.681346780279675e-09,1364.0,ASK
1254,1712459310.526684,829630.96690167,1359.0,-0.0,1364.0,ASK
1255,1712459339.3139515,829645.9942607,1359.0,-4.553486980410792e-09,1364.0,ASK
1256,1712459340.372655,829645.9942607,1359.0,-0.0,1364.0,ASK
1257,1712459370.4047124,829645.9942607,1359.0,-0.0,1364.0,ASK
1258,1712459400.4065564,829645.9942607,1359.0,-0.0,1364.0,ASK
1259,1712459430.3997047,829645.9942607,1359.0,-0.0,1364.0,ASK
1260,1712459455.234261,829650.00885924,1361.0,1.220824452467187e-09,1364.0,BID
1261,1712459460.5262742,829650.00885924,1361.0,0.0,1364.0,BID
1262,1712459490.5469155,829650.00885924,1361.0,0.0,1364.0,BID
1263,1712459505.144259,829665.9942607,1361.0,4.861092924906699e-09,1364.0,BID
1264,1712459505.1553414,829922.50745294,1362.0,7.800457605433368e-08,1364.0,BID
1265,1712459505.483987,829929.68191024,1363.0,2.181722098650798e-09,1364.0,BID
1266,1712459505.4938853,830013.35331674,1363.0,2.5444120572941693e-08,1364.0,BID
1267,1712459508.8045912,830276.69949989,1363.0,8.00824596690414e-08,1364.0,BID
1268,1712459508.8077466,830280.37521521,1363.0,1.117769471163256e-09,1364.0,BID
1269,1712459508.8263664,830533.27521521,1364.0,7.690581958717706e-08,1364.0,BID
1270,1712459508.829959,830533.27521522,1364.0,3.044520970478426e-18,1364.0,BID
1271,1712459508.9040606,833021.71245019,1364.0,7.567232307101355e-07,1364.0,BID
1272,1712459508.929789,833163.85151145,1364.0,4.3223886917968046e-08,1364.0,BID
1273,1712459508.9840202,833394.09170606,1364.0,7.001506867690519e-08,1364.0,BID
1274,1712459509.0061884,833663.21705358,1364.0,8.183987909334489e-08,1364.0,BID
1275,1712459509.044022,835127.11705358,1364.0,4.451657939646498e-07,1364.0,BID
1276,1712459509.0475917,835266.01654167,1364.0,4.223874642861359e-08,1364.0,BID
1277,1712459509.1239903,836077.20910586,1364.0,2.466802253540972e-07,1364.0,BID
1278,1712459509.144098,836171.40910586,1364.0,2.8645821293462965e-08,1364.0,BID
1279,1712459509.1472266,837159.75668686,1364.0,3.00552316147877e-07,1364.0,BID
1280,1712459509.203919,837426.75668686,1364.0,8.119356990816288e-08,1364.0,BID
1281,1712459509.345257,837706.41959924,1364.0,8.504430796644915e-08,1364.0,BID
1282,1712459511.2044785,838147.04000636,1364.0,1.3399080085568673e-07,1364.0,BID
1283,1712459511.2139902,838811.90216457,1364.0,2.0218176824688026e-07,1364.0,BID
1284,1712459520.3581033,838811.90216457,1364.0,0.0,1364.0,BID
1285,1712459527.0314083,838811.90216458,1364.0,2.997728341833527e-18,1364.0,BID
1286,1712459527.0342755,839022.57918295,1364.0,6.382346352490998e-08,1364.0,BID
1287,1712459527.3776522,839059.23607444,1364.0,1.1105007062699848e-08,1364.0,BID
1288,1712459527.623844,839180.00560203,1364.0,3.658647534836795e-08,1364.0,BID
1289,1712459527.8440197,839386.32062671,1364.0,6.250202112305288e-08,1364.0,BID
1290,1712459528.513891,839495.5086027,1364.0,3.3077906915871967e-08,1364.0,BID
1291,1712459529.8538723,839580.06695954,1364.0,2.5616496973716484e-08,1364.0,BID
1292,1712459530.5338438,839711.2230843,1364.0,3.9733038797756615e-08,1364.0,BID
1293,1712459530.553868,839842.72921367,1364.0,3.9839070801753934e-08,1364.0,BID
1294,1712459530.653941,840010.74161545,1364.0,5.089844862862568e-08,1364.0,BID
1295,1712459530.8640327,840164.70248531,1364.0,4.6641613014080143e-08,1364.0,BID
1296,1712459534.5140698,840271.20809431,1364.0,3.226529834056357e-08,1364.0,BID
1297,1712459537.1040509,841857.44400919,1364.0,4.805415931861887e-07,1364.0,BID
1298,1712459537.1281765,841945.56910335,1364.0,2.6697020758464483e-08,1364.0,BID
1299,1712459537.1401858,842185.56837837,1364.0,7.270648262327211e-08,1364.0,BID
1300,1712459537.1464293,844172.37189767,1364.0,6.018913829627836e-07,1364.0,BID
1301,1712459537.148059,845090.7017179,1364.0,2.782030533693474e-07,1364.0,BID
1302,1712459537.1638937,845182.83575087,1364.0,2.7911507093478682e-08,1364.0,BID
1303,1712459537.223987,845470.92366684,1364.0,8.72746763701543e-08,1364.0,BID
1304,1712459537.2273424,846148.51894371,1364.0,2.052738251782823e-07,1364.0,BID
1305,1712459537.2641766,846153.01894371,1365.0,1.3632506672259503e-09,1365.0,BID
1306,1712459537.267728,846411.72861393,1365.0,7.83746956767266e-08,1365.0,BID
1307,1712459537.2866774,846453.82994365,1365.0,1.2754370184863478e-08,1365.0,BID
1308,1712459537.2901163,846547.59861393,1365.0,2.84067116275773e-08,1365.0,BID
1309,1712459537.3649435,846661.52625776,1365.0,3.451376365925973e-08,1365.0,BID
1310,1712459537.4042678,846874.35835714,1365.0,6.447633366374357e-08,1365.0,BID
1311,1712459537.407909,847076.40224611,1365.0,6.120810365496447e-08,1365.0,BID
1312,1712459537.4441106,847228.65949316,1365.0,4.61255096957382e-08,1365.0,BID
1313,1712459538.8339674,847388.03285212,1365.0,4.8281297320067254e-08,1365.0,BID
1314,1712459538.953845,847547.33423314,1365.0,4.82594919923376e-08,1365.0,BID
1315,1712459541.208709,847681.35596067,1365.0,4.0601157661804253e-08,1365.0,BID
1316,1712459541.212397,848374.6146418,1365.0,2.1001896880237177e-07,1365.0,BID
1317,1712459541.223871,848731.50484593,1365.0,1.0811795753479821e-07,1365.0,BID
1318,1712459541.3082776,849087.64886666,1365.0,1.0789190530858025e-07,1365.0,BID
1319,1712459541.3240807,849322.08447144,1365.0,7.10209988084063e-08,1365.0,BID
1320,1712459541.326182,850790.51325264,1365.0,4.448525590544008e-07,1365.0,BID
1321,1712459541.369635,851034.50991551,1365.0,7.391746965740921e-08,1365.0,BID
1322,1712459541.3717744,851879.20991551,1365.0,2.5589729746796786e-07,1365.0,BID
1323,1712459541.3839695,852088.25852021,1365.0,6.33301444088779e-08,1365.0,BID
1324,1712459541.4062364,852104.87104215,1365.0,5.032673693086519e-09,1365.0,BID
1325,1712459541.40837,854832.7505242,1365.0,8.263963386703882e-07,1365.0,BID
1326,1712459541.4852366,854836.41816695,1366.0,1.111092539118368e-09,1366.0,BID
1327,1712459541.489277,854934.9420114,1366.0,2.9847265929810424e-08,1366.0,BID
1328,1712459541.4930174,854938.73829393,1366.0,1.150063264873098e-09,1366.0,BID
1329,1712459541.5041146,855106.38882258,1366.0,5.0788821120653323e-08,1366.0,BID
1330,1712459541.5069408,855272.22585129,1366.0,5.0239431119944834e-08,1366.0,BID
1331,1712459541.5238194,855358.52859532,1366.0,2.6144949640488444e-08,1366.0,BID
1332,1712459541.5442832,856292.69651715,1366.0,2.830011206079873e-07,1366.0,BID
1333,1712459541.5467677,857329.36197232,1366.0,3.140521941001251e-07,1366.0,BID
1334,1712459541.609525,858824.05389793,1366.0,4.528088366411122e-07,1366.0,BID
1335,1712459541.66563,858827.7846953,1367.0,1.130224889788337e-09,1367.0,BID
1336,1712459541.669764,859025.49834015,1367.0,5.989627961363794e-08,1367.0,BID
1337,1712459550.4417896,859025.49834015,1367.0,0.0,1367.0,BID
1338,1712459557.404327,859029.1659829,1366.0,1.1018831953467301e-09,1367.0,BID
1339,1712459557.4081388,859098.65391267,1367.0,2.087651042179852e-08,1367.0,BID
1340,1712459580.5463903,859098.65391267,1367.0,0.0,1367.0,BID
1341,1712459587.6103652,859279.61747704,1367.0,5.4365905747953854e-08,1367.0,BID
1342,1712459587.638617,859283.2824368,1367.0,1.101044055864441e-09,1367.0,BID
1343,1712459587.641525,859633.8614006,1367.0,1.0532254362649433e-07,1367.0,BID
1344,1712459587.6443722,859637.5236813,1368.0,1.1002392003516943e-09,1368.0,BID
1345,1712459587.647219,859817.48847104,1368.0,5.406584928306269e-08,1368.0,BID
1346,1712459587.6498497,860137.38226677,1368.0,9.610396440051413e-08,1368.0,BID
1347,1712459587.6638649,860316.21234596,1368.0,5.3724954324282724e-08,1368.0,BID
1348,1712459587.7839422,860495.91779382,1368.0,5.3987936603498686e-08,1368.0,BID
1349,1712459594.6839962,860499.93239236,1368.0,1.2060841451515287e-09,1368.0,BID
1350,1712459595.6539342,861036.62522758,1368.0,1.612357282900703e-07,1368.0,BID
1351,1712459595.674663,861195.33852671,1368.0,4.768137879848712e-08,1368.0,BID
1352,1712459595.6775844,862291.17862081,1368.0,3.29217317740484e-07,1368.0,BID
1353,1712459595.6870112,862472.40208809,1368.0,5.444398697469393e-08,1368.0,BID
1354,1712459595.6967487,862858.25215082,1368.0,1.1591884927910445e-07,1368.0,BID
1355,1712459595.6984208,863373.06617777,1368.0,1.546627961508101e-07,1368.0,BID
1356,1712459595.7340217,863857.89355006,1368.0,1.4565406753396702e-07,1368.0,BID
1357,1712459595.7378795,864362.06617777,1368.0,1.5146585808141294e-07,1368.0,BID
1358,1712459595.753671,864961.36617777,1368.0,1.8004446048662937e-07,1368.0,BID
1359,1712459595.793899,865324.96135293,1368.0,1.092329336680268e-07,1368.0,BID
1360,1712459595.796834,865355.79294433,1368.0,9.262568395715328e-09,1368.0,BID
1361,1712459595.8616192,865360.26188587,1369.0,1.3425799574740135e-09,1369.0,BID
1362,1712459595.86456,865473.71896511,1368.0,3.408529721367888e-08,1369.0,BID
1363,1712459595.8676765,865487.5485756,1369.0,4.154755146694292e-09,1369.0,BID
1364,1712459595.8699417,865549.88897863,1369.0,1.872859040554601e-08,1369.0,BID
1365,1712459595.874045,866025.12743782,1369.0,1.427733221881718e-07,1369.0,BID
1366,1712459595.875967,866087.38897863,1369.0,1.8704898254969472e-08,1369.0,BID
1367,1712459595.933799,866289.00049587,1369.0,6.056905865072868e-08,1369.0,BID
1368,1712459595.9541848,866342.61070936,1369.0,1.6105826738487948e-08,1369.0,BID
1369,1712459595.9579232,866534.99560354,1369.0,5.7797154143865423e-08,1369.0,BID
1370,1712459595.9610727,866706.67649887,1369.0,5.1577163650194e-08,1369.0,BID
1371,1712459596.0577128,866890.87649887,1369.0,5.5338210615105344e-08,1369.0,BID
1372,1712459596.0614913,866984.18510877,1370.0,2.8032201448717643e-08,1370.0,BID
1373,1712459596.0632827,867073.61205118,1369.0,2.68660530605202e-08,1370.0,BID
1374,1712459596.0650976,867077.26898548,1370.0,1.098633010301299e-09,1370.0,BID
1375,1712459598.8848188,867094.16504434,1370.0,5.0759916599361995e-09,1370.0,BID
1376,1712459598.8889897,867211.10566025,1370.0,3.51318373110138e-08,1370.0,BID
1377,1712459598.8930714,869947.26898548,1370.0,8.220107620463811e-07,1370.0,BID
1378,1712459599.7087536,870054.67563956,1370.0,3.2267600678315875e-08,1370.0,BID
1379,1712459601.813916,870105.77053007,1370.0,1.535016184797447e-08,1370.0,BID
1380,1712459603.8039677,870193.01452503,1370.0,2.6210241954430973e-08,1370.0,BID
1381,1712459603.964766,870291.63700709,1370.0,2.9628619346479384e-08,1370.0,BID
1382,1712459604.04402,870442.29964003,1370.0,4.526276065939987e-08,1370.0,BID
1383,1712459609.9439783,870555.72568989,1370.0,3.407597522470994e-08,1370.0,BID
1384,1712459609.94741,870649.72925911,1370.0,2.824098432178897e-08,1370.0,BID
1385,1712459610.552375,870649.72925911,1370.0,0.0,1370.0,BID
1386,1712459612.594102,870798.07088065,1370.0,4.435479910946351e-08,1370.0,BID
1387,1712459612.6039035,870907.3692591,1370.0,3.268069722320028e-08,1370.0,BID
1388,1712459612.7339263,871076.91793017,1370.0,5.069580045381336e-08,1370.0,BID
1389,1712459612.882434,871283.24008049,1370.0,6.16912329410965e-08,1370.0,BID
1390,1712459613.074117,871409.70699142,1370.0,3.781416415746577e-08,1370.0,BID
1391,1712459613.2938688,871532.06847267,1370.0,3.658662257592708e-08,1370.0,BID
1392,1712459613.448676,871735.89218039,1370.0,6.094418758413598e-08,1370.0,BID
1393,1712459613.8237636,871895.14213369,1370.0,4.7616438417538415e-08,1370.0,BID
1394,1712459613.944739,872108.68660233,1370.0,6.3850737973202e-08,1370.0,BID
1395,1712459615.3639913,872117.33965231,1370.0,2.58730010879885e-09,1370.0,BID
1396,1712459615.3837826,872217.79732024,1370.0,3.0037285785222764e-08,1370.0,BID
1397,1712459615.8539844,872349.67983178,1370.0,3.9433452625690174e-08,1370.0,BID
1398,1712459615.8941004,872479.90348953,1370.0,3.893744802597053e-08,1370.0,BID
1399,1712459616.0344665,872610.15151574,1370.0,3.894473430300612e-08,1370.0,BID
1400,1712459617.596326,872725.47578642,1370.0,3.448246557750062e-08,1370.0,BID
1401,1712459617.6197407,872869.39035049,1370.0,4.3031089400159846e-08,1370.0,BID
1402,1712459617.7438834,873003.59035048,1370.0,4.012639189364532e-08,1370.0,BID
1403,1712459618.884033,873126.0937709,1370.0,3.66290630137758e-08,1370.0,BID
1404,1712459618.9050212,873319.66904184,1370.0,5.787985978562701e-08,1370.0,BID
1405,1712459633.3540409,873329.91347158,1370.0,3.0631296758933714e-09,1370.0,BID
1406,1712459634.1240587,873372.41732015,1370.0,1.2708838188015276e-08,1370.0,BID
1407,1712459634.1278584,873415.87885878,1370.0,1.2995191739942408e-08,1370.0,BID
1408,1712459635.1093056,873442.56867656,1370.0,7.980373233135662e-09,1370.0,BID
1409,1712459635.113793,874371.87351558,1370.0,2.778662456180366e-07,1370.0,BID
1410,1712459635.1159873,879615.29711027,1370.0,1.5678067812258276e-06,1370.0,BID
1411,1712459635.1242115,879743.85305331,1370.0,3.8438793972131946e-08,1370.0,BID
1412,1712459635.126722,882268.13778712,1370.0,7.547722689084195e-07,1370.0,BID
1413,1712459635.1654613,882271.78673103,1373.0,1.0910503229693028e-09,1373.0,BID
1414,1712459635.1701524,882275.58149855,1373.0,1.1346522255270527e-09,1373.0,BID
1415,1712459635.1748052,882297.80307289,1372.0,6.644348737163173e-09,1373.0,BID
1416,1712459635.1784806,882305.18859726,1374.0,2.20830436090169e-09,1374.0,BID
1417,1712459635.1807184,882308.83488546,1374.0,1.090256253938135e-09,1374.0,BID
1418,1712459635.182973,882312.48915241,1374.0,1.09264193539188e-09,1374.0,BID
1419,1712459635.1852317,882316.1407559,1372.0,1.091845549111099e-09,1374.0,BID
1420,1712459635.187471,882332.07977788,1373.0,4.765837871981529e-09,1374.0,BID
1421,1712459635.1899197,882423.50576697,1374.0,2.7336773977356443e-08,1374.0,BID
1422,1712459635.192171,882521.96556972,1373.0,2.94399152847355e-08,1374.0,BID
1423,1712459635.194432,882698.08682159,1374.0,5.2661031101761874e-08,1374.0,BID
1424,1712459635.224182,882812.12157293,1372.0,-3.4096893607333555e-08,1374.0,ASK
1425,1712459635.2292902,882942.19481459,1372.0,-3.889247295166576e-08,1374.0,ASK
1426,1712459635.2839932,883128.97882907,1372.0,-5.5849244150866366e-08,1374.0,ASK
1427,1712459635.2891064,883617.19481507,1372.0,-1.4597873311796381e-07,1374.0,ASK
1428,1712459635.4639354,883658.75023222,1372.0,1.2425253010353132e-08,1374.0,BID
1429,1712459640.3998942,883658.75023222,1372.0,0.0,1374.0,BID
1430,1712459660.1042354,883662.48923515,1371.0,-1.1120511399932306e-09,1374.0,ASK
1431,1712459662.2137444,883666.20102554,1374.0,1.103957608980605e-09,1374.0,BID
1432,1712459667.8347964,883815.01054934,1371.0,-4.4258804735321256e-08,1374.0,ASK
1433,1712459670.3822348,883815.01054934,1371.0,-0.0,1374.0,ASK
1434,1712459674.1741266,883822.52934633,1371.0,-2.236091859502397e-09,1374.0,ASK
1435,1712459682.0871863,883835.39910112,1371.0,-3.827467872615564e-09,1374.0,ASK
1436,1712459682.0904195,883973.85222473,1371.0,-4.1175989063378814e-08,1374.0,ASK
1437,1712459695.356929,883980.13930802,1373.0,1.869779937366609e-09,1374.0,BID
1438,1712459700.4062746,883980.13930802,1373.0,0.0,1374.0,BID
1439,1712459705.674267,884042.54554813,1371.0,-1.863372423217912e-08,1374.0,ASK
1440,1712459705.6849704,885195.21543728,1371.0,-3.441728392436686e-07,1374.0,ASK
1441,1712459705.7339592,885473.03051328,1371.0,-8.295211351629788e-08,1374.0,ASK
1442,1712459705.738258,885535.43675347,1371.0,-1.8633724256094123e-08,1374.0,ASK
1443,1712459711.534215,885609.0224867,1367.0,-2.19717813156968e-08,1374.0,ASK
1444,1712459724.2939298,886505.06055021,1367.0,-2.6754577983816385e-07,1374.0,ASK
1445,1712459730.3863037,886505.06055021,1367.0,-0.0,1374.0,ASK
1446,1712459745.674015,886611.53777222,1368.0,-3.175997858698034e-08,1374.0,ASK
1447,1712459751.734034,886620.96773222,1370.0,2.812764289128654e-09,1374.0,BID
1448,1712459760.545792,886620.96773222,1370.0,0.0,1374.0,BID
1449,1712459787.3940177,886693.96043294,1370.0,2.1771200615487363e-08,1374.0,BID
1450,1712459790.526183,886693.96043294,1370.0,0.0,1374.0,BID
1451,1712459792.4339263,886757.2207047,1370.0,1.8867790565960413e-08,1374.0,BID
1452,1712459792.4383335,886912.93853512,1370.0,4.6443863265398016e-08,1374.0,BID
1453,1712459796.437883,887153.81444712,1370.0,-7.18428190957949e-08,1374.0,ASK
1454,1712459796.4431477,887153.81444752,1370.0,-1.1930352943299147e-16,1374.0,ASK
1455,1712459799.8240292,888613.66846152,1370.0,-4.354110253834455e-07,1374.0,ASK
1456,1712459799.8470888,888613.66846211,1370.0,-1.7596923375040766e-16,1374.0,ASK
1457,1712459820.3819287,888613.66846211,1370.0,-0.0,1374.0,ASK
1458,1712459837.1720052,892508.51489854,1368.0,-1.1607529589627376e-06,1374.0,ASK
1459,1712459837.5057771,892673.33237191,1368.0,4.911936144993319e-08,1374.0,BID
1460,1712459837.5112374,892769.27448848,1368.0,2.8592936208238884e-08,1374.0,BID
1461,1712459837.52416,892893.63261134,1368.0,3.706155337235861e-08,1374.0,BID
1462,1712459841.5477898,893149.83261134,1368.0,7.63534359929171e-08,1374.0,BID
1463,1712459847.929788,893222.93202654,1368.0,2.178529086494445e-08,1374.0,BID
1464,1712459849.6938505,893368.01375552,1368.0,4.3237660060163953e-08,1374.0,BID
1465,1712459849.873754,894206.71375552,1368.0,2.499517047902718e-07,1374.0,BID
1466,1712459850.370174,894256.71375552,1367.0,-1.490113895256264e-08,1374.0,ASK
1467,1712459850.3797252,894256.71375552,1367.0,-0.0,1374.0,ASK
1468,1712459851.1242445,894413.21375552,1368.0,4.6533508658229926e-08,1374.0,BID
1469,1712459851.1350603,894598.59517658,1368.0,5.5121073239448354e-08,1374.0,BID
1470,1712459851.1440315,911378.0048788,1368.0,4.989168093662885e-06,1374.0,BID
1471,1712459857.2241223,911469.67568066,1370.0,2.725727828789765e-08,1374.0,BID
1472,1712459857.284072,911605.52809976,1369.0,-4.0394183517134095e-08,1374.0,ASK
1473,1712459857.2895255,912019.17496416,1369.0,-1.229932264920616e-07,1374.0,ASK
1474,1712459857.3240678,912253.37496416,1369.0,6.963672669495653e-08,1374.0,BID
1475,1712459857.3295257,912409.09279457,1369.0,4.630093935862141e-08,1374.0,BID
1476,1712459857.3439116,912593.29279457,1369.0,5.476979102136605e-08,1374.0,BID
1477,1712459857.3466575,912634.84821171,1369.0,1.2356034270167537e-08,1374.0,BID
1478,1712459857.504191,912767.49933683,1369.0,3.944231488367678e-08,1374.0,BID
1479,1712459857.5088964,913023.07005311,1369.0,7.599106797959453e-08,1374.0,BID
1480,1712459857.5250905,913150.07798621,1369.0,3.776437542857592e-08,1374.0,BID
1481,1712459857.5662055,913190.21923143,1369.0,1.19355462108354e-08,1374.0,BID
1482,1712459857.5701468,913283.24471663,1370.0,2.7660078089392283e-08,1374.0,BID
1483,1712459857.6038532,913424.21582257,1370.0,4.1916167276817454e-08,1374.0,BID
1484,1712459863.7447326,913436.41751238,1371.0,3.628034750286907e-09,1374.0,BID
1485,1712459863.7563145,913475.71362303,1371.0,1.1684254985072569e-08,1374.0,BID
1486,1712459863.7601264,913966.30572656,1371.0,1.45872024902686e-07,1374.0,BID
1487,1712459863.803852,914192.60572656,1371.0,6.72877508585278e-08,1374.0,BID
1488,1712459864.0443757,914205.10822551,1371.0,3.7174769529653152e-09,1374.0,BID
1489,1712459864.054067,914271.04060719,1372.0,1.960424954481861e-08,1374.0,BID
1490,1712459864.2143586,915679.54060719,1372.0,4.188015779240693e-07,1374.0,BID
1491,1712459864.3738418,915794.52876352,1372.0,3.4190430467565133e-08,1374.0,BID
1492,1712459864.433853,915885.62876352,1372.0,2.7087556797246533e-08,1374.0,BID
1493,1712459864.533995,916066.26062438,1372.0,5.3708845119984025e-08,1374.0,BID
1494,1712459864.6337793,916197.06062438,1372.0,3.889190372203605e-08,1374.0,BID
1495,1712459865.1139069,916339.96062438,1372.0,4.248970215502965e-08,1374.0,BID
1496,1712459868.5437822,916473.77363019,1372.0,3.978778699322036e-08,1374.0,BID
1497,1712459868.623726,916572.2747201,1372.0,2.9288187349355752e-08,1374.0,BID
1498,1712459868.7237194,916674.44055186,1372.0,3.0377856976236266e-08,1374.0,BID
1499,1712459868.8641982,916915.41249494,1372.0,7.16502875380306e-08,1374.0,BID
1500,1712459868.869382,917657.48351832,1372.0,2.206464433960152e-07,1374.0,BID
1501,1712459868.8839223,918532.11908683,1372.0,2.600630146968211e-07,1374.0,BID
1502,1712459868.8885343,922469.54490632,1372.0,1.170749127555149e-06,1374.0,BID
1503,1712459868.9239323,922494.41234885,1373.0,7.394053369186497e-09,1374.0,BID
