,time,acc_trade_volume,trade_price,dev,high,ask_bid
0,1712451675.0894115,1529034.99008666,1025.0,0.0,1029.0,BID
1,1712451690.93633,1529034.99008666,1025.0,0.0,1029.0,BID
2,1712451694.744336,1529059.91247486,1024.0,-1.363526980165289e-09,1029.0,ASK
3,1712451699.514279,1529619.91810645,1024.0,-3.0638427649524035e-08,1029.0,ASK
4,1712451699.5242832,1531986.74174316,1024.0,-1.2949111698506734e-07,1029.0,ASK
5,1712451712.384308,1532503.11986693,1026.0,2.8251526221269293e-08,1029.0,BID
6,1712451720.6154258,1532503.11986693,1026.0,0.0,1029.0,BID
7,1712451725.3142748,1533204.45410148,1025.0,-3.836319055828724e-08,1029.0,ASK
8,1712451735.2341132,1533379.78766012,1025.0,-9.590797639705538e-09,1029.0,ASK
9,1712451736.221448,1533557.59668055,1026.0,9.726206133525256e-09,1029.0,BID
10,1712451739.2942338,1534821.19668055,1026.0,6.911929462640599e-08,1029.0,BID
11,1712451742.4512904,1535858.53624201,1026.0,5.6742781557597634e-08,1029.0,BID
12,1712451742.4562883,1535919.706817,1026.0,3.3460485875206227e-09,1029.0,BID
13,1712451749.794351,1535949.706817,1025.0,-1.6410088942640291e-09,1029.0,ASK
14,1712451750.7452664,1535949.706817,1025.0,-0.0,1029.0,ASK
15,1712451750.9995022,1536116.80806075,1026.0,9.138720315140406e-09,1029.0,BID
16,1712451752.7044454,1536149.81546441,1026.0,1.8051656804539407e-09,1029.0,BID
17,1712451752.7058904,1538968.52906841,1026.0,1.541546591596992e-07,1029.0,BID
18,1712451752.8243833,1542528.24659099,1026.0,-1.94679956352944e-07,1029.0,ASK
19,1712451780.954321,1542528.24659099,1026.0,-0.0,1029.0,ASK
20,1712451791.7343366,1542537.14047149,1025.0,-4.86224357334703e-10,1029.0,ASK
21,1712451791.7353897,1542783.47608124,1025.0,-1.3467054514550049e-08,1029.0,ASK
22,1712451791.7363417,1543012.97028152,1024.0,-1.2546342402874364e-08,1029.0,ASK
23,1712451810.935518,1543012.97028152,1024.0,-0.0,1029.0,ASK
24,1712451828.7423048,1543986.32081556,1024.0,-5.3211181467746e-08,1029.0,ASK
25,1712451829.0542889,1545084.83091556,1025.0,6.005341162411342e-08,1029.0,BID
26,1712451829.074226,1545084.83095201,1025.0,1.992643538224865e-15,1029.0,BID
27,1712451829.0755527,1545238.46403815,1026.0,8.398822151066039e-09,1029.0,BID
28,1712451829.1343904,1545256.45132406,1026.0,-9.833299527826262e-10,1029.0,ASK
29,1712451829.1354656,1545274.43860999,1026.0,-9.833299538645406e-10,1029.0,ASK
30,1712451829.154323,1545404.0798499,1026.0,-7.087234558672153e-09,1029.0,ASK
31,1712451829.1556938,1545575.88600209,1026.0,-9.392308342932282e-09,1029.0,ASK
32,1712451840.5853975,1545575.88600209,1026.0,-0.0,1029.0,ASK
33,1712451858.834283,1545584.92408129,1025.0,-4.940232846820967e-10,1029.0,ASK
34,1712451858.8442576,1545685.44555886,1025.0,-5.494524824599868e-09,1029.0,ASK
35,1712451863.0743902,1545690.99331714,1026.0,3.0324161888151327e-10,1029.0,BID
36,1712451869.274644,1545976.95480909,1026.0,1.5630714493855622e-08,1029.0,BID
37,1712451870.5953708,1545976.95480909,1026.0,0.0,1029.0,BID
38,1712451895.3044174,1545981.82907809,1027.0,2.664225641578558e-10,1029.0,BID
39,1712451901.0593154,1545981.82907809,1027.0,0.0,1029.0,BID
40,1712451901.5255983,1545999.81636401,1027.0,9.897747824164983e-10,1029.0,BID
41,1712451907.2047155,1546098.50082083,1027.0,5.430245964300446e-09,1029.0,BID
42,1712451907.2065182,1546745.97706401,1027.0,3.56282576791719e-08,1029.0,BID
43,1712451912.2248223,1546745.97712521,1027.0,3.367612951439393e-15,1029.0,BID
44,1712451923.2741303,1546750.8419112,1028.0,2.676914413936659e-10,1029.0,BID
45,1712451930.9243393,1546750.8419112,1028.0,0.0,1029.0,BID
46,1712451942.344509,1546985.92780664,1028.0,1.2935357807857276e-08,1029.0,BID
47,1712451942.3461075,1554490.80110098,1028.0,4.129478767035001e-07,1029.0,BID
48,1712451942.347397,1554798.86460381,1028.0,1.6950875037347844e-08,1029.0,BID
49,1712451942.4442608,1555759.35030291,1028.0,-5.2849730367404544e-08,1029.0,ASK
50,1712451944.2143276,1555778.80555582,1028.0,1.0705051324433078e-09,1029.0,BID
51,1712451946.0146575,1556006.73765698,1028.0,1.2541727690139493e-08,1029.0,BID
52,1712451952.4644265,1556016.46528343,1028.0,5.35252565939806e-10,1029.0,BID
53,1712451956.8043685,1556113.18548914,1027.0,-5.321929100709484e-09,1029.0,ASK
54,1712451960.5902083,1556113.18548914,1027.0,-0.0,1029.0,ASK
55,1712451969.7144585,1556441.75111871,1027.0,-1.806941425766248e-08,1029.0,ASK
56,1712451969.7163243,1557012.25588451,1027.0,-3.137481836642513e-08,1029.0,ASK
57,1712451976.7646043,1562361.97326911,1027.0,-2.942068520990854e-07,1029.0,ASK
58,1712451976.76586,1562824.4490291,1027.0,-2.5433780466686663e-08,1029.0,ASK
59,1712451976.7673824,1562934.21188646,1026.0,-6.036390788467841e-09,1029.0,ASK
60,1712451976.768922,1564446.08586038,1026.0,-8.31452674337473e-08,1029.0,ASK
61,1712451990.5957048,1564446.08586038,1026.0,-0.0,1029.0,ASK
62,1712451996.6648066,1565434.31232131,1026.0,-5.4321795042839226e-08,1029.0,ASK
63,1712452002.0844135,1565533.31232131,1026.0,-5.4419284666596644e-09,1029.0,ASK
64,1712452005.8143113,1566117.0111901,1026.0,-3.208532818208385e-08,1029.0,ASK
65,1712452020.3824377,1566217.0111901,1026.0,-5.4968974410703685e-09,1029.0,ASK
66,1712452020.9542782,1566217.0111901,1026.0,-0.0,1029.0,ASK
67,1712452045.6942368,1566226.75777879,1027.0,-5.357064795648532e-10,1029.0,ASK
68,1712452045.8455305,1566650.27045776,1027.0,2.3277732704102823e-08,1029.0,BID
69,1712452045.854284,1566716.25667318,1029.0,3.626832349954036e-09,1029.0,BID
70,1712452045.8556566,1567051.67045776,1029.0,1.843551045913704e-08,1029.0,BID
71,1712452050.9442804,1567051.67045776,1029.0,0.0,1029.0,BID
72,1712452053.4415078,1567114.12782121,1029.0,3.432712466490874e-09,1029.0,BID
73,1712452053.442309,1567537.33627402,1029.0,2.3259914470266853e-08,1029.0,BID
74,1712452061.0343118,1568037.33627402,1029.0,2.7480446474823223e-08,1029.0,BID
75,1712452066.0047288,1568328.88146352,1029.0,1.6023583950098716e-08,1029.0,BID
76,1712452080.5643256,1568328.88146352,1029.0,0.0,1029.0,BID
77,1712452104.2745588,1569228.88146352,1028.0,4.9461230953220534e-08,1029.0,BID
78,1712452110.6489632,1569228.88146352,1028.0,0.0,1029.0,BID
79,1712452114.261086,1569300.69876187,1028.0,3.946657083391075e-09,1029.0,BID
80,1712452125.6567078,1569305.56659471,1029.0,2.675075142186802e-10,1029.0,BID
81,1712452129.774266,1569310.56659471,1029.0,2.747706453785887e-10,1029.0,BID
82,1712452132.2043722,1569371.71622765,1029.0,3.3604248215085093e-09,1029.0,BID
83,1712452132.206272,1569796.47524388,1029.0,2.3342261803978533e-08,1029.0,BID
84,1712452135.756425,1570769.2378898,1028.0,-5.34573240039266e-08,1029.0,ASK
85,1712452136.8142624,1570774.29011753,1028.0,-2.776407747905746e-10,1029.0,ASK
86,1712452140.9343395,1570774.29011753,1028.0,-0.0,1029.0,ASK
87,1712452150.1142907,1571733.23823692,1028.0,-5.269355690796745e-08,1029.0,ASK
88,1712452153.5064218,1572219.14688609,1028.0,-2.6700354836091136e-08,1029.0,ASK
89,1712452159.009973,1572413.69941527,1028.0,-1.0690531177488165e-08,1029.0,ASK
90,1712452159.010845,1572608.25194445,1028.0,-1.0690531177488165e-08,1029.0,ASK
91,1712452164.049955,1572693.25194445,1028.0,4.6706930715147434e-09,1029.0,BID
92,1712452164.064196,1572693.76001756,1028.0,2.7918277121447794e-11,1029.0,BID
93,1712452169.2242458,1573180.61493479,1028.0,-2.6752351632215905e-08,1029.0,ASK
94,1712452170.774252,1573360.3741686,1028.0,-9.877649504672952e-09,1029.0,ASK
95,1712452170.9540882,1573360.3741686,1028.0,-0.0,1029.0,ASK
96,1712452173.314531,1573408.96503351,1029.0,2.6696454947732682e-09,1029.0,BID
97,1712452175.5644894,1573901.76663856,1028.0,-2.70751629380185e-08,1029.0,ASK
98,1712452175.5663571,1575031.8337909,1028.0,-6.208736328568494e-08,1029.0,ASK
99,1712452177.0753648,1575080.42465581,1029.0,2.6696454947732682e-09,1029.0,BID
100,1712452178.5942008,1575274.69098231,1029.0,1.0673245357687238e-08,1029.0,BID
101,1712452184.744598,1575457.85605746,1029.0,1.0063328129245112e-08,1029.0,BID
102,1712452184.746637,1575536.85605746,1029.0,4.3403630389688015e-09,1029.0,BID
103,1712452184.7486403,1576828.16108885,1029.0,7.094598266177606e-08,1029.0,BID
104,1712452186.4849951,1577060.89924621,1029.0,1.2786937923576476e-08,1029.0,BID
105,1712452186.486017,1577316.39316328,1029.0,1.4037169042182358e-08,1029.0,BID
106,1712452195.77258,1577832.20661217,1029.0,2.8339463652717162e-08,1029.0,BID
107,1712452195.77366,1578253.81657985,1029.0,2.316380152631498e-08,1029.0,BID
108,1712452200.6760995,1578253.81657985,1029.0,0.0,1029.0,BID
109,1712452201.9816115,1580199.23259875,1029.0,1.0731791335723645e-07,1029.0,BID
110,1712452216.7044208,1580219.23259875,1029.0,1.1032901170199844e-09,1029.0,BID
111,1712452230.614295,1580219.23259875,1029.0,0.0,1029.0,BID
112,1712452239.5941796,1580677.92744811,1029.0,2.5300852001206144e-08,1029.0,BID
113,1712452242.0643387,1580872.47997729,1028.0,-1.0731196903802184e-08,1029.0,ASK
114,1712452242.0660377,1580950.92744811,1028.0,-4.327033215777325e-09,1029.0,ASK
115,1712452245.724373,1584402.71177509,1029.0,1.903947352337897e-07,1029.0,BID
116,1712452245.7261796,1587511.90314811,1029.0,1.7149787245694397e-07,1029.0,BID
117,1712452250.6372948,1587895.79808975,1028.0,-2.1175012355161057e-08,1029.0,ASK
118,1712452250.644434,1588011.90314811,1028.0,-6.404163688024861e-09,1029.0,ASK
119,1712452260.9668684,1588011.90314811,1028.0,-0.0,1029.0,ASK
120,1712452265.273279,1589825.07569916,1029.0,9.99673990496883e-08,1029.0,BID
121,1712452274.7744217,1589834.83179916,1029.0,5.378925140313115e-10,1029.0,BID
122,1712452274.776513,1589896.19782901,1029.0,3.383352781595262e-09,1029.0,BID
123,1712452290.9541593,1589896.19782901,1029.0,0.0,1029.0,BID
124,1712452292.80425,1591875.4727625,1029.0,-1.0911361823805016e-07,1029.0,ASK
125,1712452298.0866363,1591974.90880527,1030.0,5.4817176867804156e-09,1030.0,BID
126,1712452298.0884,1592152.93857854,1030.0,9.814438806305044e-09,1030.0,BID
127,1712452302.1644723,1592293.28219235,1030.0,7.73687335715456e-09,1030.0,BID
128,1712452303.9543755,1592579.07879793,1030.0,1.5755416888952877e-08,1030.0,BID
129,1712452303.9572432,1592817.56849235,1030.0,1.3147477912414365e-08,1030.0,BID
130,1712452305.5699627,1593530.5673796,1030.0,3.9306256584763486e-08,1030.0,BID
131,1712452305.571539,1594575.22440261,1030.0,5.75899313782711e-08,1030.0,BID
132,1712452305.5731,1594833.97388188,1030.0,1.4264360863999312e-08,1030.0,BID
133,1712452309.9942608,1595816.97388188,1029.0,-5.419089835027549e-08,1030.0,ASK
134,1712452317.3246107,1596017.786179,1030.0,1.107039550428769e-08,1030.0,BID
135,1712452317.544138,1596249.44067013,1030.0,1.2770666308455993e-08,1030.0,BID
136,1712452320.595551,1596249.44067013,1030.0,0.0,1030.0,BID
137,1712452324.6844842,1596425.5281406,1030.0,9.70386431293385e-09,1030.0,BID
138,1712452324.7441907,1596529.09818902,1030.0,5.707559396867106e-09,1030.0,BID
139,1712452324.745405,1596963.83958056,1030.0,2.3957817461177133e-08,1030.0,BID
140,1712452325.0443473,1597077.1018187,1030.0,6.241678568929697e-09,1030.0,BID
141,1712452325.0543072,1597511.83019778,1030.0,2.3957100367860823e-08,1030.0,BID
142,1712452325.354288,1597560.45764127,1030.0,2.679771094747137e-09,1030.0,BID
143,1712452325.3567903,1597567.82091127,1030.0,4.057765881334213e-10,1030.0,BID
144,1712452325.3591342,1597652.51000792,1030.0,4.667064047668089e-09,1030.0,BID
145,1712452325.434127,1597851.02486323,1030.0,1.0939797220603634e-08,1030.0,BID
146,1712452325.4360616,1597918.63872652,1030.0,3.726078597679026e-09,1030.0,BID
147,1712452325.6144052,1598219.57736373,1030.0,1.658418792780147e-08,1030.0,BID
148,1712452325.8142457,1599121.88379094,1030.0,4.972448701185068e-08,1030.0,BID
149,1712452326.0144374,1600121.88379094,1030.0,-5.5108204388609814e-08,1030.0,ASK
150,1712452350.66606,1600121.88379094,1030.0,-0.0,1030.0,ASK
151,1712452369.2543578,1600259.64389453,1030.0,7.590043611981211e-09,1030.0,BID
152,1712452370.7642715,1600269.35263239,1030.0,5.349135334248166e-10,1030.0,BID
153,1712452380.3342106,1600376.25253521,1030.0,5.889767090587896e-09,1030.0,BID
154,1712452380.3463233,1601240.22641879,1030.0,4.7601586272816334e-08,1030.0,BID
155,1712452380.9459825,1601240.22641879,1030.0,0.0,1030.0,BID
156,1712452386.6245246,1601725.66331199,1030.0,2.6743979380410654e-08,1030.0,BID
157,1712452388.7742856,1602211.10020519,1030.0,2.6743979380410654e-08,1030.0,BID
158,1712452394.2943168,1602241.6104929,1030.0,1.6808910011509839e-09,1030.0,BID
159,1712452394.296871,1602405.27496247,1030.0,9.016700751008145e-09,1030.0,BID
160,1712452395.3142085,1602424.69243819,1030.0,1.0697591747849175e-09,1030.0,BID
161,1712452395.8341694,1603395.56622459,1030.0,5.348795876080848e-08,1030.0,BID
162,1712452403.924256,1604366.44001099,1030.0,5.34879587608213e-08,1030.0,BID
163,1712452406.374335,1604637.01180441,1029.0,-1.4906502916257687e-08,1030.0,ASK
164,1712452410.9345791,1604637.01180441,1029.0,-0.0,1030.0,ASK
165,1712452419.9859755,1605305.05594997,1029.0,-3.679719506030293e-08,1030.0,ASK
166,1712452440.6653202,1605305.05594997,1029.0,-0.0,1030.0,ASK
167,1712452441.124273,1606230.21013672,1030.0,5.095739604625602e-08,1030.0,BID
168,1712452441.134392,1606445.75873621,1031.0,1.18723943627283e-08,1031.0,BID
169,1712452441.136605,1610780.12459882,1030.0,2.387364193273238e-07,1031.0,BID
170,1712452441.138649,1615004.63065418,1031.0,2.3268535261024642e-07,1031.0,BID
171,1712452442.4142463,1615019.32459975,1030.0,8.09340988371451e-10,1031.0,BID
172,1712452462.0953898,1615199.83369921,1030.0,9.942422358209454e-09,1031.0,BID
173,1712452462.1540823,1615427.12969683,1030.0,-1.251943982562684e-08,1031.0,ASK
174,1712452470.645059,1615427.12969683,1030.0,-0.0,1031.0,ASK
175,1712452476.7172256,1615457.12969683,1030.0,1.651448123451201e-09,1031.0,BID
176,1712452476.7201767,1616330.04275486,1030.0,4.805235438732055e-08,1031.0,BID
177,1712452496.4542403,1616815.47964806,1030.0,2.6722461544306053e-08,1031.0,BID
178,1712452496.844453,1616912.46998784,1030.0,5.339150487418824e-09,1031.0,BID
179,1712452498.4645,1616930.49523055,1030.0,9.92258441607187e-10,1031.0,BID
180,1712452499.2729464,1653216.14542772,1029.0,-1.997462297544103e-06,1031.0,ASK
181,1712452499.2788095,1653706.91413518,1029.0,-2.7015968699447685e-08,1031.0,ASK
182,1712452499.279999,1661162.48173662,1029.0,-4.104161041553893e-07,1031.0,ASK
183,1712452500.594155,1661162.48173662,1029.0,-0.0,1031.0,ASK
184,1712452512.5041442,1661167.48173662,1029.0,2.7546050048305797e-10,1031.0,BID
185,1712452523.769025,1661177.1999096,1029.0,5.353945585707199e-10,1031.0,BID
186,1712452530.584009,1661177.1999096,1029.0,0.0,1031.0,BID
187,1712452533.9516835,1661292.15433505,1029.0,6.333075429309819e-09,1031.0,BID
188,1712452534.023939,1661778.06298422,1029.0,2.6769705602051573e-08,1031.0,BID
189,1712452534.5839016,1661875.24471405,1029.0,5.3539411201948195e-09,1031.0,BID
190,1712452544.524672,1700488.07377138,1029.0,2.1272600685180893e-06,1031.0,BID
191,1712452544.7042222,1703104.5901027,1028.0,-1.4414925935571261e-07,1031.0,ASK
192,1712452544.706967,1703488.07377138,1028.0,-2.1126903032674392e-08,1031.0,ASK
193,1712452548.6139088,1703621.16014309,1029.0,7.332001594144277e-09,1031.0,BID
194,1712452548.814191,1703762.53758933,1029.0,7.788773920941821e-09,1031.0,BID
195,1712452548.8239534,1703903.22286734,1029.0,7.750640951350278e-09,1031.0,BID
196,1712452548.9438355,1704042.31590178,1029.0,7.662920982397062e-09,1031.0,BID
197,1712452550.624163,1704266.91175721,1029.0,1.2373447024602536e-08,1031.0,BID
198,1712452552.2539978,1704471.39266185,1029.0,1.1265273066864527e-08,1031.0,BID
199,1712452552.5834334,1704602.12188801,1029.0,7.2021416039147325e-09,1031.0,BID
200,1712452553.494015,1704771.57955622,1029.0,9.335771029673058e-09,1031.0,BID
201,1712452553.8540711,1705068.64269842,1029.0,1.6365818709950598e-08,1031.0,BID
202,1712452553.8758817,1705360.13626827,1029.0,1.6058979528565875e-08,1031.0,BID
203,1712452554.5642233,1705598.16136312,1029.0,1.3113291409645993e-08,1031.0,BID
204,1712452556.8743188,1719930.49523055,1029.0,7.895977132259792e-07,1031.0,BID
205,1712452556.8773773,1720216.06768241,1029.0,1.5732772975751392e-08,1031.0,BID
206,1712452560.9238677,1720216.06768241,1029.0,0.0,1031.0,BID
207,1712452569.9241056,1720292.47408396,1031.0,4.19534491569125e-09,1031.0,BID
208,1712452580.195437,1722962.54314596,1030.0,-1.4660892852611653e-07,1031.0,ASK
209,1712452580.2740023,1727523.91233696,1030.0,-2.504569860090656e-07,1031.0,ASK
210,1712452580.2839367,1732682.71717796,1030.0,-2.832611564166338e-07,1031.0,ASK
211,1712452583.4939706,1732689.50670269,1031.0,3.7280119829420206e-10,1031.0,BID
212,1712452590.9361265,1732689.50670269,1031.0,0.0,1031.0,BID
213,1712452591.7637794,1732867.19602307,1030.0,-9.749738955795436e-09,1031.0,ASK
214,1712452591.7652886,1733175.65126578,1030.0,-1.6924810616279295e-08,1031.0,ASK
215,1712452591.7667663,1734246.86094054,1030.0,-5.8776828418789655e-08,1031.0,ASK
216,1712452591.843892,1735096.47861257,1030.0,4.6618167579259334e-08,1031.0,BID
217,1712452597.8440254,1735333.61247282,1030.0,1.3011436084464454e-08,1031.0,BID
218,1712452605.773943,1768588.38897767,1030.0,1.824675727624181e-06,1031.0,BID
219,1712452612.324148,1768685.5707075,1029.0,-5.332321014493454e-09,1031.0,ASK
220,1712452612.327487,1776755.71393894,1029.0,-4.42805395811688e-07,1031.0,ASK
221,1712452612.424059,1778588.38897767,1029.0,1.0055811559297889e-07,1031.0,BID
222,1712452619.344036,1788971.54691326,1030.0,5.697195486608046e-07,1031.0,BID
223,1712452620.608026,1788971.54691326,1030.0,0.0,1031.0,BID
224,1712452622.0634458,1789379.96123438,1029.0,2.2338481220449763e-08,1031.0,BID
225,1712452622.0669272,1789516.37718157,1029.0,7.46135705064515e-09,1031.0,BID
226,1712452625.4941046,1793234.336971,1030.0,2.033561769009094e-07,1031.0,BID
227,1712452625.6739986,1793424.48635779,1030.0,-1.0400341727087573e-08,1031.0,ASK
228,1712452625.733884,1793716.609376,1030.0,-1.5977854396606742e-08,1031.0,ASK
229,1712452625.833818,1794051.21642,1030.0,-1.8301545225257743e-08,1031.0,ASK
230,1712452633.9640243,1794566.20954694,1030.0,-2.8167876834626692e-08,1031.0,ASK
231,1712452644.5241284,1794571.20954694,1030.0,2.7347818214581144e-10,1031.0,BID
232,1712452648.3837154,1794580.9182848,1030.0,5.310255961748582e-10,1031.0,BID
233,1712452650.6154714,1794580.9182848,1030.0,0.0,1031.0,BID
234,1712452651.5338075,1796528.56462621,1030.0,1.0649410589986228e-07,1031.0,BID
235,1712452662.9639325,1826456.20074271,1030.0,1.6363940322018525e-06,1031.0,BID
236,1712452671.233992,1826725.80074271,1030.0,1.4741285591832645e-08,1031.0,BID
237,1712452674.5839343,1828042.72113105,1030.0,7.200704579458703e-08,1031.0,BID
238,1712452680.9565136,1828042.72113105,1030.0,0.0,1031.0,BID
239,1712452689.2639534,1828047.57549998,1030.0,2.649296604521704e-10,1031.0,BID
240,1712452692.0142095,1828091.26482037,1030.0,2.3843669451623227e-09,1031.0,BID
241,1712452692.017287,1828182.75569848,1031.0,4.99316134017999e-09,1031.0,BID
242,1712452698.1043675,1828832.969176,1031.0,3.548573219410725e-08,1031.0,BID
243,1712452698.108256,1829141.47829789,1031.0,1.6837042690319273e-08,1031.0,BID
244,1712452698.1114354,1829181.47829789,1031.0,2.183020403049926e-09,1031.0,BID
245,1712452710.9539075,1829181.47829789,1031.0,0.0,1031.0,BID
246,1712452727.414147,1829350.84075536,1031.0,9.242450320070728e-09,1031.0,BID
247,1712452736.5839877,1829400.55389596,1030.0,-2.712946181314492e-09,1031.0,ASK
248,1712452736.585778,1829454.05050119,1030.0,-2.9194174642648155e-09,1031.0,ASK
249,1712452740.5939574,1829454.05050119,1030.0,-0.0,1031.0,ASK
250,1712452745.9094503,1829504.33736059,1030.0,-2.744213101815274e-09,1031.0,ASK
251,1712452745.9120378,1829512.3595391,1029.0,-4.3777972286966574e-10,1031.0,ASK
252,1712452770.607498,1829512.3595391,1029.0,-0.0,1031.0,ASK
253,1712452774.0042143,1829513.33736059,1029.0,-5.336069467916439e-11,1031.0,ASK
254,1712452774.0074594,1829556.91796907,1029.0,-2.3782373027617644e-09,1031.0,ASK
255,1712452788.5753455,1830485.15465893,1029.0,-5.0654802643123744e-08,1031.0,ASK
256,1712452788.586891,1830556.91796907,1029.0,-3.916195461641557e-09,1031.0,ASK
257,1712452800.635581,1830556.91796907,1029.0,-0.0,1031.0,ASK
258,1712452820.3338969,1830849.51191011,1030.0,-1.602327832778883e-08,1031.0,ASK
259,1712452830.5643556,1830849.51191011,1030.0,-0.0,1031.0,ASK
260,1712452832.864216,1830918.90364774,1031.0,3.800026656566827e-09,1031.0,BID
261,1712452832.867488,1831334.94880331,1031.0,2.2783442748391264e-08,1031.0,BID
262,1712452852.2843063,1832014.17216061,1030.0,-3.719559347640704e-08,1031.0,ASK
263,1712452852.3645432,1834041.54845537,1030.0,1.110230731512939e-07,1031.0,BID
264,1712452852.42404,1834268.84448837,1030.0,1.2447173306699676e-08,1031.0,BID
265,1712452852.443961,1834367.75776729,1030.0,5.416683735311618e-09,1031.0,BID
266,1712452852.4469652,1834589.10501062,1030.0,1.2121406002220572e-08,1031.0,BID
267,1712452860.9833722,1834589.10501062,1030.0,0.0,1031.0,BID
268,1712452862.7940311,1835074.07106299,1031.0,2.6552083880375008e-08,1031.0,BID
269,1712452874.9438384,1836041.13554238,1031.0,5.2947164134504574e-08,1031.0,BID
270,1712452884.9239123,1836051.13554238,1031.0,5.475039696205812e-10,1031.0,BID
271,1712452887.4000807,1836295.10968514,1031.0,1.335768116458994e-08,1031.0,BID
272,1712452887.402694,1837308.51855379,1031.0,5.548453784345632e-08,1031.0,BID
273,1712452887.4052248,1838719.49001693,1031.0,7.725124770905647e-08,1031.0,BID
274,1712452890.954157,1838719.49001693,1031.0,0.0,1031.0,BID
275,1712452896.9175887,1842481.12369811,1031.0,2.059029308856803e-07,1031.0,BID
276,1712452896.9207587,1843569.15054069,1031.0,5.9556016017814287e-08,1031.0,BID
277,1712452902.943965,1843619.73727448,1031.0,2.768998162535316e-09,1031.0,BID
278,1712452904.184049,1843668.23387971,1031.0,2.654589468620618e-09,1031.0,BID
279,1712452910.2938445,1843678.23387971,1031.0,5.473763485153934e-10,1031.0,BID
280,1712452911.214083,1844648.16598447,1031.0,5.3091789381129686e-08,1031.0,BID
281,1712452911.2172828,1847848.94098447,1031.0,1.752028531919436e-07,1031.0,BID
282,1712452911.2199256,1868077.31608567,1031.0,1.1072534099294476e-06,1031.0,BID
283,1712452920.5907574,1868077.31608567,1031.0,0.0,1031.0,BID
284,1712452921.0848153,1868107.18068613,1032.0,1.632013684032065e-09,1032.0,BID
285,1712452921.086605,1868714.21252578,1032.0,3.317252712881822e-08,1032.0,BID
286,1712452921.0886502,1926226.42712939,1032.0,3.142875504316676e-06,1032.0,BID
287,1712452925.4939,1926312.66528727,1032.0,-4.7126648800882444e-09,1032.0,ASK
288,1712452940.82402,1926341.70691361,1033.0,1.587040538407817e-09,1033.0,BID
289,1712452940.827316,1926530.34249742,1033.0,1.0308386830262076e-08,1033.0,BID
290,1712452940.8304896,1926985.05937431,1033.0,2.4848956758611786e-08,1033.0,BID
291,1712452945.5839942,1927275.47563762,1033.0,1.5870405379154174e-08,1033.0,BID
292,1712452947.8740647,1927752.64959102,1033.0,2.60761707712896e-08,1033.0,BID
293,1712452947.8777246,1928243.52984865,1033.0,2.682518049237528e-08,1033.0,BID
294,1712452947.9743576,1928273.52984865,1033.0,1.6394128756708e-09,1033.0,BID
295,1712452947.9779346,1928296.35589525,1033.0,1.2473771565570798e-09,1033.0,BID
296,1712452947.981563,1937924.071959,1033.0,5.261267226071437e-07,1033.0,BID
297,1712452948.1737094,1939921.97813659,1033.0,1.0917977039743732e-07,1033.0,BID
298,1712452949.7839396,1940090.91303022,1033.0,9.231801325568842e-09,1033.0,BID
299,1712452950.5838375,1940090.91303022,1033.0,0.0,1033.0,BID
300,1712452954.9041822,1941089.29960653,1033.0,5.433820419690068e-08,1033.0,BID
301,1712452957.074021,1942056.87003235,1033.0,5.2661003884297535e-08,1033.0,BID
302,1712452962.2940562,1942252.96817342,1033.0,1.067284064603128e-08,1033.0,BID
303,1712452963.434956,1942543.38443673,1033.0,1.5806200315877972e-08,1033.0,BID
304,1712452964.5638788,1942842.55771843,1033.0,1.6282809942565786e-08,1033.0,BID
305,1712452965.5239682,1943297.09283101,1033.0,2.473853550126892e-08,1033.0,BID
306,1712452965.527302,1943810.61192946,1033.0,2.7948798884809362e-08,1033.0,BID
307,1712452965.7055016,1943839.62546912,1034.0,1.579091385971984e-09,1034.0,BID
308,1712452965.7070348,1944116.11096389,1034.0,1.504800407856641e-08,1034.0,BID
309,1712452965.7138653,1944739.81973544,1034.0,3.3945983842385115e-08,1034.0,BID
310,1712452965.7164552,1945202.80063699,1033.0,2.5198206150438813e-08,1034.0,BID
311,1712452980.9353497,1945202.80063699,1033.0,0.0,1034.0,BID
312,1712453010.9338963,1945202.80063699,1033.0,0.0,1034.0,BID
313,1712453020.8788087,1945251.20334754,1033.0,-2.6336096841646023e-09,1034.0,ASK
314,1712453029.4173815,1946349.08699,1033.0,5.973626187487524e-08,1034.0,BID
315,1712453029.4208293,1947198.70466203,1033.0,4.62280170567006e-08,1034.0,BID
316,1712453033.83894,1952086.29019477,1033.0,-2.659353669441784e-07,1034.0,ASK
317,1712453033.840904,1956925.47301696,1033.0,-2.633017572600138e-07,1034.0,ASK
318,1712453035.644067,1957045.47301696,1034.0,6.529245129222595e-09,1034.0,BID
319,1712453037.4440002,1957412.54093645,1033.0,-1.997230354519568e-08,1034.0,ASK
320,1712453040.5648737,1957412.54093645,1033.0,-0.0,1034.0,ASK
321,1712453041.2637815,1957422.51102618,1033.0,-5.421043038633704e-10,1034.0,ASK
322,1712453044.114236,1964391.13532918,1033.0,-3.78905439069749e-07,1034.0,ASK
323,1712453044.2053564,1964529.67267664,1033.0,-7.532699738792629e-09,1034.0,ASK
324,1712453046.2875345,1964568.99997958,1033.0,-2.1383458685638e-09,1034.0,ASK
325,1712453046.2904406,1971439.56349319,1033.0,-3.735735737196039e-07,1034.0,ASK
326,1712453050.44442,1971439.56349322,1033.0,-1.6204435134702976e-18,1034.0,ASK
327,1712453050.4471743,1972407.61770422,1033.0,-5.26360713267961e-08,1034.0,ASK
328,1712453070.5960732,1972407.61770422,1033.0,-0.0,1034.0,ASK
329,1712453074.5566657,1972421.37954634,1032.0,-7.47643799378345e-10,1034.0,ASK
330,1712453074.5583568,1972522.16576333,1032.0,-5.475443588028524e-09,1034.0,ASK
331,1712453076.1838474,1972737.11733884,1033.0,1.1677739883630465e-08,1034.0,BID
332,1712453100.9437575,1972737.11733884,1033.0,0.0,1034.0,BID
333,1712453102.5539703,1972747.45251812,1033.0,5.644682938237145e-10,1034.0,BID
334,1712453102.5583234,1973027.53360215,1033.0,1.5296966540316554e-08,1034.0,BID
335,1712453129.9261618,1973066.27682743,1032.0,-2.116008022548546e-09,1034.0,ASK
336,1712453129.9279728,1973260.07527704,1032.0,-1.0584536294261108e-08,1034.0,ASK
337,1712453129.9297245,1985210.00974668,1032.0,-6.526600979646697e-07,1034.0,ASK
338,1712453130.9440691,1985210.00974668,1032.0,-0.0,1034.0,ASK
339,1712453139.2237933,1985258.00974668,1031.0,-2.6197361778122022e-09,1034.0,ASK
340,1712453141.4141164,1985305.06309294,1031.0,-2.568069864258489e-09,1034.0,ASK
341,1712453141.4187236,1990013.30210305,1031.0,-2.5696550142858257e-07,1034.0,ASK
342,1712453157.8537114,1990154.7236167,1031.0,-7.718480325615022e-09,1034.0,ASK
343,1712453157.8557727,1990254.7236167,1031.0,-5.457783703775421e-09,1034.0,ASK
344,1712453157.8636756,1996569.02717306,1031.0,-3.446210305059319e-07,1034.0,ASK
345,1712453160.668892,1996569.02717306,1031.0,-0.0,1034.0,ASK
346,1712453160.833782,2007892.82874334,1031.0,-6.176338243131071e-07,1034.0,ASK
347,1712453163.3841476,2007912.2085883,1032.0,1.0570343963542118e-09,1034.0,BID
348,1712453167.673896,2007947.0878744,1031.0,-1.9024200247156274e-09,1034.0,ASK
349,1712453178.4838934,2008734.16737631,1031.0,-4.2929657481731415e-08,1034.0,ASK
350,1712453190.6266465,2008734.16737631,1031.0,-0.0,1034.0,ASK
351,1712453190.9043622,2010374.5356805,1031.0,-8.940940280385309e-08,1034.0,ASK
352,1712453190.9144342,2011139.09397729,1031.0,-4.1672775894355966e-08,1034.0,ASK
353,1712453197.2766192,2011312.26575226,1031.0,-9.43884671693197e-09,1034.0,ASK
354,1712453197.2806222,2014344.08104372,1031.0,-1.6525117799985445e-07,1034.0,ASK
355,1712453197.284299,2014829.04709609,1031.0,-2.643340828506639e-08,1034.0,ASK
356,1712453206.6808856,2015798.70678612,1031.0,5.285196841899213e-08,1034.0,BID
357,1712453207.3738182,2016231.29650483,1031.0,2.3578600190059573e-08,1034.0,BID
358,1712453210.339923,2016892.12918114,1031.0,3.6019139598855544e-08,1034.0,BID
359,1712453213.2962546,2017093.79417394,1031.0,1.0991889154791532e-08,1034.0,BID
360,1712453219.2336538,2033871.25867442,1031.0,9.144672435569128e-07,1034.0,BID
361,1712453220.4684682,2035536.60651112,1031.0,9.077092940634688e-08,1034.0,BID
362,1712453220.9440403,2035536.60651112,1031.0,0.0,1034.0,BID
363,1712453226.40433,2036751.93143837,1031.0,6.614249912795164e-08,1034.0,BID
364,1712453228.553872,2038459.01194273,1031.0,9.290566517588156e-08,1034.0,BID
365,1712453228.6540172,2038597.54929018,1031.0,7.539717303116573e-09,1034.0,BID
366,1712453229.5741012,2040081.54929018,1031.0,8.076479508076052e-08,1034.0,BID
367,1712453229.7340558,2046849.96081713,1031.0,3.683621091619813e-07,1034.0,BID
368,1712453236.0673754,2046897.96081713,1031.0,-2.612338385361525e-09,1034.0,ASK
369,1712453250.9455562,2046897.96081713,1031.0,-0.0,1034.0,ASK
370,1712453275.8239665,2047995.84445958,1033.0,5.97128413012514e-08,1034.0,BID
371,1712453275.827878,2048000.84445958,1033.0,2.7194521801964176e-10,1034.0,BID
372,1712453275.9236708,2048352.85897358,1033.0,-1.9145732751157426e-08,1034.0,ASK
373,1712453275.9435642,2048352.85897425,1033.0,-3.644536889440051e-17,1034.0,ASK
374,1712453280.9535923,2048352.85897425,1033.0,-0.0,1034.0,ASK
375,1712453310.9637334,2048352.85897425,1033.0,-0.0,1034.0,ASK
376,1712453331.9838896,2048546.46981646,1033.0,1.0529447842855293e-08,1034.0,BID
377,1712453331.9879231,2048596.9939944,1034.0,2.747737111973772e-09,1034.0,BID
378,1712453337.3959763,2048970.70303487,1034.0,2.0324015975128832e-08,1034.0,BID
379,1712453337.399313,2050191.47066593,1034.0,6.639095699790115e-08,1034.0,BID
380,1712453337.402278,2053659.82138148,1034.0,1.8862485976120985e-07,1034.0,BID
381,1712453340.5808568,2053659.82138148,1034.0,0.0,1034.0,BID
382,1712453340.7237358,2055594.05735826,1034.0,1.0516126407398825e-07,1034.0,BID
383,1712453349.883672,2055835.52269909,1034.0,1.3128077843946596e-08,1034.0,BID
384,1712453357.7740805,2065801.52269909,1034.0,5.418352105651764e-07,1034.0,BID
385,1712453357.77716,2065806.52269909,1034.0,2.718418676325388e-10,1034.0,BID
386,1712453357.7801728,2066148.80843598,1034.0,1.8609518796033872e-08,1034.0,BID
387,1712453357.7831776,2070770.97749514,1035.0,2.512998139110742e-07,1035.0,BID
388,1712453357.7861462,2080736.97749514,1034.0,5.418352105651764e-07,1035.0,BID
389,1712453357.7891424,2104124.15519443,1035.0,1.2715228128858228e-06,1035.0,BID
390,1712453370.628555,2104124.15519443,1035.0,0.0,1035.0,BID
391,1712453371.3238792,2104318.14161538,1031.0,-1.051687434894632e-08,1035.0,ASK
392,1712453371.3278503,2104347.76039569,1031.0,-1.6057669880286503e-09,1035.0,ASK
393,1712453400.745632,2104347.76039569,1031.0,-0.0,1035.0,ASK
394,1712453413.6639242,2104534.76039569,1032.0,-1.0170655796608088e-08,1035.0,ASK
395,1712453413.6662738,2104544.76039569,1032.0,-5.4388533671701e-10,1035.0,ASK
396,1712453414.086212,2105051.98129497,1032.0,-2.758700095948948e-08,1035.0,ASK
397,1712453417.669428,2105208.27506083,1032.0,-8.500588747161397e-09,1035.0,ASK
398,1712453417.6727169,2110057.93558397,1032.0,-2.63765924659112e-07,1035.0,ASK
399,1712453418.046271,2110057.93558459,1032.0,-3.370975065838268e-17,1035.0,ASK
400,1712453430.6287498,2110057.93558459,1032.0,-0.0,1035.0,ASK
401,1712453446.738973,2110236.84493594,1031.0,-9.727499555854389e-09,1035.0,ASK
402,1712453446.7437017,2110430.83135689,1031.0,-1.0547256526226573e-08,1035.0,ASK
403,1712453446.747455,2118516.40312759,1031.0,-4.396214910774935e-07,1035.0,ASK
404,1712453446.763743,2118516.40312799,1031.0,-2.174860856052256e-17,1035.0,ASK
405,1712453450.273908,2119000.89925202,1031.0,2.6342590791043852e-08,1035.0,BID
406,1712453460.9335077,2119000.89925202,1031.0,0.0,1035.0,BID
407,1712453465.8738513,2120363.45580023,1030.0,-7.404658795058718e-08,1035.0,ASK
408,1712453468.1687038,2120463.45580023,1030.0,-5.434386414849714e-09,1035.0,ASK
409,1712453472.3441222,2120482.83564519,1032.0,1.053175661715682e-09,1035.0,BID
410,1712453490.9336543,2120482.83564519,1032.0,0.0,1035.0,BID
411,1712453506.5475044,2120960.14330648,1030.0,-2.5936591202772082e-08,1035.0,ASK
412,1712453506.551641,2123303.71127058,1030.0,-1.273479752588225e-07,1035.0,ASK
413,1712453508.8892028,2123654.12575701,1031.0,1.904129772714645e-08,1035.0,BID
414,1712453520.6036885,2123654.12575701,1031.0,0.0,1035.0,BID
415,1712453520.9341853,2123751.11896748,1031.0,5.269613215356465e-09,1035.0,BID
416,1712453522.6839828,2123793.41207892,1031.0,2.2977725748235607e-09,1035.0,BID
417,1712453528.4871511,2126993.41207892,1030.0,-1.738550792107708e-07,1035.0,ASK
418,1712453531.3140118,2127043.41207892,1031.0,2.716485612668292e-09,1035.0,BID
419,1712453535.7537203,2127053.41207892,1031.0,5.43297122533658e-10,1035.0,BID
420,1712453541.11368,2127063.11139996,1031.0,5.269613211536281e-10,1035.0,BID
421,1712453541.2356567,2127073.11139996,1031.0,5.43297122533658e-10,1035.0,BID
422,1712453544.573847,2127558.07745233,1031.0,2.634806607792079e-08,1035.0,BID
423,1712453548.2637808,2127568.07745233,1031.0,5.43297122533658e-10,1035.0,BID
424,1712453549.673718,2128935.76608156,1031.0,7.430612967826733e-08,1035.0,BID
425,1712453549.678015,2131318.07745233,1031.0,1.294302912718547e-07,1035.0,BID
426,1712453550.5605838,2132481.80251633,1031.0,6.322484786915603e-08,1035.0,BID
427,1712453550.5729456,2132481.80251664,1031.0,1.6849296335476295e-17,1035.0,BID
428,1712453550.640082,2132481.80251664,1031.0,0.0,1035.0,BID
429,1712453550.8757725,2132501.80251664,1031.0,-1.086057407930562e-09,1035.0,ASK
430,1712453550.9538562,2133242.29320725,1031.0,4.021077000202532e-08,1035.0,BID
431,1712453562.6638906,2133434.04776142,1031.0,-1.0412822703022237e-08,1035.0,ASK
432,1712453566.5536084,2133482.49737382,1032.0,2.630953022920788e-09,1035.0,BID
433,1712453575.795641,2133492.49737382,1031.0,-5.430287039652811e-10,1035.0,ASK
434,1712453575.8003776,2153492.49737382,1031.0,-1.086057407930562e-06,1035.0,ASK
435,1712453575.9562175,2154667.11124845,1030.0,-6.378490500000047e-08,1035.0,ASK
436,1712453580.9138355,2154667.11124845,1030.0,-0.0,1035.0,ASK
437,1712453581.2936368,2154754.40513787,1030.0,-4.734428549854135e-09,1035.0,ASK
438,1712453588.7438374,2154769.40513787,1031.0,8.135326392210714e-10,1035.0,BID
439,1712453588.747554,2154773.79951771,1032.0,2.3833142861094404e-10,1035.0,BID
440,1712453610.084248,2154793.79951771,1032.0,1.0847101856280952e-09,1035.0,BID
441,1712453610.9537468,2154793.79951771,1032.0,0.0,1035.0,BID
442,1712453640.663774,2154793.79951771,1032.0,0.0,1035.0,BID
443,1712453644.2866745,2154862.34320703,1030.0,-3.717475576359507e-09,1035.0,ASK
444,1712453644.290553,2161209.43959771,1030.0,-3.44235567814912e-07,1035.0,ASK
445,1712453644.3021126,2161347.32067303,1030.0,-7.477997391586658e-09,1035.0,ASK
446,1712453644.3043904,2162318.19445943,1030.0,-5.265546142150831e-08,1035.0,ASK
447,1712453644.3067951,2165411.50605605,1030.0,-1.6776614192506856e-07,1035.0,ASK
448,1712453644.3090646,2165431.50605605,1030.0,-1.084702505291668e-09,1035.0,ASK
449,1712453670.6454842,2165431.50605605,1030.0,-0.0,1035.0,ASK
450,1712453686.0238822,2167917.54347363,1030.0,1.347504758954315e-07,1035.0,BID
451,1712453686.0287817,2168197.82525399,1030.0,1.5192089636792815e-08,1035.0,BID
452,1712453699.863677,2168334.78195937,1030.0,-7.423452718968236e-09,1035.0,ASK
453,1712453700.9634943,2168334.78195937,1030.0,-0.0,1035.0,ASK
454,1712453710.5235467,2168641.15350686,1031.0,1.6701540525093868e-08,1035.0,BID
455,1712453718.1934118,2168738.14671733,1031.0,5.287488504042439e-09,1035.0,BID
456,1712453720.6244457,2168743.53469017,1031.0,2.937199863182479e-10,1035.0,BID
457,1712453723.5537517,2168762.93333226,1031.0,1.0574977006003303e-09,1035.0,BID
458,1712453727.3640249,2169106.08932533,1031.0,1.8706808029775013e-08,1035.0,BID
459,1712453727.3686776,2173790.32555273,1031.0,2.5535648405304494e-07,1035.0,BID
460,1712453730.9736493,2173790.32555273,1031.0,0.0,1035.0,BID
461,1712453731.2238212,2173839.63453594,1030.0,-2.687206270840518e-09,1035.0,ASK
462,1712453731.5434062,2176331.9631473,1030.0,-1.3582517094131094e-07,1035.0,ASK
463,1712453750.98365,2176341.66246834,1031.0,5.285867731331537e-10,1035.0,BID
464,1712453760.5764296,2176341.66246834,1031.0,0.0,1035.0,BID
465,1712453777.5512574,2176390.17555418,1031.0,2.6434534398543687e-09,1035.0,BID
466,1712453781.0237389,2176816.94568027,1031.0,2.3254487697482723e-08,1035.0,BID
467,1712453783.536553,2176877.75518549,1030.0,-3.313479094671717e-09,1035.0,ASK
468,1712453790.6243734,2176877.75518549,1030.0,-0.0,1035.0,ASK
469,1712453793.2262542,2176897.02214689,1030.0,-1.0498153400034652e-09,1035.0,ASK
470,1712453793.2289538,2176926.29887481,1030.0,-1.595226016052649e-09,1035.0,ASK
471,1712453799.715054,2177005.68917259,1030.0,-4.3258067905547635e-09,1035.0,ASK
472,1712453799.7193923,2177533.2420852,1030.0,-2.8745224990334493e-08,1035.0,ASK
473,1712453799.7241375,2190231.78885528,1030.0,-6.919165362021671e-07,1035.0,ASK
474,1712453799.83359,2193981.78885528,1030.0,2.043294447575423e-07,1035.0,BID
475,1712453799.8559632,2197731.78885528,1030.0,2.043294447575423e-07,1035.0,BID
476,1712453800.2337952,2197755.78885528,1030.0,1.30770844644827e-09,1035.0,BID
477,1712453800.5945375,2197770.85405528,1030.0,8.20870386980169e-10,1035.0,BID
478,1712453800.853902,2199265.85405528,1030.0,8.145933864334018e-08,1035.0,BID
479,1712453800.9335096,2200037.16142124,1030.0,4.202688155306782e-08,1035.0,BID
480,1712453802.0435014,2200464.34588725,1030.0,2.3276363933029932e-08,1035.0,BID
481,1712453803.533462,2201595.99637268,1030.0,6.166120409269133e-08,1035.0,BID
482,1712453804.8163357,2202837.09468697,1030.0,6.762478118623578e-08,1035.0,BID
483,1712453817.5036232,2203090.70513661,1030.0,-1.3818688629244868e-08,1035.0,ASK
484,1712453820.9336226,2203090.70513661,1030.0,-0.0,1035.0,ASK
485,1712453825.0537586,2207596.59768015,1031.0,2.451557483128604e-07,1035.0,BID
486,1712453837.563885,2207615.99632224,1031.0,1.0554376456851256e-09,1035.0,BID
487,1712453843.3838582,2208538.54493974,1031.0,5.019385049526687e-08,1035.0,BID
488,1712453843.3888795,2208606.31687486,1031.0,3.6873226133001755e-09,1035.0,BID
489,1712453844.2852728,2208889.74403682,1031.0,1.5420651360649213e-08,1035.0,BID
490,1712453844.28775,2210141.49286986,1031.0,6.81049134879385e-08,1035.0,BID
491,1712453844.3127365,2210141.49287021,1031.0,1.905237958203761e-17,1035.0,BID
492,1712453850.957052,2210141.49287021,1031.0,0.0,1035.0,BID
493,1712453852.4935665,2210172.72155193,1032.0,1.6984124625783771e-09,1035.0,BID
494,1712453852.4980338,2367920.57619676,1032.0,8.579322197368949e-06,1035.0,BID
495,1712453852.502844,2368920.57619676,1032.0,5.4386300318855936e-08,1035.0,BID
496,1712453853.2736783,2369356.83620377,1032.0,2.3726567758343432e-08,1035.0,BID
497,1712453865.843586,2370460.42147508,1032.0,6.001991999293509e-08,1035.0,BID
498,1712453868.5144916,2371633.51128676,1032.0,6.38000147990389e-08,1035.0,BID
499,1712453876.0204864,2373338.93764334,1032.0,9.275183000063272e-08,1035.0,BID
500,1712453880.3990707,2373887.94587101,1031.0,-2.9858526347588874e-08,1035.0,ASK
501,1712453880.4026997,2374812.81008212,1031.0,-5.029994273958656e-08,1035.0,ASK
502,1712453880.6235836,2374812.81008212,1031.0,-0.0,1035.0,ASK
503,1712453882.4809008,2377283.81008212,1032.0,1.331578537761509e-07,1035.0,BID
504,1712453890.033583,2380196.43144135,1031.0,-1.569560538476911e-07,1035.0,ASK
505,1712453890.8337326,2382027.82679018,1032.0,9.86906815321116e-08,1035.0,BID
506,1712453892.3836255,2382085.93726982,1032.0,3.131471772862898e-09,1035.0,BID
507,1712453893.9039142,2384566.93726982,1032.0,1.3369673622769337e-07,1035.0,BID
508,1712453895.1338131,2407575.93726982,1032.0,1.23991463275413e-06,1035.0,BID
509,1712453897.9463065,2410065.93726982,1032.0,1.3418173043408162e-07,1035.0,BID
510,1712453898.6436603,2411280.08455664,1032.0,6.542826664553537e-08,1035.0,BID
511,1712453903.288595,2412614.91682148,1032.0,7.193176832748254e-08,1035.0,BID
512,1712453903.7236662,2413041.27341062,1032.0,2.2975608398725977e-08,1035.0,BID
513,1712453908.5036094,2415541.27341062,1032.0,1.3472061288562414e-07,1035.0,BID
514,1712453910.592412,2415541.27341062,1032.0,0.0,1035.0,BID
515,1712453920.0437622,2415973.44395325,1032.0,2.3236285179797065e-08,1035.0,BID
516,1712453940.9693017,2415973.44395325,1032.0,0.0,1035.0,BID
517,1712453954.9418705,2416000.89356565,1032.0,1.4758334135720551e-09,1035.0,BID
518,1712453955.4486735,2416914.17901666,1031.0,-4.910295872622861e-08,1035.0,ASK
519,1712453955.4624858,2418919.1815034,1031.0,-1.0779932412536349e-07,1035.0,ASK
520,1712453962.2335763,2419155.21365095,1031.0,-1.2690311431542431e-08,1035.0,ASK
521,1712453968.9638245,2419602.33662997,1031.0,-2.4039648458298736e-08,1035.0,ASK
522,1712453970.9434674,2419602.33662997,1031.0,-0.0,1035.0,ASK
523,1712453971.9338143,2420451.954302,1031.0,-4.56706619709091e-08,1035.0,ASK
524,1712453971.9365096,2420845.25036367,1031.0,-2.114138168066021e-08,1035.0,ASK
525,1712453971.9938538,2421616.55771966,1031.0,-4.1461140334971323e-08,1035.0,ASK
526,1712453972.053674,2422181.34441795,1031.0,-3.035975266574715e-08,1035.0,ASK
527,1712453972.114513,2423716.52041295,1031.0,-8.252241713143138e-08,1035.0,ASK
528,1712453972.173561,2434588.22661495,1031.0,-5.844017083735187e-07,1035.0,ASK
529,1712453972.2738235,2435729.02941085,1031.0,-6.132313460773282e-08,1035.0,ASK
530,1712453972.3335888,2435855.83463567,1031.0,-6.816334863968668e-09,1035.0,ASK
531,1712453972.4134414,2436169.31468332,1031.0,-1.6850922199687744e-08,1035.0,ASK
532,1712454000.4636734,2436188.77039649,1031.0,-1.0458295876454295e-09,1035.0,ASK
533,1712454000.737053,2436188.77039649,1031.0,-0.0,1035.0,ASK
534,1712454007.6934662,2436208.15024145,1032.0,1.0421069683044888e-09,1035.0,BID
535,1712454015.1838968,2436217.84016393,1032.0,5.210534841522444e-10,1035.0,BID
536,1712454028.9538462,2436266.86158554,1031.0,-2.636015157101001e-09,1035.0,ASK
537,1712454029.4538317,2436454.91097169,1032.0,1.0111926906446744e-08,1035.0,BID
538,1712454030.6380932,2436454.91097169,1032.0,0.0,1035.0,BID
539,1712454035.283753,2463683.84236703,1032.0,1.4641520717828206e-06,1035.0,BID
540,1712454051.9238572,2463700.35593292,1032.0,8.87966235570252e-10,1035.0,BID
541,1712454054.1348836,2470059.66587453,1031.0,-3.419523407264985e-07,1035.0,ASK
542,1712454054.1382806,2480198.27838665,1031.0,-5.451727171770011e-07,1035.0,ASK
543,1712454054.140639,2480207.15828965,1031.0,-4.77489482994661e-10,1035.0,ASK
544,1712454055.5139036,2480603.95632137,1031.0,2.13365942198309e-08,1035.0,BID
545,1712454056.233375,2480947.31810313,1031.0,1.8463224165350572e-08,1035.0,BID
546,1712454060.9135754,2480947.31810313,1031.0,0.0,1035.0,BID
547,1712454062.56353,2481067.53087801,1031.0,6.448157855634913e-09,1035.0,BID
548,1712454062.6447124,2481290.00659511,1031.0,1.1933494957875088e-08,1035.0,BID
549,1712454062.8434093,2481423.38543155,1031.0,7.154379331334852e-09,1035.0,BID
550,1712454068.3939466,2481579.23389921,1031.0,8.359639996935462e-09,1035.0,BID
551,1712454068.4437735,2481702.7515482,1031.0,6.625429780126629e-09,1035.0,BID
552,1712454068.6237442,2482302.01073344,1031.0,3.21439865831019e-08,1035.0,BID
553,1712454068.7037392,2482469.05306997,1031.0,8.960073965458418e-09,1035.0,BID
554,1712454068.7513742,2482677.51214275,1031.0,1.1181648614825437e-08,1035.0,BID
555,1712454070.1539145,2482818.95723398,1031.0,7.587049521679694e-09,1035.0,BID
556,1712454070.15846,2482998.38549409,1031.0,9.624449199396421e-09,1035.0,BID
557,1712454070.1735296,2483133.06179777,1031.0,7.2239748762777605e-09,1035.0,BID
558,1712454070.7351897,2483615.28069926,1031.0,2.5865999689928523e-08,1035.0,BID
559,1712454071.0935352,2484168.28069926,1031.0,2.966266520108858e-08,1035.0,BID
560,1712454075.173957,2484325.54607863,1031.0,8.43564248818503e-09,1035.0,BID
561,1712454075.1792698,2484748.79602229,1031.0,2.2702931962331545e-08,1035.0,BID
562,1712454075.5132916,2487205.15398791,1031.0,1.3175790949045224e-07,1035.0,BID
563,1712454075.5735843,2487378.08378945,1031.0,9.275874875897336e-09,1035.0,BID
564,1712454075.7607508,2487517.5875135,1031.0,7.482915480639382e-09,1035.0,BID
565,1712454077.6048913,2487653.52478925,1031.0,7.291612837112444e-09,1035.0,BID
566,1712454077.623586,2488796.35280929,1031.0,6.130076842833248e-08,1035.0,BID
567,1712454077.7235904,2488923.38543154,1031.0,6.813971326267445e-09,1035.0,BID
568,1712454077.7836783,2488923.38543155,1031.0,5.2453499477914215e-19,1035.0,BID
569,1712454078.6236963,2489694.69278753,1031.0,-4.13725711890946e-08,1035.0,ASK
570,1712454078.6280131,2489714.09142962,1031.0,1.0405342236452831e-09,1035.0,BID
571,1712454089.4436362,2489979.82977913,1030.0,-1.4254082626766297e-08,1035.0,ASK
572,1712454089.449307,2491239.47625853,1030.0,-6.756685676341485e-08,1035.0,ASK
573,1712454089.4540205,2498129.76136407,1030.0,-3.695917183104501e-07,1035.0,ASK
574,1712454090.935852,2498129.76136407,1030.0,-0.0,1035.0,ASK
575,1712454096.3936524,2499112.71297053,1030.0,-5.267504165480287e-08,1035.0,ASK
576,1712454096.3988168,2499302.85117575,1030.0,-1.0189248193203084e-08,1035.0,ASK
577,1712454097.623996,2500009.85117575,1031.0,3.788716983133256e-08,1035.0,BID
578,1712454100.2135007,2500719.85117575,1031.0,3.804793575706663e-08,1035.0,BID
579,1712454117.123708,2500923.45627575,1031.0,1.0910920795216838e-08,1035.0,BID
580,1712454120.1592808,2500942.85491784,1031.0,1.0395468845356711e-09,1035.0,BID
581,1712454120.643401,2500942.85491784,1031.0,0.0,1035.0,BID
582,1712454131.3935094,2501945.55446361,1030.0,-5.3724960179996976e-08,1035.0,ASK
583,1712454131.4784472,2502105.42096564,1030.0,-8.565697961967637e-09,1035.0,ASK
584,1712454131.4836173,2502146.07469297,1030.0,-2.178239624423019e-09,1035.0,ASK
585,1712454131.783893,2502165.47333506,1031.0,1.0393854053399274e-09,1035.0,BID
586,1712454136.1935413,2513415.47333506,1030.0,-6.027785736761806e-07,1035.0,ASK
587,1712454137.223766,2517165.47333506,1030.0,-2.0092619122539365e-07,1035.0,ASK
588,1712454137.3041008,2524165.47333506,1030.0,-3.750622236207346e-07,1035.0,ASK
589,1712454137.3841245,2524336.44275253,1030.0,-9.160595698207928e-09,1035.0,ASK
590,1712454137.3868816,2529231.00516978,1030.0,-2.622522091234729e-07,1035.0,ASK
591,1712454150.6087372,2529231.00516978,1030.0,-0.0,1035.0,ASK
592,1712454150.8113267,2529236.00516978,1031.0,2.674840030390189e-10,1035.0,BID
593,1712454155.2236123,2529333.09254842,1031.0,5.1938641366487794e-09,1035.0,BID
594,1712454161.383602,2529769.34386989,1031.0,2.333804995956611e-08,1035.0,BID
595,1712454170.0837536,2529796.48548821,1031.0,1.451989743426764e-09,1035.0,BID
596,1712454176.383789,2529903.17801973,1031.0,5.707709085069139e-09,1035.0,BID
597,1712454180.9034982,2529903.17801973,1031.0,0.0,1035.0,BID
598,1712454185.704137,2541068.00240365,1030.0,-5.97260241163708e-07,1035.0,ASK
599,1712454190.2236855,2541390.40608655,1030.0,1.7246926129740746e-08,1035.0,BID
600,1712454193.9935129,2541738.10608655,1030.0,1.8600147992613643e-08,1035.0,BID
601,1712454196.5435927,2542738.10608655,1030.0,5.3494817350096566e-08,1035.0,BID
602,1712454199.70072,2542747.81482441,1030.0,5.193671585189602e-10,1035.0,BID
603,1712454205.5836165,2542894.21482441,1030.0,7.831641260074066e-09,1035.0,BID
604,1712454208.0937636,2543054.46536926,1030.0,8.57257362699261e-09,1035.0,BID
605,1712454210.1378388,2544746.73670931,1030.0,9.05277462427923e-08,1035.0,BID
606,1712454210.935051,2544746.73670931,1030.0,0.0,1035.0,BID
607,1712454218.5739627,2544756.44544717,1030.0,-5.189427282015302e-10,1035.0,ASK
608,1712454224.0166345,2545208.14923357,1030.0,2.4144064721300665e-08,1035.0,BID
609,1712454231.9337602,2545227.56670929,1030.0,1.0378854564030604e-09,1035.0,BID
610,1712454240.5835917,2545227.56670929,1030.0,0.0,1035.0,BID
611,1712454242.933621,2546127.62069749,1029.0,-4.810760315277749e-08,1035.0,ASK
612,1712454242.9363658,2546209.10218063,1029.0,-4.355159697740902e-09,1035.0,ASK
613,1712454248.99353,2546282.92312329,1029.0,-3.945706213630908e-09,1035.0,ASK
614,1712454249.0036683,2547190.63765197,1029.0,-4.851705663688748e-08,1035.0,ASK
615,1712454270.551654,2547190.63765197,1029.0,-0.0,1035.0,ASK
616,1712454276.1085577,2547200.35582496,1029.0,-5.193772195724144e-10,1035.0,ASK
617,1712454281.9038043,2547280.08047354,1029.0,-4.2607974106209155e-09,1035.0,ASK
618,1712454293.4737396,2547942.0707648,1030.0,3.5379353425795454e-08,1035.0,BID
619,1712454300.679861,2547942.0707648,1030.0,0.0,1035.0,BID
620,1712454305.0536838,2547982.86827737,1029.0,-2.186321636678373e-09,1035.0,ASK
621,1712454305.0589333,2548225.82260194,1029.0,-1.3019820647681173e-08,1035.0,ASK
622,1712454305.0682063,2548903.60922633,1029.0,-3.632230174365127e-08,1035.0,ASK
623,1712454330.6061056,2548903.60922633,1029.0,-0.0,1035.0,ASK
624,1712454337.605724,2549020.42234586,1029.0,-6.2596343199932726e-09,1035.0,ASK
625,1712454337.617548,2549059.27561116,1029.0,-2.0820198441262994e-09,1035.0,ASK
626,1712454337.623341,2560205.50313604,1029.0,-5.972900016202996e-07,1035.0,ASK
627,1712454339.343579,2560273.69516088,1029.0,-3.654188337379873e-09,1035.0,ASK
628,1712454347.1534774,2560293.1126366,1030.0,1.040519232030242e-09,1035.0,BID
629,1712454353.543738,2560778.5495298,1030.0,2.6012980811560825e-08,1035.0,BID
630,1712454360.9536672,2560778.5495298,1030.0,0.0,1035.0,BID
631,1712454376.333528,2560878.5495298,1030.0,5.355167375245351e-09,1035.0,BID
632,1712454382.7236931,2560978.5495298,1030.0,5.355167375245351e-09,1035.0,BID
633,1712454390.593523,2560988.25826766,1030.0,5.19919162425105e-10,1035.0,BID
634,1712454390.91526,2560988.25826766,1030.0,0.0,1035.0,BID
635,1712454394.8239594,2560997.48156863,1030.0,4.939174912263273e-10,1035.0,BID
636,1712454397.9035482,2562880.99471163,1029.0,-1.0086411463089809e-07,1035.0,ASK
637,1712454397.9736187,2564804.16558106,1029.0,-1.0298782769310245e-07,1035.0,ASK
638,1712454397.9834063,2567415.46287691,1029.0,-1.3983772333247712e-07,1035.0,ASK
639,1712454399.303774,2568348.46076539,1030.0,4.9963020605295854e-08,1035.0,BID
640,1712454403.643593,2568542.63552267,1030.0,1.0398262974428731e-08,1035.0,BID
641,1712454415.144044,2568885.99730443,1030.0,1.8387385426021684e-08,1035.0,BID
642,1712454415.150737,2574144.30858536,1030.0,2.815881130300181e-07,1035.0,BID
643,1712454420.6237235,2574144.30858536,1030.0,0.0,1035.0,BID
644,1712454422.6537762,2574528.17196093,1030.0,-2.0541389553889853e-08,1035.0,ASK
645,1712454422.673476,2575691.10488112,1030.0,-6.223114696267544e-08,1035.0,ASK
646,1712454422.7934806,2579202.92694251,1030.0,-1.879254693154811e-07,1035.0,ASK
647,1712454425.4835975,2579579.16104523,1030.0,-2.0133130064723016e-08,1035.0,ASK
648,1712454427.0335865,2581037.34597434,1030.0,-7.803074368845e-08,1035.0,ASK
649,1712454427.9936552,2584514.04981512,1030.0,-1.860462146225309e-07,1035.0,ASK
650,1712454428.1607497,2585027.17222659,1030.0,-2.7458330264491417e-08,1035.0,ASK
651,1712454428.175509,2586646.21244104,1030.0,-8.663847052112072e-08,1035.0,ASK
652,1712454428.3537648,2587015.33367639,1030.0,-1.9752504590150005e-08,1035.0,ASK
653,1712454428.578235,2588387.18357039,1030.0,-7.341076246281449e-08,1035.0,ASK
654,1712454428.583531,2590417.59717315,1030.0,-1.0865198251308293e-07,1035.0,ASK
655,1712454443.3722208,2591891.94555186,1029.0,-7.889568610259126e-08,1035.0,ASK
656,1712454449.254006,2592034.07423113,1029.0,-7.60562417117943e-09,1035.0,ASK
657,1712454449.2589064,2592132.46818284,1029.0,-5.2652808797375174e-09,1035.0,ASK
658,1712454450.645955,2592132.46818284,1029.0,-0.0,1035.0,ASK
659,1712454456.9659314,2593652.80841607,1029.0,-8.127623828308448e-08,1035.0,ASK
660,1712454461.5036309,2593672.24476203,1029.0,1.0390523456991968e-09,1035.0,BID
661,1712454469.314114,2593866.79729121,1028.0,-1.0400630973642353e-08,1035.0,ASK
662,1712454469.3203714,2594968.7136482,1028.0,-5.890761452025997e-08,1035.0,ASK
663,1712454469.3265111,2598550.32142785,1028.0,-1.914700413583935e-07,1035.0,ASK
664,1712454477.3315363,2601177.64730333,1028.0,-1.4045485295691357e-07,1035.0,ASK
665,1712454480.9637122,2601177.64730333,1028.0,-0.0,1035.0,ASK
666,1712454488.0236726,2601247.30352734,1028.0,-3.7219185934717246e-09,1035.0,ASK
667,1712454493.5235848,2601295.89439225,1029.0,2.5963400421526423e-09,1035.0,BID
668,1712454498.703725,2601300.89439225,1029.0,2.6716339037663807e-10,1035.0,BID
669,1712454502.5038664,2602018.54731029,1029.0,3.8346117339441246e-08,1035.0,BID
670,1712454502.6435933,2602272.71169059,1029.0,-1.3580683510777494e-08,1035.0,ASK
671,1712454507.5437932,2602372.71169059,1028.0,-5.343267807532762e-09,1035.0,ASK
672,1712454510.9554534,2602372.71169059,1028.0,-0.0,1035.0,ASK
673,1712454518.7680628,2602859.09301354,1028.0,-2.598694935434745e-08,1035.0,ASK
674,1712454522.6135893,2602878.5293595,1029.0,1.0384677911414006e-09,1035.0,BID
675,1712454526.457554,2603364.91068245,1028.0,-2.598694935434745e-08,1035.0,ASK
676,1712454540.6253626,2603364.91068245,1028.0,-0.0,1035.0,ASK
677,1712454541.0900643,2603821.26185676,1028.0,-2.4381134784367413e-08,1035.0,ASK
678,1712454547.5334184,2604144.71182224,1029.0,1.728072074384215e-08,1035.0,BID
679,1712454547.613507,2604994.32949427,1029.0,4.53918914710108e-08,1035.0,BID
680,1712454550.0125475,2605198.81199633,1029.0,1.0924734556253796e-08,1035.0,BID
681,1712454550.1759806,2605407.70046929,1029.0,1.1160129086634472e-08,1035.0,BID
682,1712454550.9538825,2605871.70794673,1029.0,2.4790182397418933e-08,1035.0,BID
683,1712454567.9777937,2605891.70794673,1029.0,1.068525125249849e-09,1035.0,BID
684,1712454570.6217558,2605891.70794673,1029.0,0.0,1035.0,BID
685,1712454575.8311808,2608231.70794673,1029.0,1.2500007866090025e-07,1035.0,BID
686,1712454575.870046,2616940.2219603,1029.0,4.651986909042033e-07,1035.0,BID
687,1712454575.8751822,2618269.28576014,1029.0,7.099704253219938e-08,1035.0,BID
688,1712454575.8824902,2619740.2219603,1029.0,7.857570116460435e-08,1035.0,BID
689,1712454584.7935414,2619759.62060239,1031.0,1.03625290048081e-09,1035.0,BID
690,1712454595.5334754,2629458.94164992,1029.0,-5.181264503840089e-07,1035.0,ASK
691,1712454600.6544633,2629458.94164992,1029.0,-0.0,1035.0,ASK
692,1712454630.6253643,2629458.94164992,1029.0,-0.0,1035.0,ASK
693,1712454646.7536356,2629478.35912564,1030.0,1.0397320533536327e-09,1035.0,BID
694,1712454648.5735495,2630256.68258526,1030.0,4.167626423311381e-08,1035.0,BID
695,1712454649.6188388,2631132.66498241,1030.0,4.690552930912372e-08,1035.0,BID
696,1712454654.41345,2631142.66498241,1029.0,-5.35462007703774e-10,1035.0,ASK
697,1712454660.9134452,2631142.66498241,1029.0,-0.0,1035.0,ASK
698,1712454684.5539,2631172.66498241,1029.0,-1.6062368660898616e-09,1035.0,ASK
699,1712454684.7933495,2632030.35534346,1030.0,4.592179592027886e-08,1035.0,BID
700,1712454684.79619,2637068.96763638,1030.0,2.697734939607103e-07,1035.0,BID
701,1712454686.7237153,2638271.19294609,1029.0,-6.436862046008444e-08,1035.0,ASK
702,1712454690.9434438,2638271.19294609,1029.0,-0.0,1035.0,ASK
703,1712454691.5637429,2641295.01299397,1030.0,1.6183543113587837e-07,1035.0,BID
704,1712454691.6042516,2642323.59363788,1030.0,5.5049834093762974e-08,1035.0,BID
705,1712454691.673691,2642842.93095088,1030.0,2.7795032979308986e-08,1035.0,BID
706,1712454691.683665,2644969.75858102,1030.0,1.1382822424128593e-07,1035.0,BID
707,1712454708.592208,2645163.9333383,1031.0,1.0392270393911707e-08,1035.0,BID
708,1712454709.2537937,2645203.30229424,1030.0,-2.107034101578701e-09,1035.0,ASK
709,1712454720.6929376,2645203.30229424,1030.0,-0.0,1035.0,ASK
710,1712454749.4195347,2645462.76592178,1031.0,1.3881238606367046e-08,1035.0,BID
711,1712454750.63212,2645462.76592178,1031.0,0.0,1035.0,BID
712,1712454753.313964,2646994.27783033,1030.0,-8.193432807349118e-08,1035.0,ASK
713,1712454753.3213987,2647926.72617273,1030.0,-4.988503711347372e-08,1035.0,ASK
714,1712454758.6736662,2648409.75430076,1031.0,2.5841513141231323e-08,1035.0,BID
715,1712454774.5735989,2649013.23556008,1031.0,3.2285633047494846e-08,1035.0,BID
716,1712454774.577362,2652303.97401922,1031.0,1.760511576893068e-07,1035.0,BID
717,1712454780.953452,2652303.97401922,1031.0,0.0,1035.0,BID
718,1712454783.0149646,2653188.97617833,1030.0,-4.732886160227169e-08,1035.0,ASK
719,1712454783.0188878,2657954.92097408,1030.0,-2.548770523554575e-07,1035.0,ASK
720,1712454790.2735176,2659725.13533874,1030.0,-9.466895623804918e-08,1035.0,ASK
721,1712454796.8314357,2659829.53803182,1030.0,-5.583331702455804e-09,1035.0,ASK
722,1712454797.003651,2660029.53803182,1030.0,-1.0695761838565066e-08,1035.0,ASK
723,1712454810.9446716,2660029.53803182,1030.0,-0.0,1035.0,ASK
724,1712454820.0536268,2661127.06281359,1030.0,-5.8669351729180816e-08,1035.0,ASK
725,1712454825.3742008,2661165.82907546,1031.0,2.072291660887923e-09,1035.0,BID
726,1712454840.6152956,2661165.82907546,1031.0,0.0,1035.0,BID
727,1712454840.7936532,2661262.82228593,1031.0,5.184550603130683e-09,1035.0,BID
728,1712454845.7535715,2661360.39485886,1030.0,-5.215519100556098e-09,1035.0,ASK
729,1712454845.7574058,2661561.09262498,1030.0,-1.0727840838956621e-08,1035.0,ASK
730,1712454849.7735293,2664386.56610241,1030.0,-1.510292333918089e-07,1035.0,ASK
731,1712454863.443493,2670296.79199274,1030.0,-3.1591763027297973e-07,1035.0,ASK
732,1712454868.106384,2671360.39485886,1030.0,-5.685246270637832e-08,1035.0,ASK
733,1712454868.112259,2673499.16842033,1030.0,-1.1432325731165789e-07,1035.0,ASK
734,1712454870.637824,2673499.16842033,1030.0,-0.0,1035.0,ASK
735,1712454878.603629,2674729.46141049,1030.0,6.571787806623406e-08,1035.0,BID
736,1712454878.609229,2674875.97203746,1030.0,7.826076874089484e-09,1035.0,BID
737,1712454879.0834816,2674956.47640215,1031.0,4.300256983336886e-09,1035.0,BID
738,1712454893.2133515,2677912.62199569,1031.0,1.579067890462948e-07,1035.0,BID
739,1712454896.0434215,2678009.61520616,1031.0,5.1810325100792055e-09,1035.0,BID
740,1712454900.61538,2678009.61520616,1031.0,0.0,1035.0,BID
741,1712454900.943517,2678106.60841663,1031.0,5.194436449004424e-09,1035.0,BID
742,1712454930.643469,2678106.60841663,1031.0,0.0,1035.0,BID
743,1712454941.8934748,2678877.0759239,1031.0,4.1261888846913866e-08,1035.0,BID
744,1712454944.5487127,2680188.6713894,1031.0,7.024164653136583e-08,1035.0,BID
745,1712454944.555839,2680443.44501869,1031.0,1.3644236873969512e-08,1035.0,BID
746,1712454947.393628,2680761.23249514,1031.0,1.7018902687628186e-08,1035.0,BID
747,1712454947.4036756,2681213.1433698,1031.0,2.420179449877736e-08,1035.0,BID
748,1712454960.9433904,2681213.1433698,1031.0,0.0,1035.0,BID
749,1712454962.6134613,2681323.67394575,1030.0,-5.918378324819232e-09,1035.0,ASK
750,1712454978.3334165,2682094.98131171,1031.0,4.129978295353439e-08,1035.0,BID
751,1712454986.4044836,2682191.92602558,1031.0,5.190921049150044e-09,1035.0,BID
752,1712454990.917562,2682191.92602558,1031.0,0.0,1035.0,BID
753,1712454993.0139422,2682288.24866268,1031.0,5.157333204000505e-09,1035.0,BID
754,1712454993.0194716,2692571.47302561,1031.0,5.50587235233123e-07,1035.0,BID
755,1712454993.0229986,2694575.81213443,1031.0,1.073168774156884e-07,1035.0,BID
756,1712454995.0239172,2701130.21009699,1031.0,-3.509373835927281e-07,1035.0,ASK
757,1712455020.3750458,2701135.05505823,1032.0,2.594102510818939e-10,1035.0,BID
758,1712455020.870411,2701135.05505823,1032.0,0.0,1035.0,BID
759,1712455022.3745077,2702360.18247167,1031.0,-6.552758766240557e-08,1035.0,ASK
760,1712455031.1038237,2712196.77098682,1031.0,-5.261231682144938e-07,1035.0,ASK
761,1712455031.109049,2712949.15716036,1031.0,-4.024238654833116e-08,1035.0,ASK
762,1712455031.5836294,2722648.47820788,1031.0,5.187812330658545e-07,1035.0,BID
763,1712455043.8769922,2722752.51579274,1031.0,5.564590170216048e-09,1035.0,BID
764,1712455048.124002,2723680.82016824,1030.0,-4.9651608212867255e-08,1035.0,ASK
765,1712455048.1309364,2724292.68165112,1030.0,-3.2726234444542035e-08,1035.0,ASK
766,1712455049.4935868,2724305.76975923,1030.0,-7.00035067446774e-10,1035.0,ASK
767,1712455050.6246288,2724305.76975923,1030.0,-0.0,1035.0,ASK
768,1712455051.3636923,2724461.80031209,1031.0,8.334854951979707e-09,1035.0,BID
769,1712455058.8336596,2724558.79352256,1031.0,5.1811925662821805e-09,1035.0,BID
770,1712455079.093804,2734695.65254533,1031.0,5.414917019429841e-07,1035.0,BID
771,1712455079.098792,2735305.93489479,1031.0,3.2600120740799246e-08,1035.0,BID
772,1712455079.102852,2736196.23088222,1031.0,4.7557915956372543e-08,1035.0,BID
773,1712455080.9464052,2736196.23088222,1031.0,0.0,1035.0,BID
774,1712455082.6036458,2747217.90722468,1031.0,-5.883716592360909e-07,1035.0,ASK
775,1712455082.6116724,2786271.75138179,1031.0,-2.084816716831493e-06,1035.0,ASK
776,1712455106.2439828,2787217.90722468,1031.0,-5.0508767076795284e-08,1035.0,ASK
777,1712455106.2511826,2790530.11339123,1031.0,-1.768159558848126e-07,1035.0,ASK
778,1712455110.933702,2790530.11339123,1031.0,-0.0,1035.0,ASK
779,1712455123.563687,2790585.85538929,1031.0,2.966810687811154e-09,1035.0,BID
780,1712455134.893634,2790634.35199452,1031.0,2.581182083996632e-09,1035.0,BID
781,1712455140.6426048,2790634.35199452,1031.0,0.0,1035.0,BID
782,1712455170.8381867,2790634.35199452,1031.0,0.0,1035.0,BID
783,1712455201.3684945,2790634.35199452,1031.0,0.0,1035.0,BID
784,1712455206.0853553,2790734.35199452,1032.0,5.3359051724786804e-09,1035.0,BID
785,1712455217.0639803,2790744.041917,1032.0,5.170450748148328e-10,1035.0,BID
786,1712455220.6135385,2790836.22353936,1032.0,4.918723955576756e-09,1035.0,BID
787,1712455230.985818,2790836.22353936,1032.0,0.0,1035.0,BID
788,1712455232.4035778,2791320.23540939,1032.0,2.5826127315628792e-08,1035.0,BID
789,1712455251.043733,2791514.033859,1032.0,1.0340786544931496e-08,1035.0,BID
790,1712455251.456225,2801181.32238397,1031.0,-5.158316142683738e-07,1035.0,ASK
791,1712455251.4614947,2802445.58021624,1031.0,-6.745884916819074e-08,1035.0,ASK
792,1712455256.4837515,2802827.80511169,1031.0,-2.0394931249251663e-08,1035.0,ASK
793,1712455260.6151416,2802827.80511169,1031.0,-0.0,1035.0,ASK
794,1712455261.2492173,2803329.93376672,1032.0,2.6775146833285924e-08,1035.0,BID
795,1712455269.314703,2803349.5224053,1031.0,-1.0445304584554434e-09,1035.0,ASK
796,1712455290.6400318,2803349.5224053,1031.0,-0.0,1035.0,ASK
797,1712455303.9684298,2803354.5224053,1032.0,2.6660874561869503e-10,1035.0,BID
798,1712455310.340192,2808047.57655155,1031.0,-2.502418558104786e-07,1035.0,ASK
799,1712455315.3537638,2808181.51855467,1032.0,7.142021887481677e-09,1035.0,BID
800,1712455320.4543486,2808272.73281251,1031.0,-4.863703773056103e-09,1035.0,ASK
801,1712455320.9736748,2808272.73281251,1031.0,-0.0,1035.0,ASK
802,1712455330.1043594,2809396.82738043,1031.0,-5.992246995391423e-08,1035.0,ASK
803,1712455332.7681642,2810246.44505246,1031.0,-4.529084196067815e-08,1035.0,ASK
804,1712455333.257087,2810829.62937093,1031.0,-3.1087993660347615e-08,1035.0,ASK
805,1712455333.2733653,2811600.93672692,1031.0,-4.111632880678764e-08,1035.0,ASK
806,1712455351.078693,2816152.15000464,1031.0,-2.426129870840585e-07,1035.0,ASK
807,1712455351.0825698,2818016.57668692,1031.0,-9.938759161243173e-08,1035.0,ASK
808,1712455351.1528416,2818016.57668692,1031.0,-0.0,1035.0,ASK
809,1712455351.993563,2818142.44668692,1031.0,-6.706201186793841e-09,1035.0,ASK
810,1712455353.7637074,2820539.44668692,1031.0,-1.2770925752593973e-07,1035.0,ASK
811,1712455353.78646,2820580.38394302,1031.0,-2.1810874350003394e-09,1035.0,ASK
1012,1712455353.7941124,2821088.5290462,1031.0,-2.7073355795828162e-08,1035.0,ASK
812,1712455353.7941124,2821088.5290462,1031.0,-2.707335579582816e-08,1035.0,ASK
813,1712455353.803686,2821535.69890045,1031.0,-2.38246683663852e-08,1035.0,ASK
814,1712455353.823968,2823465.3634092,1031.0,-1.0281018843831657e-07,1035.0,ASK
815,1712455353.8313344,2826582.16155588,1030.0,-1.660592311934616e-07,1035.0,ASK
816,1712455353.8378196,2826775.95408735,1030.0,-1.0325031417640872e-08,1035.0,ASK
817,1712455354.1237662,2827771.49704713,1030.0,-5.3041323416218615e-08,1035.0,ASK
818,1712455361.0922873,2827781.19636817,1031.0,5.167680803162448e-10,1035.0,BID
819,1712455372.3547668,2828751.12847292,1031.0,5.167680807184128e-08,1035.0,BID
820,1712455374.9335933,2828830.73863506,1031.0,4.241533040635171e-09,1035.0,BID
821,1712455374.9461286,2828855.03923916,1031.0,1.2947067613794935e-09,1035.0,BID
822,1712455379.0937097,2830606.58926434,1031.0,9.332046442856764e-08,1035.0,BID
823,1712455380.6336677,2830606.58926434,1031.0,0.0,1035.0,BID
824,1712455391.1638756,2831249.68306178,1030.0,-3.4239587085098824e-08,1035.0,ASK
825,1712455391.169619,2831283.08926434,1030.0,-1.778612367717612e-09,1035.0,ASK
826,1712455398.460684,2832220.55684818,1030.0,-4.9912630325658446e-08,1035.0,ASK
827,1712455398.4671996,2832756.98760928,1030.0,-2.8560635840234253e-08,1035.0,ASK
828,1712455401.2437892,2835608.14112002,1030.0,-1.5180105812332905e-07,1035.0,ASK
829,1712455401.2513251,2835779.41986293,1030.0,-9.11921940010808e-09,1035.0,ASK
830,1712455410.6335373,2835779.41986293,1030.0,-0.0,1035.0,ASK
831,1712455426.0635912,2836093.57801322,1030.0,-1.6721658445246302e-08,1035.0,ASK
832,1712455426.0678213,2840112.3690736,1030.0,-2.1390771308184454e-07,1035.0,ASK
833,1712455440.9435558,2840112.3690736,1030.0,-0.0,1035.0,ASK
834,1712455467.7787993,2841895.25669955,1030.0,-9.487500990907049e-08,1035.0,ASK
835,1712455470.92388,2841895.25669955,1030.0,-0.0,1035.0,ASK
836,1712455472.583722,2841995.25669955,1030.0,-5.320904028312538e-09,1035.0,ASK
837,1712455472.5936618,2842155.32483727,1030.0,-8.517071988000433e-09,1035.0,ASK
838,1712455492.0039673,2842185.03150056,1030.0,-1.580663043676911e-09,1035.0,ASK
839,1712455500.6206808,2842185.03150056,1030.0,-0.0,1035.0,ASK
840,1712455528.263853,2847034.54848963,1030.0,-2.582558094481215e-07,1035.0,ASK
841,1712455528.270975,2854668.48995811,1030.0,-4.065373392165098e-07,1035.0,ASK
842,1712455530.151321,2854765.10831559,1030.0,5.1453066717352294e-09,1035.0,BID
1042,1712455530.151321,2854765.10831559,1030.0,5.145306671735229e-09,1035.0,BID
843,1712455530.5953605,2854765.10831559,1030.0,0.0,1035.0,BID
844,1712455538.0937128,2855056.37045151,1030.0,1.5500155991833242e-08,1035.0,BID
845,1712455543.4238694,2855076.37045151,1030.0,1.0643440447806443e-09,1035.0,BID
846,1712455543.8063488,2855367.63258743,1030.0,1.5500155991833242e-08,1035.0,BID
847,1712455560.9282324,2855367.63258743,1030.0,0.0,1035.0,BID
848,1712455561.143673,2855611.02186552,1030.0,1.295206867219691e-08,1035.0,BID
849,1712455572.1576931,2855615.88594318,1030.0,2.588440557893926e-10,1035.0,BID
850,1712455576.7637627,2856292.11062343,1030.0,3.5985597086125214e-08,1035.0,BID
851,1712455586.0239732,2856475.44430134,1030.0,9.756183201033313e-09,1035.0,BID
852,1712455588.2137113,2856616.50158289,1030.0,7.506425967839861e-09,1035.0,BID
853,1712455590.9036777,2856616.50158289,1030.0,0.0,1035.0,BID
854,1712455594.1135964,2856907.76371881,1030.0,1.5498583168505847e-08,1035.0,BID
855,1712455603.1737838,2857207.28871359,1030.0,1.593826477985769e-08,1035.0,BID
856,1712455616.3237872,2857316.50740291,1030.0,5.811723293987355e-09,1035.0,BID
857,1712455620.5989327,2857316.50740291,1030.0,0.0,1035.0,BID
858,1712455622.064036,2857336.87428458,1029.0,-1.0837169011895764e-09,1035.0,ASK
859,1712455622.0721364,2858581.63054108,1029.0,-6.623318261921934e-08,1035.0,ASK
860,1712455622.0772283,2862208.87530897,1029.0,-1.930048263358185e-07,1035.0,ASK
861,1712455626.1839066,2862296.77122522,1029.0,-4.676920675893944e-09,1035.0,ASK
862,1712455631.6240327,2862305.75025051,1029.0,-4.77771787578251e-10,1035.0,ASK
863,1712455635.764068,2863296.01642119,1030.0,5.26918260356409e-08,1035.0,BID
864,1712455635.7678275,2863781.4533144,1030.0,2.5829980954239506e-08,1035.0,BID
865,1712455650.6352465,2863781.4533144,1030.0,0.0,1035.0,BID
866,1712455668.30403,2863878.54069305,1030.0,-5.164167803742371e-09,1035.0,ASK
867,1712455680.9543014,2863878.54069305,1030.0,-0.0,1035.0,ASK
868,1712455686.2818398,2863898.54069305,1031.0,1.0638129089505431e-09,1035.0,BID
869,1712455687.663866,2863918.54069305,1031.0,1.0638129089505431e-09,1035.0,BID
870,1712455699.864218,2863938.54069305,1030.0,-1.0638129089505431e-09,1035.0,ASK
871,1712455699.8715622,2865800.18312236,1030.0,-9.902196240752069e-08,1035.0,ASK
872,1712455699.8775897,2865988.58392885,1030.0,-1.0021160500030653e-08,1035.0,ASK
873,1712455699.880839,2866513.3569625,1029.0,-2.7913016373307112e-08,1035.0,ASK
874,1712455699.8841257,2866533.3569625,1030.0,-1.0638129089505431e-09,1035.0,ASK
875,1712455710.9837906,2866533.3569625,1030.0,-0.0,1035.0,ASK
876,1712455718.863792,2870539.53348588,1030.0,-2.130601314361161e-07,1035.0,ASK
877,1712455722.133798,2873031.86209725,1029.0,-1.3254929192995448e-07,1035.0,ASK
878,1712455727.533749,2873330.86209725,1030.0,1.5901690534008543e-08,1035.0,BID
879,1712455740.656176,2873330.86209725,1030.0,0.0,1035.0,BID
880,1712455748.2761347,2874599.49746727,1029.0,-6.74446180918549e-08,1035.0,ASK
881,1712455748.2823703,2877616.69274718,1029.0,-1.604035234795691e-07,1035.0,ASK
882,1712455748.2866228,2902596.65916623,1029.0,-1.3280130247773586e-06,1035.0,ASK
883,1712455748.357699,2903864.65916623,1029.0,6.74108398373792e-08,1035.0,BID
884,1712455748.3610704,2903873.65916623,1031.0,4.784681061012718e-10,1035.0,BID
885,1712455748.3644893,2904843.59127099,1031.0,5.15646196901654e-08,1035.0,BID
886,1712455748.3679357,2905133.65916623,1032.0,1.5420915164012686e-08,1035.0,BID
887,1712455748.371337,2910210.79820924,1032.0,2.699165669246628e-07,1035.0,BID
888,1712455748.3769236,2910223.79820924,1031.0,6.911205977018373e-10,1035.0,BID
889,1712455748.380339,2910294.79820924,1031.0,3.774581725910034e-09,1035.0,BID
1089,1712455748.380339,2910294.79820924,1031.0,3.7745817259100345e-09,1035.0,BID
890,1712455748.413791,2910406.79820924,1031.0,5.954269764815829e-09,1035.0,BID
891,1712455748.42124,2911790.54627125,1032.0,7.356436828346592e-08,1035.0,BID
892,1712455768.1436758,2911798.91174976,1032.0,4.4473496214759134e-10,1035.0,BID
893,1712455769.0537622,2912128.61592253,1029.0,-1.7528103457662383e-08,1035.0,ASK
894,1712455770.6236982,2912128.61592253,1029.0,-0.0,1035.0,ASK
895,1712455776.533686,2912147.99576749,1032.0,1.0281105870523791e-09,1035.0,BID
896,1712455795.30367,2912216.85568133,1031.0,-3.6530532926933355e-09,1035.0,ASK
897,1712455800.6556118,2912216.85568133,1031.0,-0.0,1035.0,ASK
898,1712455804.1040304,2913118.86955389,1031.0,-4.793250115797523e-08,1035.0,ASK
899,1712455805.6689606,2913124.8337686,1030.0,-3.1693495764609635e-10,1035.0,ASK
900,1712455807.2138555,2914624.8337686,1031.0,7.970914187039983e-08,1035.0,BID
901,1712455807.2338836,2917311.18635415,1031.0,1.4275123957034328e-07,1035.0,BID
902,1712455807.3797455,2918440.64371849,1032.0,6.001871819382182e-08,1035.0,BID
903,1712455807.5542686,2922626.64371849,1032.0,2.224416452463292e-07,1035.0,BID
904,1712455811.5041146,2923756.10108283,1031.0,-6.001871819384657e-08,1035.0,ASK
905,1712455822.013624,2923764.10108283,1032.0,4.251154233087991e-10,1035.0,BID
1105,1712455822.013624,2923764.10108283,1032.0,4.2511542330879906e-10,1035.0,BID
906,1712455830.6252007,2923764.10108283,1032.0,0.0,1035.0,BID
907,1712455833.8138714,2923773.78616277,1032.0,5.143340756790273e-10,1035.0,BID
908,1712455845.723879,2924877.37143408,1032.0,5.8606796638580486e-08,1035.0,BID
909,1712455847.0117965,2925228.03469999,1032.0,1.8622258966370148e-08,1035.0,BID
910,1712455847.7838402,2926933.46105657,1032.0,9.056805872691284e-08,1035.0,BID
911,1712455851.163915,2926943.46105657,1032.0,5.31058162537894e-10,1035.0,BID
912,1712455860.9484725,2926943.46105657,1032.0,0.0,1035.0,BID
913,1712455867.4440014,2928889.60523254,1032.0,1.0333356960637493e-07,1035.0,BID
914,1712455873.7639682,2929868.58279802,1032.0,5.1980345369417016e-08,1035.0,BID
915,1712455885.5540738,2929886.77047988,1031.0,-9.65703421486787e-10,1035.0,ASK
916,1712455885.5613296,2931271.21455148,1031.0,-7.350922383102998e-08,1035.0,ASK
917,1712455885.5677931,2934181.01086573,1031.0,-1.5450018744322214e-07,1035.0,ASK
918,1712455886.2040262,2935539.01086573,1031.0,7.210513447983137e-08,1035.0,BID
919,1712455888.3703086,2935704.06228156,1031.0,8.763663132942911e-09,1035.0,BID
920,1712455890.6363645,2935984.80818463,1031.0,1.490664292746435e-08,1035.0,BID
921,1712455890.9640837,2935984.80818463,1031.0,0.0,1035.0,BID
922,1712455891.0602307,2936227.60432999,1031.0,1.2885261656590013e-08,1035.0,BID
923,1712455891.7843394,2937288.60432999,1031.0,5.6307576865958384e-08,1035.0,BID
924,1712455894.538567,2937609.94277152,1031.0,1.705352403056096e-08,1035.0,BID
925,1712455896.1888893,2938460.44277152,1031.0,4.5136280984446366e-08,1035.0,BID
926,1712455899.554036,2938479.04849411,1031.0,9.87411079054277e-10,1035.0,BID
927,1712455902.5539854,2938702.70645187,1031.0,1.1869592505431664e-08,1035.0,BID
928,1712455904.4136698,2941166.66670282,1030.0,-1.307630831527149e-07,1035.0,ASK
929,1712455904.5149949,2942016.28437485,1030.0,-4.508945558388239e-08,1035.0,ASK
930,1712455909.1936913,2957316.87764983,1030.0,-8.120069103918188e-07,1035.0,ASK
931,1712455910.433951,2958088.5626255,1030.0,-4.0953544848094184e-08,1035.0,ASK
1131,1712455910.433951,2958088.5626255,1030.0,-4.095354484809418e-08,1035.0,ASK
932,1712455910.441519,2959178.97470101,1030.0,-5.7868484219945824e-08,1035.0,ASK
933,1712455910.4479735,2959198.97470101,1030.0,-1.0614057844666986e-09,1035.0,ASK
934,1712455911.3937478,2959401.9523518,1030.0,1.0772082633298889e-08,1035.0,BID
935,1712455912.291018,2959734.99414082,1030.0,1.7674624066745426e-08,1035.0,BID
936,1712455917.443729,2959929.82444562,1030.0,1.033970062521006e-08,1035.0,BID
937,1712455920.648938,2959929.82444562,1030.0,0.0,1035.0,BID
938,1712455947.20404,2959958.95065921,1030.0,-1.543715799250021e-09,1035.0,ASK
939,1712455947.2139175,2959981.90811252,1030.0,-1.216765896332707e-09,1035.0,ASK
940,1712455950.6601024,2959981.90811252,1030.0,-0.0,1035.0,ASK
941,1712455980.9544935,2959981.90811252,1030.0,-0.0,1035.0,ASK
942,1712455986.348909,2959986.76733582,1030.0,-2.575425202162948e-10,1035.0,ASK
943,1712455996.4841895,2960012.11915236,1030.0,1.343665503833637e-09,1035.0,BID
944,1712455996.4927127,2960953.49500572,1030.0,4.989363418198191e-08,1035.0,BID
945,1712455999.1747854,2960982.64952467,1029.0,-1.545211615599369e-09,1035.0,ASK
946,1712455999.1825027,2963664.30799308,1029.0,-1.421299326367295e-07,1035.0,ASK
947,1712456000.743703,2963751.82151787,1030.0,4.6382831854633695e-09,1035.0,BID
948,1712456009.0041697,2964722.69530427,1029.0,-5.1457047004807535e-08,1035.0,ASK
949,1712456010.9195907,2964760.36277999,1030.0,1.996404780749221e-09,1035.0,BID
950,1712456010.9357965,2964760.36277999,1030.0,0.0,1035.0,BID
951,1712456011.8340435,2964765.3142363,1030.0,2.6236255111494227e-10,1035.0,BID
952,1712456026.4368334,2965889.31010523,1029.0,-5.9557109088500583e-08,1035.0,ASK
1152,1712456026.4368334,2965889.31010523,1029.0,-5.955710908850058e-08,1035.0,ASK
953,1712456038.5843084,2965908.72758095,1030.0,1.0288727491287967e-09,1035.0,BID
954,1712456040.6137226,2965908.72758095,1030.0,0.0,1035.0,BID
955,1712456070.6336691,2965908.72758095,1030.0,0.0,1035.0,BID
956,1712456084.3542914,2967280.50042819,1029.0,-7.268150371059915e-08,1035.0,ASK
957,1712456084.3623035,2967380.50042819,1029.0,-5.2983629073021374e-09,1035.0,ASK
958,1712456084.3701246,2974305.61333151,1029.0,-3.6691761335831323e-07,1035.0,ASK
959,1712456090.2178528,2978504.05620679,1029.0,-2.2244873998808258e-07,1035.0,ASK
960,1712456096.4537215,2980603.27764443,1029.0,-1.1122436999405365e-07,1035.0,ASK
961,1712456100.6797135,2980603.27764443,1029.0,-0.0,1035.0,ASK
962,1712456101.033701,2981652.88836325,1029.0,-5.575852206308444e-08,1035.0,ASK
963,1712456105.581627,2982177.69372266,1029.0,-2.787926103154222e-08,1035.0,ASK
964,1712456110.65391,2982440.09640237,1029.0,-1.3939630516018484e-08,1035.0,ASK
1165,1712456114.0040116,2982971.59118017,1029.0,-2.8234623335104842e-08,1035.0,ASK
965,1712456114.0040116,2982971.59118017,1029.0,-2.823462333510484e-08,1035.0,ASK
966,1712456114.0139077,2983008.9245135,1029.0,-1.9832605106413343e-09,1035.0,ASK
967,1712456122.0838456,2983057.51537841,1029.0,2.581294916827308e-09,1035.0,BID
968,1712456127.783986,2983543.89670136,1028.0,-2.5838059044661184e-08,1035.0,ASK
969,1712456127.792132,2984536.65934727,1028.0,-5.2738579077773766e-08,1035.0,ASK
970,1712456127.799355,2987154.13210989,1028.0,-1.390481348629109e-07,1035.0,ASK
971,1712456130.952542,2987154.13210989,1028.0,-0.0,1035.0,ASK
972,1712456134.1945198,2987202.81760161,1027.0,-2.585396530725271e-09,1035.0,ASK
973,1712456134.1983094,2987251.64432939,1027.0,-2.592896736791017e-09,1035.0,ASK
974,1712456135.6154664,2987271.08067535,1029.0,1.0321485855428158e-09,1035.0,BID
975,1712456150.8968885,2987371.08067535,1028.0,5.310404474515205e-09,1035.0,BID
976,1712456160.6456754,2987371.08067535,1028.0,0.0,1035.0,BID
977,1712456165.8741102,2987408.41317641,1028.0,1.982483335548442e-09,1035.0,BID
978,1712456171.093926,2987530.44555169,1028.0,6.480335994703679e-09,1035.0,BID
979,1712456181.0541768,2989005.30397228,1027.0,-7.832002030681849e-08,1035.0,ASK
980,1712456182.943689,2989143.64215872,1027.0,-7.346230268570431e-09,1035.0,ASK
981,1712456190.631097,2989143.64215872,1027.0,-0.0,1035.0,ASK
982,1712456190.89371,2989392.02691266,1027.0,-1.3188803845539102e-08,1035.0,ASK
983,1712456191.073961,2989557.37541585,1028.0,8.779721541431988e-09,1035.0,BID
984,1712456194.4753916,2989576.83066876,1028.0,1.0330405160780284e-09,1035.0,BID
985,1712456205.7337778,2990273.61285864,1027.0,-3.699793759331968e-08,1035.0,ASK
986,1712456209.06376,2990622.00395358,1027.0,-1.849896879664748e-08,1035.0,ASK
1186,1712456209.06376,2990622.00395358,1027.0,-1.8498968796647482e-08,1035.0,ASK
987,1712456216.49411,2995306.62467823,1028.0,2.487453148720949e-07,1035.0,BID
988,1712456220.8866785,2995306.62467823,1028.0,0.0,1035.0,BID
989,1712456227.4938316,2995397.83893607,1027.0,-4.841691990634124e-09,1035.0,ASK
990,1712456237.6137908,2995407.57603441,1027.0,-5.16849362817708e-10,1035.0,ASK
991,1712456250.943735,2995407.57603441,1027.0,-0.0,1035.0,ASK
992,1712456253.439431,2998566.07178567,1027.0,-1.6765338869260537e-07,1035.0,ASK
993,1712456253.4476607,2998595.63830718,1027.0,-1.5693950264235175e-09,1035.0,ASK
994,1712456253.451616,2999882.97791282,1027.0,-6.833216324501496e-08,1035.0,ASK
995,1712456253.636341,2999902.43316573,1028.0,1.0326874990848575e-09,1035.0,BID
996,1712456269.01383,3000694.01639357,1027.0,-4.2017346557048084e-08,1035.0,ASK
997,1712456269.0220735,3001405.38796852,1027.0,-3.775970099449442e-08,1035.0,ASK
998,1712456279.4538932,3001415.11559497,1028.0,5.163437492705378e-10,1035.0,BID
999,1712456280.606524,3001415.11559497,1028.0,0.0,1035.0,BID
1000,1712456310.5837245,3001415.11559497,1028.0,0.0,1035.0,BID
1201,1712456339.3439171,3001751.57283191,1027.0,-1.7853349555774534e-08,1035.0,ASK
1202,1712456340.8936226,3001751.57283191,1027.0,-0.0,1035.0,ASK
1203,1712456350.7437675,3001852.14609953,1027.0,-5.336597296137772e-09,1035.0,ASK
1204,1712456355.0822053,3002244.05773257,1027.0,-2.0795531563182243e-08,1035.0,ASK
1205,1712456367.323959,3002263.51298548,1028.0,1.032330484354797e-09,1035.0,BID
1206,1712456370.9598236,3002263.51298548,1028.0,0.0,1035.0,BID
1207,1712456373.9539366,3002411.94315209,1027.0,-7.875750147899469e-09,1035.0,ASK
1208,1712456400.6640017,3002411.94315209,1027.0,-0.0,1035.0,ASK
1209,1712456406.7136023,3002729.47311317,1028.0,1.68757561835488e-08,1035.0,BID
1210,1712456422.5539644,3003188.14890294,1027.0,-2.4377229692390364e-08,1035.0,ASK
1211,1712456422.5568235,3003336.0800446,1027.0,-7.862092352230004e-09,1035.0,ASK
1212,1712456430.509689,3003382.89086982,1027.0,-2.487853651587242e-09,1035.0,ASK
1213,1712456430.5112164,3013382.89086982,1027.0,-5.314697273340564e-07,1035.0,ASK
1214,1712456430.5148685,3025613.77514946,1027.0,-6.500344733154629e-07,1035.0,ASK
1215,1712456430.607027,3025613.77514946,1027.0,-0.0,1035.0,ASK
1216,1712456432.7937,3025990.14972557,1027.0,1.9977869003134723e-08,1035.0,BID
1217,1712456441.6039443,3026029.54247848,1027.0,2.090957538746288e-09,1035.0,BID
1218,1712456446.0940957,3026129.54247848,1027.0,-5.307975158582396e-09,1035.0,ASK
1219,1712456452.9937758,3026148.99773139,1028.0,1.032679991503923e-09,1035.0,BID
1220,1712456460.942661,3026148.99773139,1028.0,0.0,1035.0,BID
1221,1712456462.0138795,3026158.72535784,1028.0,5.163249303730788e-10,1035.0,BID
1222,1712456469.0550635,3026617.4202072,1027.0,-2.4346698280237465e-08,1035.0,ASK
1223,1712456478.0738714,3027117.12584567,1027.0,-2.6523477265380672e-08,1035.0,ASK
1224,1712456490.9336886,3027117.12584567,1027.0,-0.0,1035.0,ASK
1225,1712456499.6937203,3027306.94765436,1027.0,-1.0074868779459476e-08,1035.0,ASK
1226,1712456504.540184,3027366.30994262,1027.0,-3.150677305172109e-09,1035.0,ASK
1227,1712456507.7238162,3030537.40426135,1027.0,-1.6830710532654225e-07,1035.0,ASK
1228,1712456512.6255882,3040274.50260605,1027.0,-5.168004076688895e-07,1035.0,ASK
1229,1712456518.1556995,3040293.95785896,1028.0,1.032595366634984e-09,1035.0,BID
1230,1712456520.6159728,3040293.95785896,1028.0,0.0,1035.0,BID
1231,1712456536.704306,3040301.73996012,1028.0,4.1274169489586646e-10,1035.0,BID
1232,1712456538.9938798,3040309.52206128,1028.0,4.1274169489586646e-10,1035.0,BID
1233,1712456550.6361294,3040309.52206128,1028.0,0.0,1035.0,BID
1234,1712456564.5538082,3040317.30416244,1028.0,4.127413446448307e-10,1035.0,BID
1235,1712456566.5938046,3040325.0862636,1028.0,4.127413446448307e-10,1035.0,BID
1236,1712456574.5240247,3041299.52025283,1028.0,5.1681311604387424e-08,1035.0,BID
1237,1712456576.0565686,3041307.30235399,1028.0,4.127413446448307e-10,1035.0,BID
1238,1712456580.9338884,3041307.30235399,1028.0,0.0,1035.0,BID
1239,1712456586.074118,3041315.08445515,1028.0,4.1271889223242245e-10,1035.0,BID
1240,1712456586.5740628,3051273.62852941,1028.0,5.281451877676439e-07,1035.0,BID
1241,1712456588.0670238,3051281.41063057,1028.0,4.1271889220772636e-10,1035.0,BID
1242,1712456590.3932006,3051378.68689516,1028.0,5.158986157437007e-09,1035.0,BID
1243,1712456610.9336996,3051378.68689516,1028.0,0.0,1035.0,BID
1244,1712456613.7338395,3051531.24865932,1028.0,8.086578002284985e-09,1035.0,BID
1245,1712456640.625212,3051531.24865932,1028.0,0.0,1035.0,BID
1246,1712456663.344081,3051971.7850566,1028.0,2.3350558016945483e-08,1035.0,BID
1247,1712456663.347118,3054563.30158615,1028.0,1.373628999755871e-07,1035.0,BID
1248,1712456663.413154,3054729.51828196,1028.0,8.810288146125528e-09,1035.0,BID
1249,1712456663.4243824,3054943.63141413,1028.0,1.1349030740244632e-08,1035.0,BID
1250,1712456668.253235,3059358.60323853,1028.0,2.3401484273586485e-07,1035.0,BID
1251,1712456668.2566178,3061514.69569496,1028.0,1.14283319845207e-07,1035.0,BID
1252,1712456668.2879865,3062391.24489669,1028.0,4.646134375294597e-08,1035.0,BID
1253,1712456668.2907844,3066573.79800756,1028.0,2.216955277189453e-07,1035.0,BID
1254,1712456670.5937393,3066573.79800756,1028.0,0.0,1035.0,BID
1255,1712456679.9042575,3067267.60552651,1028.0,-3.6745033261468274e-08,1035.0,ASK
1256,1712456679.91397,3070223.85713017,1028.0,-1.5656729069484513e-07,1035.0,ASK
1257,1712456700.655897,3070223.85713017,1028.0,-0.0,1035.0,ASK
1258,1712456722.1940763,3075074.64185453,1028.0,-2.574964291077637e-07,1035.0,ASK
1259,1712456722.1972537,3075972.84904503,1028.0,-4.767994402865895e-08,1035.0,ASK
1260,1712456722.203935,3075992.30429794,1028.0,-1.032752108450352e-09,1035.0,ASK
1261,1712456722.253938,3076691.81467052,1028.0,3.713242976103238e-08,1035.0,BID
1262,1712456722.2751846,3078255.73853139,1028.0,8.301848720438406e-08,1035.0,BID
1263,1712456722.2784858,3080196.63621879,1028.0,1.0302956164167017e-07,1035.0,BID
1264,1712456723.3528686,3081109.15099944,1028.0,-4.8439440395160526e-08,1035.0,ASK
1265,1712456730.6474316,3081109.15099944,1028.0,-0.0,1035.0,ASK
1266,1712456736.3506184,3081162.15099944,1028.0,-2.811753090480456e-09,1035.0,ASK
1267,1712456753.8342326,3081169.92553782,1029.0,4.1245438334505406e-10,1035.0,BID
1268,1712456760.9495542,3081169.92553782,1029.0,0.0,1035.0,BID
1269,1712456767.2242026,3081225.32512842,1029.0,2.939046296614638e-09,1035.0,BID
1270,1712456767.2276003,3081315.69813257,1029.0,4.794447761897441e-09,1035.0,BID
1271,1712456770.4744043,3081995.02050549,1029.0,3.60392537692194e-08,1035.0,BID
1272,1712456770.477806,3082287.51543091,1029.0,1.5517373287914826e-08,1035.0,BID
1273,1712456771.7743378,3082296.75757509,1028.0,-4.903121003404335e-10,1035.0,ASK
1274,1712456790.9339385,3082296.75757509,1028.0,-0.0,1035.0,ASK
1275,1712456817.3741393,3083296.75757509,1029.0,5.3048506038935374e-08,1035.0,BID
1276,1712456817.383949,3086046.74134863,1029.0,1.45882530817599e-07,1035.0,BID
1277,1712456820.5975184,3086046.74134863,1029.0,0.0,1035.0,BID
1278,1712456823.3643448,3088561.08611799,1030.0,1.33354935921054e-07,1035.0,BID
1279,1712456823.5700486,3088567.08611799,1030.0,3.18225895381077e-10,1035.0,BID
1280,1712456832.30415,3088819.14237399,1030.0,1.3368471291997814e-08,1035.0,BID
1281,1712456835.2544694,3088943.71115755,1030.0,6.606835447501455e-09,1035.0,BID
1282,1712456848.104431,3089234.30084563,1030.0,1.541219394628887e-08,1035.0,BID
1283,1712456848.1077435,3089622.98317202,1030.0,2.0614796889039906e-08,1035.0,BID
1284,1712456850.6140456,3089622.98317202,1030.0,0.0,1035.0,BID
1285,1712456853.744161,3110761.97702328,1028.0,-1.1209435470153656e-06,1035.0,ASK
1286,1712456857.3843782,3113056.17514531,1031.0,1.2165510802258908e-07,1035.0,BID
1287,1712456857.38722,3113613.55220562,1030.0,2.9556194746308682e-08,1035.0,BID
1288,1712456865.254095,3114401.48994882,1028.0,-4.178220282878889e-08,1035.0,ASK
1289,1712456880.9795537,3114401.48994882,1028.0,-0.0,1035.0,ASK
1290,1712456910.9939203,3114401.48994882,1028.0,-0.0,1035.0,ASK
1291,1712456918.7041967,3114406.34528862,1030.0,2.5711810379309827e-10,1035.0,BID
1292,1712456937.314243,3114412.34528862,1030.0,3.1773442978309405e-10,1035.0,BID
1293,1712456940.6678302,3114412.34528862,1030.0,0.0,1035.0,BID
1294,1712456970.5985644,3114412.34528862,1030.0,0.0,1035.0,BID
1295,1712456992.0840914,3114553.93266726,1030.0,7.49785972998558e-09,1035.0,BID
1296,1712456994.7941122,3116918.31540673,1030.0,1.2520755945058252e-07,1035.0,BID
1297,1712456994.7978354,3117593.49688225,1030.0,3.5754712350452066e-08,1035.0,BID
1298,1712456994.803968,3117692.9301588,1030.0,5.265559453280753e-09,1035.0,BID
1299,1712457000.7140288,3117692.9301588,1030.0,0.0,1035.0,BID
1300,1712457028.4541438,3117896.60987234,1030.0,1.0821209168464552e-08,1035.0,BID
1301,1712457030.7368364,3117896.60987234,1030.0,0.0,1035.0,BID
1302,1712457047.4533205,3117906.3186102,1030.0,5.15805478836361e-10,1035.0,BID
1303,1712457060.974025,3117906.3186102,1030.0,0.0,1035.0,BID
1304,1712457076.3139703,3118001.09937515,1030.0,5.035506425367679e-09,1035.0,BID
1305,1712457087.1343474,3118195.27413243,1030.0,1.0316104100271085e-08,1035.0,BID
1306,1712457090.933905,3118195.27413243,1030.0,0.0,1035.0,BID
1307,1712457117.483322,3118370.15950527,1030.0,9.291152002835429e-09,1035.0,BID
1308,1712457120.623087,3118370.15950527,1030.0,0.0,1035.0,BID
1309,1712457134.1243875,3118390.15950527,1029.0,-1.0625317529468731e-09,1035.0,ASK
1310,1712457134.1270857,3119119.37367564,1029.0,-3.874066053586013e-08,1035.0,ASK
1311,1712457134.129745,3119725.05589137,1029.0,-3.217782932040272e-08,1035.0,ASK
1312,1712457138.524455,3120203.09858614,1028.0,-2.5396777122884854e-08,1035.0,ASK
1313,1712457149.648995,3123442.78909874,1028.0,-1.7211370196790574e-07,1035.0,ASK
1314,1712457150.6663969,3123442.78909874,1028.0,-0.0,1035.0,ASK
1315,1712457152.3350074,3123850.05161346,1028.0,-2.1630473679532732e-08,1035.0,ASK
1316,1712457152.3439348,3130850.05161346,1028.0,-3.717830890007767e-07,1035.0,ASK
1317,1712457152.3594868,3134797.27042752,1028.0,-2.0964417195046338e-07,1035.0,ASK
1318,1712457152.447446,3144397.27042752,1028.0,-5.098739506296367e-07,1035.0,ASK
1319,1712457152.504068,3145823.90595513,1028.0,-7.577128047614887e-08,1035.0,ASK
1320,1712457152.5241816,3146976.53018179,1028.0,-6.121802792068387e-08,1035.0,ASK
1321,1712457152.5277903,3148347.87448657,1028.0,-7.283466024496211e-08,1035.0,ASK
1322,1712457152.5437963,3152097.85825657,1028.0,-1.991686499590691e-07,1035.0,ASK
1323,1712457152.7439427,3152947.4759286,1028.0,-4.5124783225274086e-08,1035.0,ASK
1324,1712457152.9877274,3153641.28344755,1028.0,-3.684941465246707e-08,1035.0,ASK
1325,1712457154.4398544,3163245.96652365,1028.0,-5.101226775579893e-07,1035.0,ASK
1326,1712457154.442045,3163900.95128806,1028.0,-3.478746556581295e-08,1035.0,ASK
1327,1712457154.4441743,3164555.94643639,1028.0,-3.4788017075235394e-08,1035.0,ASK
1328,1712457157.153927,3166052.62523263,1027.0,-7.949140944401702e-08,1035.0,ASK
1329,1712457172.719793,3166606.27488427,1027.0,-2.9405368244422632e-08,1035.0,ASK
1330,1712457175.3242924,3167093.1298015,1027.0,-2.585777500328833e-08,1035.0,ASK
1331,1712457175.3282826,3167599.98471873,1027.0,-2.6920012400433412e-08,1035.0,ASK
1332,1712457175.3318849,3169460.25977113,1027.0,-9.880268648175634e-08,1035.0,ASK
1333,1712457175.9254687,3169480.25977113,1027.0,-1.0622373971450763e-09,1035.0,ASK
1334,1712457175.928506,3174144.88049578,1027.0,-2.477467288610652e-07,1035.0,ASK
1335,1712457180.913911,3174144.88049578,1027.0,-0.0,1035.0,ASK
1336,1712457181.9240942,3174700.24187927,1027.0,-2.9414867808080248e-08,1035.0,ASK
1337,1712457181.9339952,3175002.25006961,1027.0,-1.5995946531217152e-08,1035.0,ASK
1338,1712457181.9367886,3175696.84736948,1027.0,-3.6789536260408486e-08,1035.0,ASK
1339,1712457182.4375002,3175716.30262239,1028.0,1.0304527998063396e-09,1035.0,BID
1340,1712457182.44181,3175813.57888698,1028.0,5.152264001152791e-09,1035.0,BID
1341,1712457186.0244107,3176008.04629943,1028.0,1.0300019771356435e-08,1035.0,BID
1342,1712457193.624155,3176105.32256402,1027.0,5.152264001128127e-09,1035.0,BID
1343,1712457194.055153,3176125.32256402,1027.0,1.0593054786503912e-09,1035.0,BID
1344,1712457197.244316,3176144.5051054,1027.0,1.016008558922635e-09,1035.0,BID
1345,1712457201.4939024,3176184.43388174,1027.0,2.114838576643357e-09,1035.0,BID
1346,1712457210.9839282,3176184.43388174,1027.0,0.0,1035.0,BID
1347,1712457215.6939826,3176232.24453919,1027.0,-2.5320236187468752e-09,1035.0,ASK
1348,1712457221.824367,3176241.78504697,1027.0,-5.052595450892028e-10,1035.0,ASK
1349,1712457221.828045,3176270.32275875,1027.0,-1.511340025550878e-09,1035.0,ASK
1350,1712457221.831017,3177292.53659503,1027.0,-5.4135829016326055e-08,1035.0,ASK
1351,1712457233.764148,3177302.27369338,1027.0,5.156708632452272e-10,1035.0,BID
1352,1712457237.926396,3177324.87646693,1027.0,1.197029271926584e-09,1035.0,BID
1353,1712457237.930698,3181052.27369338,1027.0,1.9740071183278577e-07,1035.0,BID
1354,1712457237.9441977,3181516.56945641,1027.0,2.4588823931275488e-08,1035.0,BID
1355,1712457238.0440865,3182094.06945641,1028.0,-3.05840521301257e-08,1035.0,ASK
1356,1712457240.625979,3182094.06945641,1028.0,-0.0,1035.0,ASK
1357,1712457254.4841928,3182349.47928131,1028.0,1.3522003806080216e-08,1035.0,BID
1358,1712457268.404361,3182707.39434947,1027.0,-1.8948875266673483e-08,1035.0,ASK
1359,1712457270.6749415,3182707.39434947,1027.0,-0.0,1035.0,ASK
1360,1712457272.7742069,3182727.39434947,1028.0,1.0588122612204954e-09,1035.0,BID
1361,1712457273.8039782,3182747.39434947,1028.0,1.0588122612204954e-09,1035.0,BID
1362,1712457273.864466,3185025.4028011,1028.0,1.2059916398750713e-07,1035.0,BID
1363,1712457273.8681924,3185120.82264842,1028.0,5.05158521530139e-09,1035.0,BID
1364,1712457285.343951,3187555.0972346,1028.0,1.288719889512535e-07,1035.0,BID
1365,1712457290.3119464,3187564.80597247,1030.0,5.13986534873193e-10,1035.0,BID
1366,1712457297.713871,3187570.45001502,1028.0,-2.9879907274588905e-10,1035.0,ASK
1367,1712457300.9553845,3187570.45001502,1028.0,-0.0,1035.0,ASK
1368,1712457330.963751,3187570.45001502,1028.0,-0.0,1035.0,ASK
1369,1712457336.115954,3187590.45001502,1028.0,-1.0600311561190908e-09,1035.0,ASK
1370,1712457336.1239998,3188635.012659,1028.0,-5.53634473568542e-08,1035.0,ASK
1371,1712457343.7241218,3189484.63033103,1027.0,-4.503106015705236e-08,1035.0,ASK
1372,1712457343.733713,3200170.41069359,1027.0,-5.663630055879549e-07,1035.0,ASK
1373,1712457348.163903,3200180.41069359,1028.0,-5.300155780595454e-10,1035.0,ASK
1374,1712457360.6628432,3200180.41069359,1028.0,-0.0,1035.0,ASK
1375,1712457361.1817625,3200444.15443276,1028.0,1.3969239854313148e-08,1035.0,BID
1376,1712457364.9639616,3200539.68150438,1028.0,-5.059610439426946e-09,1035.0,ASK
1377,1712457366.6983483,3200549.39024224,1030.0,5.142252410439798e-10,1035.0,BID
1378,1712457379.6842842,3200646.66650684,1028.0,-5.152256795195029e-09,1035.0,ASK
1379,1712457380.2439682,3200656.37524471,1030.0,5.142252415865843e-10,1035.0,BID
1380,1712457390.5920043,3200656.37524471,1030.0,0.0,1035.0,BID
1381,1712457395.6242585,3200846.2484201,1028.0,-1.0056410043852116e-08,1035.0,ASK
1382,1712457395.628226,3202389.70134471,1028.0,-8.174717393002312e-08,1035.0,ASK
1383,1712457409.7299073,3202389.82816932,1028.0,-6.717116720361911e-12,1035.0,ASK
1384,1712457409.732878,3202435.70134471,1028.0,-2.429618932681396e-09,1035.0,ASK
1385,1712457412.578858,3203019.35893226,1028.0,-3.091273958815668e-08,1035.0,ASK
1386,1712457420.9538524,3203019.35893226,1028.0,-0.0,1035.0,ASK
1387,1712457427.3740196,3203128.47382587,1028.0,-5.7783989347565845e-09,1035.0,ASK
1388,1712457430.343879,3203542.65382587,1028.0,-2.19337360062615e-08,1035.0,ASK
1389,1712457450.9238436,3203542.65382587,1028.0,-0.0,1035.0,ASK
1390,1712457451.1638482,3204677.94224819,1028.0,-6.011977203508239e-08,1035.0,ASK
1391,1712457468.594504,3204687.66042117,1029.0,5.146307604912786e-10,1035.0,BID
1392,1712457480.6508198,3204687.66042117,1029.0,0.0,1035.0,BID
1393,1712457487.2437837,3204943.46784618,1028.0,-1.3545567112601938e-08,1035.0,ASK
1394,1712457487.27165,3205407.76360921,1028.0,-2.4585484248456687e-08,1035.0,ASK
1395,1712457487.303774,3205452.94302555,1028.0,-2.392349698667195e-09,1035.0,ASK
1396,1712457487.3139148,3207533.3905702,1028.0,-1.1016428408676265e-07,1035.0,ASK
1397,1712457494.0379586,3207543.3905702,1027.0,-5.295220462061045e-10,1035.0,ASK
1398,1712457494.0398586,3209246.90695713,1027.0,-9.020494829527505e-08,1035.0,ASK
1399,1712457494.0416582,3209286.90695713,1027.0,-2.118088184824418e-09,1035.0,ASK
1400,1712457504.154092,3210807.33772063,1028.0,8.051016090033765e-08,1035.0,BID
1401,1712457509.7538445,3211578.64508659,1028.0,4.084242546769672e-08,1035.0,BID
1402,1712457510.6655817,3211578.64508659,1028.0,0.0,1035.0,BID
1403,1712457511.064005,3211847.08138771,1027.0,-1.4208965341261566e-08,1035.0,ASK
1404,1712457511.0839818,3212142.76428556,1028.0,1.5651191847141093e-08,1035.0,BID
1405,1712457514.4539986,3212827.28374956,1028.0,3.623322664938573e-08,1035.0,BID
1406,1712457515.5339143,3212827.2837505,1028.0,4.9765418705583123e-17,1035.0,BID
1407,1712457516.7845438,3213314.01898116,1028.0,-2.5764041576991463e-08,1035.0,ASK
1408,1712457516.7889664,3222539.85026114,1027.0,-4.883449680792032e-07,1035.0,ASK
1409,1712457518.6041014,3223922.951644,1027.0,-7.32108121388193e-08,1035.0,ASK
1410,1712457518.608199,3224070.6597625,1027.0,-7.818538430278153e-09,1035.0,ASK
1411,1712457531.078147,3224090.11501541,1028.0,1.029812335928974e-09,1035.0,BID
1412,1712457540.9395356,3224090.11501541,1028.0,0.0,1035.0,BID
1413,1712457552.1338954,3225070.6597625,1028.0,5.1867260538058265e-08,1035.0,BID
1414,1712457552.1358426,3226309.38249289,1028.0,6.55239394043397e-08,1035.0,BID
1415,1712457552.2539475,3227993.61567684,1028.0,-8.908982646433818e-08,1035.0,ASK
1416,1712457552.2560391,3229116.22161191,1028.0,-5.9381782104956883e-08,1035.0,ASK
1417,1712457559.484362,3229858.6372564,1029.0,3.9271094740532495e-08,1035.0,BID
1418,1712457559.4889543,3242813.38187872,1029.0,6.852590017171614e-07,1035.0,BID
1419,1712457559.5440345,3246563.38187872,1029.0,-1.9836139818703499e-07,1035.0,ASK
1420,1712457559.5485735,3246717.94576975,1029.0,-8.175869209046078e-09,1035.0,ASK
1421,1712457559.5680938,3247769.54576974,1029.0,-5.562582568839262e-08,1035.0,ASK
1422,1712457559.570263,3258398.13139492,1029.0,-5.622136280963559e-07,1035.0,ASK
1423,1712457559.5723295,3259651.03139492,1029.0,-6.62738655436047e-08,1035.0,ASK
1424,1712457563.093964,3259896.43139492,1029.0,-1.2980769897379272e-08,1035.0,ASK
1425,1712457570.9336853,3259896.43139492,1029.0,-0.0,1035.0,ASK
1426,1712457583.833922,3264073.75372594,1029.0,-2.2053544539873722e-07,1035.0,ASK
1427,1712457586.223992,3264700.47758905,1029.0,-3.3086943103868926e-08,1035.0,ASK
1428,1712457590.4438891,3268821.855413,1029.0,-2.175819393471331e-07,1035.0,ASK
1429,1712457600.7240489,3268821.855413,1029.0,-0.0,1035.0,ASK
1430,1712457606.1245177,3279061.90967992,1029.0,-5.428803074750043e-07,1035.0,ASK
1431,1712457609.398992,3279114.27106258,1030.0,2.7759582886294887e-09,1035.0,BID
1432,1712457609.4010203,3280116.46507192,1030.0,5.313169029754637e-08,1035.0,BID
1433,1712457626.784089,3280116.46507282,1030.0,4.77203717830345e-17,1035.0,BID
1434,1712457626.787452,3300000.87249738,1031.0,1.0541792978066242e-06,1035.0,BID
1435,1712457626.790516,3341341.17478065,1031.0,2.191671589783681e-06,1035.0,BID
1436,1712457630.3038137,3341488.90678065,1030.0,-7.83206724234835e-09,1035.0,ASK
1437,1712457630.584237,3341488.90678065,1030.0,-0.0,1035.0,ASK
1438,1712457631.7239385,3341764.68558065,1030.0,-1.4562691464898278e-08,1035.0,ASK
1439,1712457635.153957,3341764.70536317,1030.0,-1.0446297311173785e-12,1035.0,ASK
1440,1712457641.8847227,3341805.53523517,1030.0,2.156049806902509e-09,1035.0,BID
1441,1712457642.485834,3341805.53523566,1030.0,2.589281548068177e-17,1035.0,BID
1442,1712457660.9243104,3341805.53523566,1030.0,0.0,1035.0,BID
1443,1712457667.884688,3341902.6226143,1031.0,5.126678309490021e-09,1035.0,BID
1444,1712457686.474232,3342033.97270847,1030.0,-6.935913691018631e-09,1035.0,ASK
1445,1712457688.243921,3343206.29344224,1030.0,-6.190414615977411e-08,1035.0,ASK
1446,1712457690.9368196,3343206.29344224,1030.0,-0.0,1035.0,ASK
1447,1712457693.836167,3343880.51342955,1030.0,-3.5599330199651065e-08,1035.0,ASK
1448,1712457720.696898,3343880.51342955,1030.0,-0.0,1035.0,ASK
1449,1712457749.9890652,3344195.83043245,1030.0,-1.6648368094814065e-08,1035.0,ASK
1450,1712457750.6073031,3344195.83043245,1030.0,-0.0,1035.0,ASK
1451,1712457755.4553936,3344695.83043245,1030.0,-2.6398961146074122e-08,1035.0,ASK
1452,1712457757.6628766,3345163.50810236,1030.0,-2.469240927369425e-08,1035.0,ASK
1453,1712457767.1543849,3345726.61489848,1030.0,-2.9730868863715232e-08,1035.0,ASK
1454,1712457767.6039877,3346210.86889551,1030.0,-2.556760490486281e-08,1035.0,ASK
1455,1712457780.9146504,3346210.86889551,1030.0,-0.0,1035.0,ASK
1456,1712457784.4437814,3346410.21166255,1030.0,-1.0523730717054686e-08,1035.0,ASK
1457,1712457800.8856535,3346809.57278047,1030.0,-2.1083126948931872e-08,1035.0,ASK
1458,1712457807.774212,3347209.76657891,1030.0,-2.1127085933235016e-08,1035.0,ASK
1459,1712457810.124061,3352064.13551095,1030.0,-2.562725109149824e-07,1035.0,ASK
1460,1712457810.9802873,3352064.13551095,1030.0,-0.0,1035.0,ASK
1461,1712457816.3744116,3354114.27655703,1030.0,-1.08196890939612e-07,1035.0,ASK
1462,1712457840.6044967,3354114.27655703,1030.0,-0.0,1035.0,ASK
1463,1712457870.6160672,3354114.27655703,1030.0,-0.0,1035.0,ASK
1464,1712457876.7938292,3355416.93302992,1030.0,-6.874047774620453e-08,1035.0,ASK
