,time,acc_trade_volume,trade_price,dev,high,ask_bid
0,1712451675.1200595,576787.77677757,1260.0,0.0,1275.0,ASK
1,1712451688.6795278,577630.03263376,1260.0,1.251185139828949e-07,1275.0,BID
2,1712451690.9598503,577630.03263376,1260.0,0.0,1275.0,BID
3,1712451691.5696125,577637.97544551,1259.0,-1.1797319658038587e-09,1275.0,ASK
4,1712451691.570927,577986.80406233,1259.0,-5.1810905609108367e-08,1275.0,ASK
5,1712451692.0293298,578145.53422106,1260.0,2.3575913427763835e-08,1275.0,BID
6,1712451695.709684,579290.54742874,1260.0,1.7006681322505633e-07,1275.0,BID
7,1712451720.4224443,579449.27758748,1260.0,2.3575913429268152e-08,1275.0,BID
8,1712451720.6294298,579449.27758748,1260.0,0.0,1275.0,BID
9,1712451730.299878,579608.00774622,1260.0,2.3567890667109955e-08,1275.0,BID
10,1712451736.8296068,579615.94425416,1259.0,-1.178394533810095e-09,1275.0,ASK
11,1712451750.9434044,579615.94425416,1259.0,-0.0,1275.0,ASK
12,1712451780.4798584,580407.65810675,1259.0,-1.1754819570108212e-07,1275.0,ASK
13,1712451780.4811008,581649.03319857,1259.0,-1.843107857142492e-07,1275.0,ASK
14,1712451780.9785843,581649.03319857,1259.0,-0.0,1275.0,ASK
15,1712451789.489709,581651.8101535,1260.0,4.1214642451244157e-10,1275.0,BID
16,1712451789.4991462,581807.61689549,1260.0,2.3124318992035523e-08,1275.0,BID
17,1712451803.8200476,582287.67181576,1260.0,-7.124815632644197e-08,1275.0,ASK
18,1712451804.3632083,582366.99723241,1260.0,1.1773214787515558e-08,1275.0,BID
19,1712451810.9594142,582366.99723241,1260.0,0.0,1275.0,BID
20,1712451811.779689,582820.59935991,1260.0,6.731308306259262e-08,1275.0,BID
21,1712451811.7811356,582843.23252652,1260.0,3.3586884444021822e-09,1275.0,BID
22,1712451817.4393904,582943.23252652,1260.0,1.4839675341380185e-08,1275.0,BID
23,1712451825.2594085,582957.51189477,1260.0,2.119011889090075e-09,1275.0,BID
24,1712451840.5991516,582957.51189477,1260.0,0.0,1275.0,BID
25,1712451847.9993906,583497.69078378,1259.0,-8.015194346477229e-08,1275.0,ASK
26,1712451870.6097991,583497.69078378,1259.0,-0.0,1275.0,ASK
27,1712451876.8844824,588415.46293938,1259.0,-7.296272248246261e-07,1275.0,ASK
28,1712451892.9908257,590394.65158115,1259.0,-2.936431112317174e-07,1275.0,ASK
29,1712451892.992409,590474.07969871,1259.0,-1.1784384301405024e-08,1275.0,ASK
30,1712451892.9999063,591798.46310764,1259.0,-1.964926720244731e-07,1275.0,ASK
31,1712451893.001126,593981.63236789,1258.0,-3.239067769466935e-07,1275.0,ASK
32,1712451893.0023491,593989.57517964,1259.0,-1.178438429249267e-09,1275.0,ASK
33,1712451893.0035243,593997.52430523,1258.0,-1.1793751846424275e-09,1275.0,ASK
34,1712451893.004676,594394.66489299,1259.0,-5.8921921501100855e-08,1275.0,ASK
35,1712451893.0058348,594792.12117279,1258.0,-5.8968759276355e-08,1275.0,ASK
36,1712451893.0069983,595792.12117279,1258.0,-1.4836539834277952e-07,1275.0,ASK
37,1712451901.075851,595792.12117279,1258.0,-0.0,1275.0,ASK
38,1712451925.3395538,595892.12117279,1259.0,-1.5147417769963425e-08,1275.0,ASK
39,1712451930.9492536,595892.12117279,1259.0,-0.0,1275.0,ASK
40,1712451960.5972097,595892.12117279,1259.0,-0.0,1275.0,ASK
41,1712451969.5994222,597783.94932209,1259.0,-2.865576484382529e-07,1275.0,ASK
42,1712451988.7505383,598578.23049763,1259.0,-1.2031079352831662e-07,1275.0,ASK
43,1712451990.6195884,598578.23049763,1259.0,-0.0,1275.0,ASK
44,1712451999.1608157,598586.17330938,1259.0,-1.2024919611214368e-09,1275.0,ASK
45,1712451999.1624095,599302.17330938,1259.0,-1.0839791641339357e-07,1275.0,ASK
46,1712451999.1640074,599381.60142693,1259.0,-1.2024919618810548e-08,1275.0,ASK
47,1712451999.1712046,599889.22471786,1258.0,-7.685098751356949e-08,1275.0,ASK
48,1712451999.1719322,605037.98830604,1259.0,-7.794905657316404e-07,1275.0,ASK
49,1712451999.1726642,605267.1621588,1258.0,-3.46954862229413e-08,1275.0,ASK
50,1712451999.17339,605409.83435895,1259.0,-2.159967769046329e-08,1275.0,ASK
51,1712451999.1741164,605954.88873105,1258.0,-8.251781880955666e-08,1275.0,ASK
52,1712452016.2293603,606000.1274302,1259.0,6.848855766922587e-09,1275.0,BID
53,1712452020.9700396,606000.1274302,1259.0,0.0,1275.0,BID
54,1712452023.1222594,606125.46538454,1260.0,1.8948579518304018e-08,1275.0,BID
55,1712452049.4182055,606345.1696706,1259.0,-3.3214872197649165e-08,1275.0,ASK
56,1712452049.4195416,606349.53821706,1259.0,-6.604364209839958e-10,1275.0,ASK
57,1712452049.4238284,606477.36727315,1259.0,1.932518403403484e-08,1275.0,BID
58,1712452050.9651182,606477.36727315,1259.0,0.0,1275.0,BID
59,1712452052.7692993,607271.0180668,1260.0,1.1997314823089212e-07,1275.0,BID
60,1712452070.5492327,607827.01488968,1259.0,-8.40479084516707e-08,1275.0,ASK
61,1712452071.5093842,608223.84028651,1259.0,-5.998657411620278e-08,1275.0,ASK
62,1712452071.5107126,608269.697131,1259.0,-6.932003401777762e-09,1275.0,ASK
63,1712452072.2698698,608369.20512152,1259.0,1.5042241489999005e-08,1275.0,BID
64,1712452072.3098774,608467.44996269,1259.0,1.4851296044707638e-08,1275.0,BID
65,1712452072.3193562,608566.92654344,1259.0,1.50374933954663e-08,1275.0,BID
66,1712452072.6299124,608809.37807853,1259.0,3.665046918731859e-08,1275.0,BID
67,1712452073.065245,608833.68260233,1260.0,3.674021698047728e-09,1275.0,BID
68,1712452080.5799122,608833.68260233,1260.0,0.0,1275.0,BID
69,1712452083.5794818,609071.96695499,1259.0,-3.6004381587138194e-08,1275.0,ASK
70,1712452083.5813165,609468.79235181,1259.0,-5.99596778012374e-08,1275.0,ASK
71,1712452089.0494106,609525.75835181,1259.0,8.607470774295662e-09,1275.0,BID
72,1712452093.029713,609805.11283167,1259.0,4.221001160450629e-08,1275.0,BID
73,1712452093.0315402,609843.47082202,1259.0,5.7958305111502706e-09,1275.0,BID
74,1712452096.859347,609946.07938183,1259.0,1.5503987988566723e-08,1275.0,BID
75,1712452102.9136956,610303.04921859,1259.0,-5.393756692091201e-08,1275.0,ASK
76,1712452102.9156437,610512.83569239,1259.0,-3.169839802821416e-08,1275.0,ASK
77,1712452110.6595476,610512.83569239,1259.0,-0.0,1275.0,ASK
78,1712452123.7797942,613164.12618092,1259.0,-4.004777944319344e-07,1275.0,ASK
79,1712452130.8796022,613974.49084048,1259.0,-1.2240569373673858e-07,1275.0,ASK
80,1712452131.9694743,614155.75001784,1259.0,-2.737922377186187e-08,1275.0,ASK
81,1712452140.949505,614155.75001784,1259.0,-0.0,1275.0,ASK
82,1712452159.0301714,616770.47753311,1259.0,-3.9468152450743706e-07,1275.0,ASK
83,1712452159.032053,617653.64750927,1259.0,-1.333105918511168e-07,1275.0,ASK
84,1712452159.0340383,619142.64752522,1258.0,-2.247579500558543e-07,1275.0,ASK
85,1712452159.0359435,619225.55817696,1258.0,-1.2514995247328292e-08,1275.0,ASK
86,1712452170.9793746,619225.55817696,1258.0,-0.0,1275.0,ASK
87,1712452175.6304686,620225.55817696,1259.0,-1.508003103155574e-07,1275.0,ASK
88,1712452175.6322978,626596.78384745,1258.0,-9.607828082003469e-07,1275.0,ASK
89,1712452175.6393397,640338.50349585,1258.0,-2.072255587248108e-06,1275.0,ASK
90,1712452197.929698,640362.31301965,1260.0,3.59048357751149e-09,1275.0,BID
91,1712452198.3899314,640593.43782704,1258.0,-3.485369267602317e-08,1275.0,ASK
92,1712452199.28966,640671.86919958,1258.0,-1.1827475317517884e-08,1275.0,ASK
93,1712452200.68999,640671.86919958,1258.0,-0.0,1275.0,ASK
94,1712452230.63047,640671.86919958,1258.0,-0.0,1275.0,ASK
95,1712452246.389489,641312.99855541,1258.0,-9.919613589968017e-08,1275.0,ASK
96,1712452246.4008143,641735.38479531,1258.0,-6.535199562191513e-08,1275.0,ASK
97,1712452246.4022148,641745.38479531,1257.0,-1.547209389145441e-09,1275.0,ASK
98,1712452246.4036915,644898.25589552,1258.0,-4.878151769010234e-07,1275.0,ASK
99,1712452246.4051058,644930.07769344,1257.0,-4.923498452137742e-09,1275.0,ASK
100,1712452246.4065094,644938.02681903,1258.0,-1.2298961748399514e-09,1275.0,ASK
101,1712452246.407956,649878.84515397,1257.0,-7.644480517880942e-07,1275.0,ASK
102,1712452246.409371,649898.84515397,1258.0,-3.094418778290882e-09,1275.0,ASK
103,1712452246.411019,651567.77793038,1257.0,-2.5821884615141464e-07,1275.0,ASK
104,1712452246.4992511,651739.56268591,1257.0,2.6578698666817647e-08,1275.0,BID
105,1712452246.659188,651796.60568591,1257.0,8.825746518494127e-09,1275.0,BID
106,1712452246.8191955,652097.0209055,1257.0,4.648052483919425e-08,1275.0,BID
107,1712452246.9041643,652435.81665327,1257.0,5.2418796195228934e-08,1275.0,BID
108,1712452251.019872,652481.96267237,1256.0,-7.1397554023171955e-09,1275.0,ASK
109,1712452251.0218294,652681.00725835,1256.0,-3.079636522868374e-08,1275.0,ASK
110,1712452251.0237665,652760.62509274,1256.0,-1.2318546091167296e-08,1275.0,ASK
111,1712452251.0256553,653559.73845259,1256.0,-1.236395693351325e-07,1275.0,ASK
112,1712452254.0094123,653798.40193707,1257.0,3.692623840336221e-08,1275.0,BID
113,1712452260.973123,653798.40193707,1257.0,0.0,1275.0,BID
114,1712452263.129411,654037.06542155,1257.0,3.683219159080344e-08,1275.0,BID
115,1712452290.96919,654037.06542155,1257.0,0.0,1275.0,BID
116,1712452303.8796155,654469.57297922,1257.0,6.674445301062691e-08,1275.0,BID
117,1712452304.6596425,654553.84026748,1256.0,-1.3004105851710605e-08,1275.0,ASK
118,1712452316.789492,654557.81799222,1257.0,6.138414399777157e-10,1275.0,BID
119,1712452320.609261,654557.81799222,1257.0,0.0,1275.0,BID
120,1712452337.2694263,656148.3099777,1257.0,2.454195186001852e-07,1275.0,BID
121,1712452337.2712193,656446.45275839,1257.0,4.600466923382671e-08,1275.0,BID
122,1712452339.9193945,658069.04825369,1257.0,-2.5037322348983257e-07,1275.0,ASK
123,1712452350.6796908,658069.04825369,1257.0,-0.0,1275.0,ASK
124,1712452362.3394663,658863.9608133,1258.0,-1.2257483090072426e-07,1275.0,ASK
125,1712452367.0992785,659171.55502891,1258.0,4.74307626777764e-08,1275.0,BID
126,1712452372.739383,659515.09760206,1257.0,-5.29739683968631e-08,1275.0,ASK
127,1712452373.0793986,659525.09760206,1258.0,1.541991372747532e-09,1275.0,BID
128,1712452379.8692665,659533.04672765,1258.0,1.225748308072167e-09,1275.0,BID
129,1712452380.964063,659533.04672765,1258.0,0.0,1275.0,BID
130,1712452381.219583,659628.93843531,1258.0,1.478222137144866e-08,1275.0,BID
131,1712452381.2219565,659928.57074624,1258.0,4.618992880914656e-08,1275.0,BID
132,1712452385.4595726,659936.51987183,1258.0,1.225400371405753e-09,1275.0,BID
133,1712452404.240846,659944.46899742,1258.0,1.225400371405753e-09,1275.0,BID
134,1712452408.7697575,660997.98729353,1258.0,1.624054994116814e-07,1275.0,BID
135,1712452408.7791972,661603.53691973,1258.0,9.334872476794724e-08,1275.0,BID
136,1712452410.959266,661603.53691973,1258.0,0.0,1275.0,BID
137,1712452413.1299365,661999.49252946,1257.0,-6.101418355799159e-08,1275.0,ASK
138,1712452423.8992972,662464.28095037,1257.0,-7.162087196686488e-08,1275.0,ASK
139,1712452431.249334,662543.77220633,1258.0,1.2249085410619378e-08,1275.0,BID
140,1712452439.2893984,662551.72133192,1258.0,1.224908540143469e-09,1275.0,BID
141,1712452440.6583924,662551.72133192,1258.0,0.0,1275.0,BID
142,1712452463.3214352,663680.8983968,1258.0,1.739668868603017e-07,1275.0,BID
143,1712452466.279323,663760.38965276,1258.0,1.2246836003031254e-08,1275.0,BID
144,1712452470.649648,663760.38965276,1258.0,0.0,1275.0,BID
145,1712452472.750003,664316.80691608,1257.0,-8.570445838646916e-08,1275.0,ASK
146,1712452472.752782,667556.56112828,1257.0,-4.990164726471265e-07,1275.0,ASK
147,1712452472.755415,667872.035054,1257.0,-4.859216944053754e-08,1275.0,ASK
148,1712452472.849554,667907.05016935,1257.0,-5.393347213038468e-09,1275.0,ASK
149,1712452472.8524363,668283.19932846,1257.0,-5.793792191439284e-08,1275.0,ASK
150,1712452500.6108372,668283.19932846,1257.0,-0.0,1275.0,ASK
151,1712452506.5648153,668306.79821469,1257.0,3.6655887024538635e-09,1275.0,BID
152,1712452511.8987944,671404.30928632,1256.0,-4.811329432785215e-07,1275.0,ASK
153,1712452511.9014935,672251.90002516,1256.0,-1.316553250152308e-07,1275.0,ASK
154,1712452511.9041684,672291.70894235,1256.0,-6.183474749051124e-09,1275.0,ASK
155,1712452519.9685545,672446.49332208,1256.0,-2.4042485231165026e-08,1275.0,ASK
156,1712452528.008571,672525.98457804,1258.0,1.2347288213176864e-08,1275.0,BID
157,1712452530.1902218,672639.89850509,1256.0,-1.769412335729756e-08,1275.0,ASK
158,1712452530.1988108,672668.44360942,1256.0,-4.433879248486108e-09,1275.0,ASK
159,1712452530.2001095,672711.5359661,1256.0,-6.693487746399818e-09,1275.0,ASK
160,1712452530.58838,672711.5359661,1256.0,-0.0,1275.0,ASK
161,1712452560.9413507,672711.5359661,1256.0,-0.0,1275.0,ASK
162,1712452590.9621267,672711.5359661,1256.0,-0.0,1275.0,ASK
163,1712452613.9385834,672870.64495575,1257.0,2.4692888250488787e-08,1275.0,BID
164,1712452614.0384624,673251.022952,1257.0,5.9032688065041175e-08,1275.0,BID
165,1712452620.6155047,673251.022952,1257.0,0.0,1275.0,BID
166,1712452648.1485372,673254.99751479,1258.0,6.167665774687289e-10,1275.0,BID
167,1712452650.6312697,673254.99751479,1258.0,0.0,1275.0,BID
168,1712452662.3287218,673330.57744683,1258.0,1.172836920790718e-08,1275.0,BID
169,1712452680.9786708,673330.57744683,1258.0,0.0,1275.0,BID
170,1712452688.9185345,673730.57744682,1258.0,6.207042451546268e-08,1275.0,BID
171,1712452690.9285336,673730.57744683,1258.0,1.5535789159078273e-18,1275.0,BID
172,1712452710.9686716,673730.57744683,1258.0,0.0,1275.0,BID
173,1712452716.9185855,674446.57744683,1259.0,1.110973848912607e-07,1275.0,BID
174,1712452740.5999017,674446.57744683,1259.0,0.0,1275.0,BID
175,1712452743.178949,674522.15737887,1259.0,-1.1725640362617468e-08,1275.0,ASK
176,1712452752.857756,674641.20499792,1260.0,1.8469314926990332e-08,1275.0,BID
177,1712452752.8594663,675214.45599645,1260.0,8.89354470803407e-08,1275.0,BID
178,1712452752.8690443,675740.33953792,1260.0,8.158675343391922e-08,1275.0,BID
179,1712452764.0889976,676185.95264686,1260.0,6.913341829332556e-08,1275.0,BID
180,1712452764.1089242,676740.33953792,1260.0,8.600882709026509e-08,1275.0,BID
181,1712452770.6141896,676740.33953792,1260.0,0.0,1275.0,BID
182,1712452775.4985006,676841.00613241,1261.0,1.5610642143207832e-08,1275.0,BID
183,1712452775.6228547,677582.528277,1261.0,1.1498985238445045e-07,1275.0,BID
184,1712452798.6088817,677582.52827701,1261.0,1.5525442445728588e-18,1275.0,BID
185,1712452800.6510332,677582.52827701,1261.0,0.0,1275.0,BID
186,1712452826.754619,677592.52827701,1262.0,1.5642583092001075e-09,1275.0,BID
187,1712452830.5789506,677592.52827701,1262.0,0.0,1275.0,BID
188,1712452840.120438,677648.01627701,1261.0,-8.679739371470157e-09,1275.0,ASK
189,1712452842.348395,678044.21279048,1262.0,6.197524648219922e-08,1275.0,BID
190,1712452852.7784302,678287.18892146,1263.0,3.8007668151559015e-08,1275.0,BID
191,1712452852.7798364,678311.97618077,1263.0,3.877359979526363e-09,1275.0,BID
192,1712452852.8984165,679267.11202969,1263.0,-1.494076238641056e-07,1275.0,ASK
193,1712452859.5987945,683223.11202969,1264.0,6.188193655119746e-07,1275.0,BID
194,1712452859.60152,691134.20063728,1264.0,1.2374961659903676e-06,1275.0,BID
195,1712452861.0028398,691134.20063728,1264.0,0.0,1275.0,BID
196,1712452864.988466,691170.92304591,1263.0,-5.728984630309551e-09,1275.0,ASK
197,1712452865.4122384,691186.72083421,1266.0,2.4645792512164352e-09,1275.0,BID
198,1712452873.7983215,691195.2955358,1265.0,1.3377209026130895e-09,1275.0,BID
199,1712452885.7299323,691203.60249782,1264.0,-1.2959514234670223e-09,1275.0,ASK
200,1712452885.7326906,691212.3845358,1264.0,-1.3700670104938563e-09,1275.0,ASK
201,1712452890.9696894,691212.3845358,1264.0,-0.0,1275.0,ASK
202,1712452895.280367,691498.3845358,1265.0,4.4617561964737094e-08,1275.0,BID
203,1712452899.836012,691562.3845358,1265.0,-9.984349530570538e-09,1275.0,ASK
204,1712452909.3204896,692479.72109706,1265.0,-1.43109513512374e-07,1275.0,ASK
205,1712452920.5994642,692479.72109706,1265.0,-0.0,1275.0,ASK
206,1712452923.1485782,692562.88922347,1265.0,1.2971437714809932e-08,1275.0,BID
207,1712452923.3382435,692604.64122347,1265.0,-6.511911363719429e-09,1275.0,ASK
208,1712452926.8885942,692622.24222347,1265.0,-2.745165546873016e-09,1275.0,ASK
209,1712452943.6128647,692654.23822347,1265.0,-4.990302644039872e-09,1275.0,ASK
210,1712452946.721798,692755.46022347,1266.0,-1.5787236349358713e-08,1275.0,ASK
211,1712452947.0072136,692771.24554312,1267.0,2.4619803221065953e-09,1275.0,BID
212,1712452950.5988128,692771.24554312,1267.0,0.0,1275.0,BID
213,1712452952.3783202,692775.19187303,1267.0,6.154596679705302e-10,1275.0,BID
214,1712452953.9890904,693169.63835222,1267.0,6.151687888398914e-08,1275.0,BID
215,1712452953.9919868,695323.18187303,1267.0,3.35861220546706e-07,1275.0,BID
216,1712452953.9983337,696460.19187303,1267.0,1.773252143194047e-07,1275.0,BID
217,1712452954.0005603,697775.19187303,1267.0,2.0508408618219306e-07,1275.0,BID
218,1712452967.1889982,697849.11087303,1267.0,-1.152822096311816e-08,1275.0,ASK
219,1712452967.290125,698017.07534195,1268.0,2.6195315300030368e-08,1275.0,BID
220,1712452973.1088035,698137.54734195,1268.0,-1.8788509528920945e-08,1275.0,ASK
221,1712452977.0686576,698194.46934195,1268.0,-8.87741167579239e-09,1275.0,ASK
222,1712452979.5184617,698213.65334195,1268.0,-2.991888296061528e-09,1275.0,ASK
223,1712452980.9520352,698213.65334195,1268.0,-0.0,1275.0,ASK
224,1712452981.2949774,698289.54600071,1268.0,-1.1823312234141924e-08,1275.0,ASK
225,1712452981.6284158,698327.74309773,1268.0,-5.950723190942597e-09,1275.0,ASK
226,1712452995.3685594,698362.54609773,1269.0,-5.421957043133871e-09,1275.0,ASK
227,1712452997.7385674,698382.01609773,1269.0,-3.033229998260053e-09,1275.0,ASK
228,1712452997.918578,699267.24093101,1269.0,-1.3790911759185394e-07,1275.0,ASK
229,1712453002.1389227,699302.86793101,1269.0,-5.5503279480277876e-09,1275.0,ASK
230,1712453010.9517512,699302.86793101,1269.0,-0.0,1275.0,ASK
231,1712453021.4591143,699342.23800975,1270.0,6.132141579466531e-09,1275.0,BID
232,1712453024.48562,700432.04499589,1270.0,1.6974440862629421e-07,1275.0,BID
233,1712453025.058396,700505.11499589,1270.0,-1.1381119864395507e-08,1275.0,ASK
234,1712453032.888594,700977.18423271,1271.0,7.35278030456687e-08,1275.0,BID
235,1712453034.421025,701117.95783321,1271.0,2.1926388682546903e-08,1275.0,BID
236,1712453034.783996,701291.35704894,1271.0,-2.7008036931941384e-08,1275.0,ASK
237,1712453034.7855868,701464.73931811,1271.0,-2.700539739682844e-08,1275.0,ASK
238,1712453035.018474,701491.00731811,1271.0,-4.09140901323774e-09,1275.0,ASK
239,1712453035.8785615,704672.5581721,1271.0,-4.955468950862964e-07,1275.0,ASK
240,1712453035.9212554,704748.80196436,1271.0,-1.1875458308861178e-08,1275.0,ASK
241,1712453035.9281795,709855.09505675,1270.0,-7.953378095971734e-07,1275.0,ASK
242,1712453040.578695,709855.09505675,1270.0,-0.0,1275.0,ASK
243,1712453044.0789392,712672.5581721,1270.0,4.379235151667606e-07,1275.0,BID
244,1712453044.0819294,713067.00465129,1270.0,6.130954750425901e-08,1275.0,BID
245,1712453053.5585396,713130.48065129,1270.0,-9.866192354849263e-09,1275.0,ASK
246,1712453057.79846,714028.97161037,1271.0,1.396541154353184e-07,1275.0,BID
247,1712453058.318319,714072.46961037,1270.0,-6.7609747786766805e-09,1275.0,ASK
248,1712453060.6083066,714094.22161037,1270.0,-3.380953684894889e-09,1275.0,ASK
249,1712453067.518439,715013.48586635,1270.0,-1.4288294748303149e-07,1275.0,ASK
250,1712453070.6036222,715013.48586635,1270.0,-0.0,1275.0,ASK
251,1712453083.0637102,715093.47986635,1270.0,-1.242096622919411e-08,1275.0,ASK
252,1712453085.2684658,715185.23386635,1270.0,-1.4246985216330392e-08,1275.0,ASK
253,1712453086.5786316,722937.06392103,1270.0,-1.2036555157098658e-06,1275.0,ASK
254,1712453086.6603997,724256.62535732,1270.0,-2.0489321746024295e-07,1275.0,ASK
255,1712453086.6793838,726243.31674101,1270.0,-3.084809683809015e-07,1275.0,ASK
256,1712453086.6818285,726575.93561768,1270.0,-5.164697145175972e-08,1275.0,ASK
257,1712453088.7003694,726597.68961768,1269.0,-3.377824578730638e-09,1275.0,ASK
258,1712453089.0931108,726600.8107844,1269.0,-4.84635177939189e-10,1275.0,ASK
259,1712453089.0946,726933.23897248,1269.0,-5.1617362524391375e-08,1275.0,ASK
260,1712453089.1282198,727074.72213191,1269.0,-2.1968616962297263e-08,1275.0,ASK
261,1712453100.9584126,727074.72213191,1269.0,-0.0,1275.0,ASK
262,1712453107.8304422,727153.74868513,1269.0,1.2351387180174264e-08,1275.0,BID
263,1712453107.8335578,727311.12875129,1269.0,2.459758210853644e-08,1275.0,BID
264,1712453130.970484,727311.12875129,1269.0,0.0,1275.0,BID
265,1712453159.148625,727491.03879626,1267.0,-2.8117567389693212e-08,1275.0,ASK
266,1712453160.681119,727491.03879626,1267.0,-0.0,1275.0,ASK
267,1712453171.0684316,727785.31312713,1267.0,-4.598955867282718e-08,1275.0,ASK
268,1712453171.210849,727796.44962303,1267.0,1.740425439378774e-09,1275.0,BID
269,1712453190.6402338,727796.44962303,1267.0,0.0,1275.0,BID
270,1712453196.7383776,728268.51885985,1267.0,-7.377110662678828e-08,1275.0,ASK
271,1712453200.8885665,728491.65491954,1267.0,-3.4869872399569455e-08,1275.0,ASK
272,1712453200.9883518,728674.18963335,1267.0,2.852502723175734e-08,1275.0,BID
273,1712453201.0087342,728674.18963336,1267.0,1.564549084475721e-18,1275.0,BID
274,1712453211.1298702,728682.49659538,1268.0,1.298143859256705e-09,1275.0,BID
275,1712453220.9752886,728682.49659538,1268.0,0.0,1275.0,BID
276,1712453233.65968,728982.49659538,1269.0,4.6873315023803145e-08,1275.0,BID
277,1712453233.75903,729391.41448281,1269.0,6.389112318790544e-08,1275.0,BID
278,1712453233.7624602,730698.47750323,1269.0,2.042212557070387e-07,1275.0,BID
279,1712453233.765191,730780.19776675,1269.0,1.2768332186007465e-08,1275.0,BID
280,1712453250.9683633,730780.19776675,1269.0,0.0,1275.0,BID
281,1712453258.7187064,730788.80944675,1270.0,1.3449672331608704e-09,1275.0,BID
282,1712453258.7208726,731080.19776675,1270.0,4.550886035327297e-08,1275.0,BID
283,1712453273.0652215,732215.48674312,1270.0,1.7730877986539766e-07,1275.0,BID
284,1712453273.14489,732586.95296265,1270.0,5.8015380680139474e-08,1275.0,BID
285,1712453273.1639645,733575.7852392,1270.0,1.54435256657916e-07,1275.0,BID
286,1712453280.968766,733575.7852392,1270.0,0.0,1275.0,BID
287,1712453306.7501338,733585.7852392,1270.0,-1.560928719746545e-09,1275.0,ASK
288,1712453306.753749,740688.7852392,1267.0,-1.1087276696359714e-06,1275.0,ASK
289,1712453306.75656,740698.7852392,1268.0,-1.560928719746545e-09,1275.0,ASK
290,1712453306.7592244,740994.3535107,1267.0,-4.6136100363028576e-08,1275.0,ASK
291,1712453306.761894,741231.13330549,1267.0,-3.6959638194335323e-08,1275.0,ASK
292,1712453306.76458,741947.13330549,1268.0,-1.117624963338527e-07,1275.0,ASK
293,1712453306.7668724,743086.63642784,1269.0,-1.7786831499169274e-07,1275.0,ASK
294,1712453306.7684438,745297.63642784,1267.0,-3.451213399359613e-07,1275.0,ASK
295,1712453306.7700405,748565.32946582,1268.0,-5.100635910298827e-07,1275.0,ASK
296,1712453306.7716217,748575.32946582,1267.0,-1.560928719746545e-09,1275.0,ASK
297,1712453306.8483934,748969.77594501,1267.0,6.157028377706176e-08,1275.0,BID
298,1712453306.9086406,751499.788777,1267.0,3.949169690780522e-07,1275.0,BID
299,1712453310.9840837,751499.788777,1267.0,0.0,1275.0,BID
300,1712453340.586111,751499.788777,1267.0,0.0,1275.0,BID
301,1712453347.1888394,751503.66629637,1269.0,6.03114605966706e-10,1275.0,BID
302,1712453357.33995,751851.20489901,1269.0,5.405662419494101e-08,1275.0,BID
303,1712453370.6385455,751851.20489901,1269.0,0.0,1275.0,BID
304,1712453379.7909582,751968.38535606,1269.0,1.8225142586133884e-08,1275.0,BID
305,1712453399.5978315,751989.4553262,1267.0,-3.2770243413823675e-09,1275.0,ASK
306,1712453399.601456,752378.16233945,1267.0,-6.045582103924957e-08,1275.0,ASK
307,1712453400.758632,752378.16233945,1267.0,-0.0,1275.0,ASK
308,1712453416.309201,752387.23731971,1267.0,-1.440923708272158e-09,1275.0,ASK
309,1712453416.313181,755324.48885243,1267.0,-4.663762619203766e-07,1275.0,ASK
310,1712453425.3086238,755916.4383394,1267.0,-9.39896314304014e-08,1275.0,ASK
311,1712453430.6351366,755916.4383394,1267.0,-0.0,1275.0,ASK
312,1712453431.691037,756605.10575488,1266.0,-1.0926870797946961e-07,1275.0,ASK
313,1712453431.6944275,757397.8391672,1266.0,-1.2578053468086508e-07,1275.0,ASK
314,1712453432.7970507,757610.22098471,1265.0,-3.36979596769131e-08,1275.0,ASK
315,1712453432.8016872,757630.22098471,1265.0,-3.173337536328981e-09,1275.0,ASK
316,1712453433.1284068,757944.56327787,1265.0,-4.987570990700512e-08,1275.0,ASK
317,1712453460.9510777,757944.56327787,1265.0,-0.0,1275.0,ASK
318,1712453466.7416372,758288.85343535,1264.0,-5.4605202907955616e-08,1275.0,ASK
319,1712453475.4984455,758732.90936972,1265.0,-7.04282822844345e-08,1275.0,ASK
320,1712453475.501966,759059.2978404,1265.0,-5.1765954620212486e-08,1275.0,ASK
321,1712453490.9482296,759059.2978404,1265.0,-0.0,1275.0,ASK
322,1712453500.4584758,759079.99267585,1265.0,-3.2815142877694943e-09,1275.0,ASK
323,1712453500.4622204,759833.89117889,1265.0,-1.19543289688227e-07,1275.0,ASK
324,1712453513.358613,759870.50650984,1265.0,-5.805976662822814e-09,1275.0,ASK
325,1712453513.3622172,759882.41164817,1265.0,-1.8877599496711404e-09,1275.0,ASK
326,1712453520.5474846,759890.31678651,1265.0,1.2534926635391103e-09,1275.0,BID
327,1712453520.618354,759890.31678651,1265.0,0.0,1275.0,BID
328,1712453521.3284662,760280.27039356,1264.0,-6.182339872918132e-08,1275.0,ASK
329,1712453521.3317585,760583.58525013,1264.0,-4.808765704228665e-08,1275.0,ASK
330,1712453521.589234,760587.54173746,1264.0,-6.272630624305551e-10,1275.0,ASK
331,1712453521.5983326,761127.95779494,1264.0,-8.567777498969527e-08,1275.0,ASK
332,1712453522.7991602,761135.86293327,1265.0,1.2532837500503821e-09,1275.0,BID
333,1712453528.7693396,761135.86293328,1264.0,-1.5688051398857917e-18,1275.0,ASK
334,1712453528.772513,761506.22334932,1263.0,-5.8717086495421785e-08,1275.0,ASK
335,1712453532.258624,761510.17591848,1265.0,6.266418742315602e-10,1275.0,BID
336,1712453544.158286,762300.68975247,1265.0,1.253283751609036e-07,1275.0,BID
337,1712453550.6506248,762300.68975247,1265.0,0.0,1275.0,BID
338,1712453558.7460544,762414.08552108,1263.0,-1.7969129096775246e-08,1275.0,ASK
339,1712453558.747997,762440.54174026,1263.0,-4.192354121198582e-09,1275.0,ASK
340,1712453578.8686082,762588.95293325,1263.0,-2.3517807753633212e-08,1275.0,ASK
341,1712453580.938739,762588.95293325,1263.0,-0.0,1275.0,ASK
342,1712453596.2682142,762826.10708344,1265.0,3.757818965571348e-08,1275.0,BID
343,1712453596.8891766,765201.40399555,1263.0,-3.763769589543776e-07,1275.0,ASK
344,1712453596.8929868,766736.38287134,1263.0,-2.432246168399384e-07,1275.0,ASK
345,1712453610.9682505,766736.38287134,1263.0,-0.0,1275.0,ASK
346,1712453611.0361352,768986.60763492,1263.0,-3.562629577570101e-07,1275.0,ASK
347,1712453611.0383606,770750.34200963,1263.0,-2.792402053349614e-07,1275.0,ASK
348,1712453637.428152,770908.6951371,1264.0,2.5070986007967303e-08,1275.0,BID
349,1712453640.6786158,770908.6951371,1264.0,0.0,1275.0,BID
350,1712453670.6584022,770908.6951371,1264.0,0.0,1275.0,BID
351,1712453689.5406291,771466.34200963,1264.0,8.821487972950384e-08,1275.0,BID
352,1712453689.5447185,771602.60293003,1264.0,2.1555291165487712e-08,1275.0,BID
353,1712453700.9892144,771602.60293003,1264.0,0.0,1275.0,BID
354,1712453705.4141784,771666.34200963,1264.0,1.0141199460356144e-08,1275.0,BID
355,1712453730.9991188,771666.34200963,1264.0,0.0,1275.0,BID
356,1712453733.9616272,771693.33700963,1264.0,-4.294981540168647e-09,1275.0,ASK
357,1712453757.5583732,771719.07800963,1264.0,-4.095466561406342e-09,1275.0,ASK
358,1712453760.5885,771719.07800963,1264.0,-0.0,1275.0,ASK
359,1712453762.3317118,771738.81600963,1264.0,-3.140338824704193e-09,1275.0,ASK
360,1712453776.7190592,772698.27278791,1264.0,-1.526506926464864e-07,1275.0,ASK
361,1712453776.723215,778894.92887498,1264.0,-9.858952119542794e-07,1275.0,ASK
362,1712453789.9784267,778974.04279903,1264.0,-1.258711760405196e-08,1275.0,ASK
363,1712453790.6544316,778974.04279903,1264.0,-0.0,1275.0,ASK
364,1712453792.170687,779013.50609816,1267.0,6.269509701948917e-09,1275.0,BID
365,1712453820.958452,779013.50609816,1267.0,0.0,1275.0,BID
366,1712453824.3312173,779218.39458986,1264.0,-3.2550248234217246e-08,1275.0,ASK
367,1712453825.4588454,779222.39458986,1267.0,6.354724555615855e-10,1275.0,BID
368,1712453825.462951,780000.86720331,1267.0,1.236744758141328e-07,1275.0,BID
369,1712453839.0184042,780088.47770054,1266.0,1.39185144519244e-08,1275.0,BID
370,1712453844.5981622,780169.07770054,1265.0,-1.2804769979562249e-08,1275.0,ASK
371,1712453850.9802296,780169.07770054,1265.0,-0.0,1275.0,ASK
372,1712453862.9985633,780354.57385438,1267.0,2.9462575133198592e-08,1275.0,BID
373,1712453864.3287292,780362.4665142,1267.0,1.253600563306338e-09,1275.0,BID
374,1712453880.6419978,780362.4665142,1267.0,0.0,1275.0,BID
375,1712453885.129469,780366.41363337,1267.0,6.269012434004442e-10,1275.0,BID
376,1712453888.5084236,780374.3187717,1265.0,-1.255533677842141e-09,1275.0,ASK
377,1712453888.5184293,780818.76525089,1265.0,-7.058921669959077e-08,1275.0,ASK
378,1712453888.522207,784690.73442085,1265.0,-6.149655438615433e-07,1275.0,ASK
379,1712453888.5921772,786041.08213536,1265.0,2.144689898613963e-07,1275.0,BID
380,1712453888.6102507,786395.0793906,1265.0,5.62236177609853e-08,1275.0,BID
381,1712453903.2490509,789557.13472656,1265.0,5.022134717614557e-07,1275.0,BID
382,1712453903.5605683,789716.38125717,1265.0,2.5292331887463483e-08,1275.0,BID
383,1712453903.678601,790003.13137635,1265.0,4.5543090673855614e-08,1275.0,BID
384,1712453910.5998042,790003.13137635,1265.0,0.0,1275.0,BID
385,1712453927.6196873,793260.15536259,1264.0,-5.162968314587964e-07,1275.0,ASK
386,1712453941.0128176,793260.15536259,1264.0,-0.0,1275.0,ASK
387,1712453968.4358766,793282.64532241,1264.0,-3.5627377426181514e-09,1275.0,ASK
388,1712453970.9581115,793282.64532241,1264.0,-0.0,1275.0,ASK
389,1712453978.5094707,793292.64532241,1264.0,-1.584138756635026e-09,1275.0,ASK
390,1712453978.5122263,794130.62751083,1264.0,-1.3274800620458057e-07,1275.0,ASK
391,1712453978.5146172,794921.76675133,1264.0,-1.2532743327709304e-07,1275.0,ASK
392,1712453978.5171683,796022.01433908,1264.0,-1.7429448456489198e-07,1275.0,ASK
393,1712453978.9884405,796124.45858493,1263.0,-1.6228590024536702e-08,1275.0,ASK
394,1712454000.7481656,796124.45858493,1263.0,-0.0,1275.0,ASK
395,1712454007.0697298,797605.54561382,1263.0,-2.364101825231961e-07,1275.0,ASK
396,1712454007.0729685,798517.81731644,1263.0,-1.4561623693970712e-07,1275.0,ASK
397,1712454007.074833,798573.24091105,1263.0,-8.846679406577893e-09,1275.0,ASK
398,1712454017.6188214,798577.24091105,1263.0,6.38477490955779e-10,1275.0,BID
399,1712454018.2096064,798973.43742452,1262.0,-6.324063896144302e-08,1275.0,ASK
400,1712454018.211473,799073.27894589,1262.0,-1.5936641014380056e-08,1275.0,ASK
401,1712454018.2132728,799077.24334462,1262.0,-6.327948385639487e-10,1275.0,ASK
402,1712454024.1507287,799077.24334463,1262.0,-1.598064095660725e-18,1275.0,ASK
403,1712454024.3084457,799433.47447985,1262.0,5.68613903539041e-08,1275.0,BID
404,1712454024.3125637,800783.82218439,1262.0,2.1554165357815e-07,1275.0,BID
405,1712454024.6681514,800791.73984076,1263.0,1.263811343337597e-09,1275.0,BID
406,1712454030.6447277,800791.73984076,1263.0,0.0,1275.0,BID
407,1712454034.328339,800826.70124391,1262.0,-5.575273315695303e-09,1275.0,ASK
408,1712454059.3394542,801221.1477231,1263.0,6.290213583428271e-08,1275.0,BID
409,1712454059.3429525,806751.79188102,1263.0,8.819683998369904e-07,1275.0,BID
410,1712454059.3462708,814187.84081004,1263.0,1.1858221190466178e-06,1275.0,BID
411,1712454060.9387047,814187.84081004,1263.0,0.0,1275.0,BID
412,1712454064.544741,814214.3070654,1263.0,-4.209200509629986e-09,1275.0,ASK
413,1712454065.7931964,814607.69809608,1263.0,-6.256501738923873e-08,1275.0,ASK
414,1712454071.748682,814778.36746359,1266.0,2.71433030072284e-08,1275.0,BID
415,1712454071.752853,815781.89420461,1266.0,1.5960116806412537e-07,1275.0,BID
416,1712454072.337918,815793.22820461,1266.0,-1.8025624678288081e-09,1275.0,ASK
417,1712454074.5684147,815811.87120461,1266.0,-2.964987832014817e-09,1275.0,ASK
418,1712454074.7683282,815851.33450374,1267.0,6.276253914674678e-09,1275.0,BID
419,1712454077.978501,815868.36350374,1266.0,-2.708296829456581e-09,1275.0,ASK
420,1712454081.7382352,815891.35950374,1266.0,-3.657290145612194e-09,1275.0,ASK
421,1712454083.8358457,815904.74850374,1266.0,-2.12939023132874e-09,1275.0,ASK
422,1712454090.502574,815928.25350374,1266.0,-3.738241645195107e-09,1275.0,ASK
423,1712454090.9626667,815928.25350374,1266.0,-0.0,1275.0,ASK
424,1712454095.2381349,815962.46350374,1266.0,-5.438862931280744e-09,1275.0,ASK
425,1712454097.1881382,816999.83872538,1266.0,-1.6492667754439697e-07,1275.0,ASK
426,1712454117.5982912,817022.42083123,1266.0,-3.590206910770607e-09,1275.0,ASK
427,1712454117.602745,817030.31972538,1266.0,-1.255802472688666e-09,1275.0,ASK
428,1712454120.6648386,817030.31972538,1266.0,-0.0,1275.0,ASK
429,1712454125.188238,817073.70372538,1266.0,-6.895857964519357e-09,1275.0,ASK
430,1712454134.1083474,817145.48872538,1266.0,-1.1410178037610236e-08,1275.0,ASK
431,1712454136.042576,817289.99603404,1266.0,-2.2969340663721883e-08,1275.0,ASK
432,1712454136.240982,817453.37269062,1266.0,-2.5968610973973163e-08,1275.0,ASK
433,1712454136.248388,817488.6057297,1266.0,-5.600268143873043e-09,1275.0,ASK
434,1712454145.2184618,819211.60081978,1266.0,-2.738689243676677e-07,1275.0,ASK
435,1712454145.2782612,819693.35090845,1266.0,-7.65738563955709e-08,1275.0,ASK
436,1712454147.328389,819701.2498026,1266.0,1.255523975094889e-09,1275.0,BID
437,1712454150.6166208,819701.2498026,1266.0,0.0,1275.0,BID
438,1712454180.9280925,819701.2498026,1266.0,0.0,1275.0,BID
439,1712454184.7887397,819938.35435159,1264.0,-3.766736535672587e-08,1275.0,ASK
440,1712454184.792389,821869.17285042,1264.0,-3.067374546070474e-07,1275.0,ASK
441,1712454204.3381312,822309.80366517,1264.0,-7.000035198530649e-08,1275.0,ASK
442,1712454206.3365474,822314.80366517,1267.0,7.94319752977621e-10,1275.0,BID
443,1712454210.958297,822314.80366517,1267.0,0.0,1275.0,BID
444,1712454227.080331,822650.53566517,1264.0,-5.330773518680311e-08,1275.0,ASK
445,1712454229.0115087,824310.59078151,1264.0,-2.635845809673394e-07,1275.0,ASK
446,1712454229.5882092,826181.24383754,1264.0,-2.9702345244781824e-07,1275.0,ASK
447,1712454240.5988295,826181.24383754,1264.0,-0.0,1275.0,ASK
448,1712454257.2884886,830096.39834994,1264.0,-6.211686413623776e-07,1275.0,ASK
449,1712454270.5581634,830096.39834994,1264.0,-0.0,1275.0,ASK
450,1712454271.836904,830207.75108835,1264.0,-1.7653087053575255e-08,1275.0,ASK
451,1712454279.0982676,830384.64840993,1264.0,-2.8044068444007075e-08,1275.0,ASK
452,1712454300.710836,830384.64840993,1264.0,-0.0,1275.0,ASK
453,1712454310.918229,830574.64840993,1264.0,-3.0271612565917314e-08,1275.0,ASK
454,1712454330.618544,830574.64840993,1264.0,-0.0,1275.0,ASK
455,1712454333.4351468,831074.64840993,1264.0,-7.965909031023465e-08,1275.0,ASK
456,1712454333.4388616,832263.52712496,1264.0,-1.8940999385696785e-07,1275.0,ASK
457,1712454333.442433,834242.94121838,1263.0,-3.153566520581941e-07,1275.0,ASK
458,1712454333.444739,834247.59946657,1262.0,-7.421436265019309e-10,1275.0,ASK
459,1712454333.446842,834346.26614158,1261.0,-1.5719395150463932e-08,1275.0,ASK
460,1712454341.7792473,834350.24959312,1264.0,6.346362519425755e-10,1275.0,BID
461,1712454349.9794352,834389.9006637,1261.0,-6.3171364244598706e-09,1275.0,ASK
462,1712454349.9848356,834431.53960105,1261.0,-6.633839741573821e-09,1275.0,ASK
463,1712454349.9895256,841140.58834503,1261.0,-1.0688734395849389e-06,1275.0,ASK
464,1712454360.9615626,841140.58834503,1261.0,-0.0,1275.0,ASK
465,1712454363.838385,841535.03482422,1261.0,-6.27092920831492e-08,1275.0,ASK
466,1712454363.8405266,842618.73941685,1261.0,-1.7228788040049438e-07,1275.0,ASK
467,1712454372.43879,843013.18589604,1261.0,-6.27092920831492e-08,1275.0,ASK
468,1712454372.442661,843144.05932018,1261.0,-2.0806320282449533e-08,1275.0,ASK
469,1712454372.4981794,843274.93274432,1261.0,2.0806320282468025e-08,1275.0,BID
470,1712454372.5028691,844992.78353522,1261.0,2.7310474978258565e-07,1275.0,BID
471,1712454379.5885713,845364.50073624,1261.0,-5.909578044392525e-08,1275.0,ASK
472,1712454390.9381888,845364.50073624,1261.0,-0.0,1275.0,ASK
473,1712454405.659072,846464.50073624,1262.0,-1.747305726992105e-07,1275.0,ASK
474,1712454420.638426,846464.50073624,1262.0,-0.0,1275.0,ASK
475,1712454450.6604302,846464.50073624,1262.0,-0.0,1275.0,ASK
476,1712454472.8183851,846536.35873624,1262.0,-1.141183766043909e-08,1275.0,ASK
477,1712454480.9792666,846536.35873624,1262.0,-0.0,1275.0,ASK
478,1712454510.9783428,846536.35873624,1262.0,-0.0,1275.0,ASK
479,1712454513.3183763,846588.00342062,1262.0,-8.201623569706047e-09,1275.0,ASK
480,1712454540.638034,846588.00342062,1262.0,-0.0,1275.0,ASK
481,1712454540.911248,847072.89248686,1262.0,-7.700379003307364e-08,1275.0,ASK
482,1712454546.498034,847120.21356317,1262.0,-7.514919345512437e-09,1275.0,ASK
483,1712454570.630334,847120.21356317,1262.0,-0.0,1275.0,ASK
484,1712454583.2981443,848571.01686019,1262.0,-2.3037318316028973e-07,1275.0,ASK
485,1712454600.6595843,848571.01686019,1262.0,-0.0,1275.0,ASK
486,1712454617.0026946,848793.31729725,1262.0,-3.539918630683264e-08,1275.0,ASK
487,1712454617.0057669,848877.13964669,1262.0,-1.3347895324648806e-08,1275.0,ASK
488,1712454630.6480503,848877.13964669,1262.0,-0.0,1275.0,ASK
489,1712454650.4203737,849035.53905237,1262.0,-2.5222015840357825e-08,1275.0,ASK
490,1712454650.423276,849797.11613589,1262.0,-1.212662963079458e-07,1275.0,ASK
491,1712454650.4268076,850125.33064818,1261.0,-5.2261759395334266e-08,1275.0,ASK
492,1712454650.4307492,850214.81169496,1261.0,-1.4248111409309584e-08,1275.0,ASK
493,1712454650.4339244,851947.12208737,1262.0,-2.7583664200133345e-07,1275.0,ASK
494,1712454650.4360318,852046.25255776,1261.0,-1.5784593911221357e-08,1275.0,ASK
495,1712454658.0683267,852125.30394115,1265.0,1.2587390940670113e-08,1275.0,BID
496,1712454660.9381104,852125.30394115,1265.0,0.0,1275.0,BID
497,1712454686.868405,852440.69903695,1265.0,5.01877612873437e-08,1275.0,BID
498,1712454686.8735015,854082.41303205,1265.0,2.6124042886324785e-07,1275.0,BID
499,1712454690.9690356,854082.41303205,1265.0,0.0,1275.0,BID
500,1712454704.428336,854436.47971803,1265.0,5.63192540797767e-08,1275.0,BID
501,1712454704.431306,854477.66994904,1265.0,6.551881828252594e-09,1275.0,BID
502,1712454720.669392,854477.66994904,1265.0,0.0,1275.0,BID
503,1712454728.2685702,854763.77761065,1265.0,4.550580243765729e-08,1275.0,BID
504,1712454735.3585105,854872.16361129,1265.0,-1.723893692457068e-08,1275.0,ASK
505,1712454750.6386397,854872.16361129,1265.0,-0.0,1275.0,ASK
506,1712454764.5381036,855588.16361129,1266.0,1.138717098780309e-07,1275.0,BID
507,1712454777.90123,855635.51957024,1267.0,7.531430193507229e-09,1275.0,BID
508,1712454778.1184485,855643.41846439,1266.0,-1.2562298645219343e-09,1275.0,ASK
509,1712454778.1223223,855653.39957024,1266.0,-1.5873821084106395e-09,1275.0,ASK
510,1712454780.9680955,855653.39957024,1266.0,-0.0,1275.0,ASK
511,1712454809.9780998,855653.41846439,1266.0,-3.004428450694652e-12,1275.0,ASK
512,1712454810.9590564,855653.41846439,1266.0,-0.0,1275.0,ASK
513,1712454817.568136,855773.42365819,1266.0,1.9082468309183452e-08,1275.0,BID
514,1712454824.858265,855781.32255234,1266.0,-1.2560322809614075e-09,1275.0,ASK
515,1712454824.97808,855969.37423058,1266.0,-2.990279067826327e-08,1275.0,ASK
516,1712454824.9879956,856388.16404578,1266.0,-6.659331253680529e-08,1275.0,ASK
517,1712454840.6285324,856388.16404578,1266.0,-0.0,1275.0,ASK
518,1712454870.6567268,856388.16404578,1266.0,-0.0,1275.0,ASK
519,1712454877.3675947,856448.5145972,1266.0,-9.595144442839752e-09,1275.0,ASK
520,1712454900.6292,856448.5145972,1266.0,-0.0,1275.0,ASK
521,1712454910.8380957,856527.94271475,1264.0,-1.2684789906066802e-08,1275.0,ASK
522,1712454930.659958,856527.94271475,1264.0,-0.0,1275.0,ASK
523,1712454930.7180693,856535.84785309,1265.0,-1.2624422480869142e-09,1275.0,ASK
524,1712454946.538142,857397.42552011,1265.0,-1.3759304392427216e-07,1275.0,ASK
525,1712454960.9681416,857397.42552011,1265.0,-0.0,1275.0,ASK
526,1712454964.351964,857416.03852011,1265.0,-2.971954421440019e-09,1275.0,ASK
527,1712454969.4387386,857444.39560556,1266.0,4.527801293852839e-09,1275.0,BID
528,1712454969.443956,857537.56308983,1266.0,1.48761358625864e-08,1275.0,BID
529,1712454972.7503247,857561.73508983,1266.0,-3.859564942516644e-09,1275.0,ASK
530,1712454973.0947864,858042.78199108,1266.0,-7.680919062424664e-08,1275.0,ASK
531,1712454973.1901193,858206.5523541,1266.0,-2.6149360902479208e-08,1275.0,ASK
532,1712454990.9381864,858206.5523541,1266.0,-0.0,1275.0,ASK
533,1712454992.1999736,858285.43948906,1267.0,1.2593919847587932e-08,1275.0,BID
534,1712455020.725862,858285.43948906,1267.0,0.0,1275.0,BID
535,1712455050.6301866,858285.43948906,1267.0,0.0,1275.0,BID
536,1712455075.6883078,858519.709346,1265.0,-3.739936461880212e-08,1275.0,ASK
537,1712455080.968093,858519.709346,1265.0,-0.0,1275.0,ASK
538,1712455089.2749915,859310.22318,1265.0,-1.2619342861184878e-07,1275.0,ASK
539,1712455110.9502602,859310.22318,1265.0,-0.0,1275.0,ASK
540,1712455125.7622008,862888.27961267,1265.0,-5.710907534922191e-07,1275.0,ASK
541,1712455140.653252,862888.27961267,1265.0,-0.0,1275.0,ASK
542,1712455170.8999414,862888.27961267,1265.0,-0.0,1275.0,ASK
543,1712455179.0791802,866840.84878263,1265.0,-6.304110071870571e-07,1275.0,ASK
544,1712455179.0846255,866919.96270668,1266.0,-1.26181950013323e-08,1275.0,ASK
545,1712455179.0896876,868100.46754008,1265.0,-1.8828341997627986e-07,1275.0,ASK
546,1712455179.0921016,873993.5792343,1265.0,-9.399158670907077e-07,1275.0,ASK
547,1712455179.178185,874039.34750056,1265.0,7.299763164040881e-09,1275.0,BID
548,1712455179.1981246,874431.5349876,1265.0,6.255154510391112e-08,1275.0,BID
549,1712455179.2191038,874713.06781384,1265.0,4.4902792314177743e-08,1275.0,BID
550,1712455182.0681615,874750.75509053,1265.0,6.010893936244912e-09,1275.0,BID
551,1712455201.4027238,874750.75509053,1265.0,0.0,1275.0,BID
552,1712455212.0382638,874758.8391649,1265.0,-1.291760940253494e-09,1275.0,ASK
553,1712455231.00499,874758.8391649,1265.0,-0.0,1275.0,ASK
554,1712455260.6313598,874758.8391649,1265.0,-0.0,1275.0,ASK
555,1712455281.04869,874763.5747608,1267.0,7.5670355521233e-10,1275.0,BID
556,1712455290.6465864,874763.5747608,1267.0,0.0,1275.0,BID
557,1712455294.28854,874769.88888866,1267.0,1.008937105244327e-09,1275.0,BID
558,1712455302.4285674,874774.63197166,1266.0,-7.57899196532391e-10,1275.0,ASK
559,1712455302.4326098,874776.32803869,1266.0,-2.710152530270097e-10,1275.0,ASK
560,1712455304.149565,875332.94301395,1267.0,8.894173737458628e-08,1275.0,BID
561,1712455304.1547596,875565.59402132,1267.0,3.717540080154712e-08,1275.0,BID
562,1712455310.6181293,876005.02494213,1266.0,-7.021684879156848e-08,1275.0,ASK
563,1712455320.9988055,876005.02494213,1266.0,-0.0,1275.0,ASK
564,1712455344.5522408,876357.35965869,1266.0,5.6285567608199126e-08,1275.0,BID
565,1712455350.9057562,876457.07575498,1266.0,-1.5929673732264532e-08,1275.0,ASK
566,1712455351.0748456,876457.07575498,1266.0,-0.0,1275.0,ASK
567,1712455355.00835,876489.39293513,1266.0,-5.162206440751716e-09,1275.0,ASK
568,1712455360.1982856,876567.70095537,1266.0,-1.2508584120516904e-08,1275.0,ASK
569,1712455363.708406,876843.94404929,1267.0,4.412587583524415e-08,1275.0,BID
570,1712455367.2596252,876873.61404929,1266.0,-4.739357344467356e-09,1275.0,ASK
571,1712455368.430578,877015.22584349,1266.0,-2.2620454900801642e-08,1275.0,ASK
572,1712455372.498537,877218.46943189,1266.0,-3.2465250872991404e-08,1275.0,ASK
573,1712455375.998451,877230.30842162,1267.0,1.8911089628786237e-09,1275.0,BID
574,1712455380.6532383,877230.30842162,1267.0,0.0,1275.0,BID
575,1712455410.6483128,877230.30842162,1267.0,0.0,1275.0,BID
576,1712455429.4489455,879228.17560862,1267.0,3.190807462724315e-07,1275.0,BID
577,1712455429.4530947,884211.36958795,1267.0,7.958693471173535e-07,1275.0,BID
578,1712455440.9582417,884211.36958795,1267.0,0.0,1275.0,BID
579,1712455445.8983808,884462.56038795,1267.0,4.0061263688323046e-08,1275.0,BID
580,1712455450.1881905,884540.70538795,1266.0,-1.2462986108244644e-08,1275.0,ASK
581,1712455451.5990343,884716.96214274,1266.0,-2.811037796961856e-08,1275.0,ASK
582,1712455468.068408,884835.44555507,1266.0,-1.8896373689002413e-08,1275.0,ASK
583,1712455470.9381616,884835.44555507,1266.0,-0.0,1275.0,ASK
584,1712455498.268582,887754.92366023,1266.0,-4.655554341123785e-07,1275.0,ASK
585,1712455500.3854513,888109.60466023,1266.0,-5.655930991041e-08,1275.0,ASK
586,1712455500.6297488,888109.60466023,1266.0,-0.0,1275.0,ASK
587,1712455506.998305,888188.59360178,1266.0,-1.2622591306788144e-08,1275.0,ASK
588,1712455509.929122,889768.37243274,1266.0,-2.524518261293075e-07,1275.0,ASK
589,1712455509.9343152,903584.06356357,1266.0,-2.2077751561571085e-06,1275.0,ASK
590,1712455509.98982,903663.17748762,1265.0,-1.2642563760992876e-08,1275.0,ASK
591,1712455509.994563,904448.62550414,1265.0,-1.255161686016627e-07,1275.0,ASK
592,1712455509.9987211,905793.59843928,1265.0,-2.149293729706587e-07,1275.0,ASK
593,1712455510.0026617,905947.59783544,1265.0,-2.4609412419952243e-08,1275.0,ASK
594,1712455519.6497009,905967.59783544,1264.0,-3.196040118804359e-09,1275.0,ASK
595,1712455519.6587782,906046.5244337,1264.0,-1.2612628723995745e-08,1275.0,ASK
596,1712455519.661215,907525.28752327,1263.0,-2.3630930802363765e-07,1275.0,ASK
597,1712455519.6636813,907604.40144732,1264.0,-1.2642563760992876e-08,1275.0,ASK
598,1712455519.6661484,907715.31066409,1264.0,-1.7723515317099818e-08,1275.0,ASK
599,1712455530.608785,907715.31066409,1264.0,-0.0,1275.0,ASK
600,1712455544.9083948,907725.31066409,1264.0,-1.591708555425024e-09,1275.0,ASK
601,1712455544.9182997,909218.33577432,1264.0,-2.376460841417428e-07,1275.0,ASK
602,1712455560.9484434,909218.33577432,1264.0,-0.0,1275.0,ASK
603,1712455562.5287223,909318.69356124,1264.0,-1.5969205771364223e-08,1275.0,ASK
604,1712455581.3317585,909882.77298053,1264.0,8.975786129293483e-08,1275.0,BID
605,1712455590.9287577,909882.77298053,1264.0,0.0,1275.0,BID
606,1712455620.610872,909882.77298053,1264.0,0.0,1275.0,BID
607,1712455620.8423948,909896.56345204,1264.0,-2.194084361047265e-09,1275.0,ASK
608,1712455633.6494815,911489.94634919,1264.0,-2.535095695084635e-07,1275.0,ASK
609,1712455641.7315435,911493.92980073,1265.0,6.337730164353004e-10,1275.0,BID
610,1712455643.2413046,911685.68972477,1265.0,3.050928680063185e-08,1275.0,BID
611,1712455650.648499,911685.68972477,1265.0,0.0,1275.0,BID
612,1712455666.748791,911878.75635978,1265.0,-3.0706052263581745e-08,1275.0,ASK
613,1712455666.7547903,911997.33422537,1265.0,-1.8859074940227963e-08,1275.0,ASK
614,1712455668.0286732,911997.33422538,1265.0,-1.5923016746312441e-18,1275.0,ASK
615,1712455670.0884387,913870.63477959,1264.0,-2.979368481768162e-07,1275.0,ASK
616,1712455670.2216904,915295.41270722,1264.0,-2.2660210298661882e-07,1275.0,ASK
617,1712455680.9745643,915295.41270722,1264.0,-0.0,1275.0,ASK
618,1712455688.518437,916153.59760848,1264.0,-1.3639001158154601e-07,1275.0,ASK
619,1712455694.1483412,916630.35613037,1264.0,-7.577050146967896e-08,1275.0,ASK
620,1712455711.1915064,916630.35613037,1264.0,-0.0,1275.0,ASK
621,1712455727.3478758,916653.01371483,1264.0,-3.599969778749833e-09,1275.0,ASK
622,1712455740.6626444,916653.01371483,1264.0,-0.0,1275.0,ASK
623,1712455756.0796046,917733.52012315,1264.0,-1.7167640807842718e-07,1275.0,ASK
624,1712455756.085286,918753.52012315,1264.0,-1.620628391388011e-07,1275.0,ASK
625,1712455756.0898623,918920.22553626,1264.0,-2.6487012302380063e-08,1275.0,ASK
626,1712455756.0944116,920629.62427043,1264.0,-2.7159805105867254e-07,1275.0,ASK
627,1712455760.7786825,920653.01371483,1264.0,3.7162350640763075e-09,1275.0,BID
628,1712455760.7847188,920947.00481544,1265.0,4.6710816123919294e-08,1275.0,BID
629,1712455770.6404498,920947.00481544,1265.0,0.0,1275.0,BID
630,1712455788.7684598,921026.05619883,1265.0,1.2549267189324286e-08,1275.0,BID
631,1712455800.6698887,921026.05619883,1265.0,0.0,1275.0,BID
632,1712455830.6414852,921026.05619883,1265.0,0.0,1275.0,BID
633,1712455843.9385617,921036.05619883,1265.0,1.595039669200602e-09,1275.0,BID
634,1712455860.9583127,921036.05619883,1265.0,0.0,1275.0,BID
635,1712455880.02966,921485.13155484,1264.0,-7.162915620168083e-08,1275.0,ASK
636,1712455880.0356483,921603.80244091,1264.0,-1.892843889369601e-08,1275.0,ASK
637,1712455883.918041,921830.96875844,1264.0,3.62338556866902e-08,1275.0,BID
638,1712455890.979106,921830.96875844,1264.0,0.0,1275.0,BID
639,1712455905.058442,921838.88015084,1264.0,-1.261693720929274e-09,1275.0,ASK
640,1712455915.6390967,921846.79780721,1263.0,-1.2626926868674241e-09,1275.0,ASK
641,1712455915.6447914,922040.78038836,1263.0,-3.093597084191624e-08,1275.0,ASK
642,1712455915.6504004,924705.58285354,1263.0,-4.249775978520362e-07,1275.0,ASK
643,1712455915.8506746,926200.69657137,1264.0,2.38437874709837e-07,1275.0,BID
644,1712455918.4086037,926669.88156067,1264.0,-7.48247242736894e-08,1275.0,ASK
645,1712455920.6587267,926669.88156067,1264.0,-0.0,1275.0,ASK
646,1712455921.8487022,926683.79548772,1264.0,-2.21680513697005e-09,1275.0,ASK
647,1712455950.6692424,926683.79548772,1264.0,-0.0,1275.0,ASK
648,1712455977.3304677,926780.70905626,1264.0,-1.5440493098995172e-08,1275.0,ASK
649,1712455977.3359156,930139.34981098,1263.0,-5.35106385788608e-07,1275.0,ASK
650,1712455977.3404052,930803.38646353,1264.0,-1.057958499067884e-07,1275.0,ASK
651,1712455977.3449244,930807.34608348,1263.0,-6.30855776278936e-10,1275.0,ASK
652,1712455977.3479185,934607.72575714,1262.0,-6.054852484412659e-07,1275.0,ASK
653,1712455980.978549,934607.72575714,1262.0,-0.0,1275.0,ASK
654,1712456010.9582586,934607.72575714,1262.0,-0.0,1275.0,ASK
655,1712456040.620333,934607.72575714,1262.0,-0.0,1275.0,ASK
656,1712456070.6418097,934607.72575714,1262.0,-0.0,1275.0,ASK
657,1712456073.580156,934679.88220049,1262.0,-1.1477835171660902e-08,1275.0,ASK
658,1712456073.5857189,935472.27522743,1262.0,-1.260449674642854e-07,1275.0,ASK
659,1712456073.590569,937439.23640017,1262.0,-3.1288205296167665e-07,1275.0,ASK
660,1712456073.5933957,938501.88781831,1261.0,-1.6903463164303657e-07,1275.0,ASK
661,1712456073.5960424,940500.53957204,1262.0,-3.179230340329515e-07,1275.0,ASK
662,1712456073.5987017,941212.33743462,1261.0,-1.1322479549890916e-07,1275.0,ASK
663,1712456073.6013992,941222.33743462,1261.0,-1.590687489401899e-09,1275.0,ASK
664,1712456078.2585027,941427.08763937,1262.0,-3.2569358914828234e-08,1275.0,ASK
665,1712456094.3489408,941434.9740747,1264.0,1.2544854015456667e-09,1275.0,BID
666,1712456100.6989515,941434.9740747,1264.0,0.0,1275.0,BID
667,1712456130.9683638,941434.9740747,1264.0,0.0,1275.0,BID
668,1712456137.7086782,942038.8750747,1263.0,-9.633443024367648e-08,1275.0,ASK
669,1712456141.0291617,942388.3520747,1263.0,-5.5748653634068427e-08,1275.0,ASK
670,1712456143.4983351,943179.7930747,1263.0,-1.2625085536619697e-07,1275.0,ASK
671,1712456145.5087974,943430.5290747,1263.0,-3.999746597798696e-08,1275.0,ASK
672,1712456151.8396733,947382.31400769,1263.0,-6.303896664605015e-07,1275.0,ASK
673,1712456151.8984232,947625.8738742,1263.0,-3.8852727467710834e-08,1275.0,ASK
674,1712456160.6670318,947625.8738742,1263.0,-0.0,1275.0,ASK
675,1712456167.5146406,947705.19929085,1262.0,-1.2638245455765427e-08,1275.0,ASK
676,1712456186.0282097,948501.237238,1262.0,-1.2682597070475894e-07,1275.0,ASK
677,1712456190.6704335,948501.237238,1262.0,-0.0,1275.0,ASK
678,1712456193.8807282,948563.681238,1262.0,-9.946921905196456e-09,1275.0,ASK
679,1712456195.9886315,949005.90972333,1262.0,-7.044411325074723e-08,1275.0,ASK
680,1712456195.9934037,949401.79254201,1262.0,-6.306155084582941e-08,1275.0,ASK
681,1712456220.915419,949401.79254201,1262.0,-0.0,1275.0,ASK
682,1712456224.9292514,949731.03822405,1262.0,5.2437196542562254e-08,1275.0,BID
683,1712456250.9608138,949731.03822405,1262.0,0.0,1275.0,BID
684,1712456258.0096955,950229.54843705,1261.0,-7.938979823376355e-08,1275.0,ASK
685,1712456258.0166423,951350.45586596,1261.0,-1.7850911034372978e-07,1275.0,ASK
686,1712456258.0204885,951358.37979622,1262.0,-1.261918428459745e-09,1275.0,ASK
687,1712456258.0234814,951437.68193737,1261.0,-1.2629191581684693e-08,1275.0,ASK
688,1712456280.618517,951437.68193737,1261.0,-0.0,1275.0,ASK
689,1712456292.7393377,952807.51373799,1260.0,-2.180765975275787e-07,1275.0,ASK
690,1712456292.7448452,953857.51373799,1261.0,-1.671595208260655e-07,1275.0,ASK
691,1712456292.7495184,953867.51373799,1260.0,-1.5919954364387187e-09,1275.0,ASK
692,1712456292.753122,954369.00352499,1261.0,-7.98369452324623e-08,1275.0,ASK
693,1712456296.4288788,954486.97603094,1263.0,1.8781169109748562e-08,1275.0,BID
694,1712456296.4336452,956594.58705626,1263.0,3.355307134097396e-07,1275.0,BID
695,1712456297.9184082,956799.33726101,1260.0,-3.2596139157187336e-08,1275.0,ASK
696,1712456310.5993936,956799.33726101,1260.0,-0.0,1275.0,ASK
697,1712456332.6484065,957072.90708748,1260.0,-4.350534445118624e-08,1275.0,ASK
698,1712456333.631907,958663.20183668,1260.0,-2.529018705593554e-07,1275.0,ASK
699,1712456338.4320302,963161.26319215,1260.0,-7.153190509252428e-07,1275.0,ASK
700,1712456338.436582,963336.15232486,1260.0,-2.7812321473800632e-08,1275.0,ASK
701,1712456340.9202352,963336.15232486,1260.0,-0.0,1275.0,ASK
702,1712456348.842609,963638.68343024,1260.0,-4.804807314294596e-08,1275.0,ASK
703,1712456348.848816,964398.20803339,1260.0,-1.206279058154148e-07,1275.0,ASK
704,1712456348.8549728,964842.9705847,1261.0,-7.063731040066597e-08,1275.0,ASK
705,1712456348.8577385,965842.9705847,1260.0,-1.588202743072913e-07,1275.0,ASK
706,1712456348.8605552,970152.45313943,1260.0,-6.844332014647096e-07,1275.0,ASK
707,1712456348.8634014,971697.4179586,1260.0,-2.4537173637568656e-07,1275.0,ASK
708,1712456348.8662276,974645.67792993,1259.0,-4.6824345737584674e-07,1275.0,ASK
709,1712456348.8690925,974953.22277118,1260.0,-4.8844356049107686e-08,1275.0,ASK
710,1712456348.8719988,975191.50712384,1259.0,-3.78443862526065e-08,1275.0,ASK
711,1712456365.4897275,980186.05890787,1259.0,-7.932360843816044e-07,1275.0,ASK
712,1712456365.4961,980786.05890787,1259.0,-9.529216458437478e-08,1275.0,ASK
713,1712456365.5021963,981358.20576504,1259.0,-9.08685207998002e-08,1275.0,ASK
714,1712456370.9786017,981358.20576504,1259.0,-0.0,1275.0,ASK
715,1712456400.672901,981358.20576504,1259.0,-0.0,1275.0,ASK
716,1712456421.958845,981749.01976504,1260.0,-6.187348529497594e-08,1275.0,ASK
717,1712456421.9639103,981754.01976504,1260.0,-7.915976051903701e-10,1275.0,ASK
718,1712456423.9582174,982136.74176504,1260.0,-6.059236373072595e-08,1275.0,ASK
719,1712456425.558853,982156.85576504,1260.0,-3.184438846169257e-09,1275.0,ASK
720,1712456430.6230164,982156.85576504,1260.0,-0.0,1275.0,ASK
721,1712456436.4685764,982212.52176504,1259.0,-8.811610620707591e-09,1275.0,ASK
722,1712456437.796381,982219.56431983,1259.0,-1.114796295491798e-09,1275.0,ASK
723,1712456437.7995555,982295.83076504,1259.0,-1.2072543718179384e-08,1275.0,ASK
724,1712456460.965993,982295.83076504,1259.0,-0.0,1275.0,ASK
725,1712456467.2187998,982531.30957194,1259.0,-3.727392103381144e-08,1275.0,ASK
726,1712456489.5586064,982925.75605113,1262.0,6.243690084449533e-08,1275.0,BID
727,1712456490.9510715,982925.75605113,1262.0,0.0,1275.0,BID
728,1712456491.7882717,983009.51405113,1262.0,-1.3256380316425456e-08,1275.0,ASK
729,1712456492.518093,983675.03809808,1262.0,-1.0533250407234616e-07,1275.0,ASK
730,1712456493.581946,983948.00821122,1259.0,-4.3202985205008024e-08,1275.0,ASK
731,1712456493.5859225,984342.45469041,1260.0,-6.242905206208418e-08,1275.0,ASK
732,1712456493.588946,986099.93332872,1259.0,-2.781561788416886e-07,1275.0,ASK
733,1712456520.628914,986099.93332872,1259.0,-0.0,1275.0,ASK
734,1712456527.0287302,986674.7564938,1260.0,-9.091972961122989e-08,1275.0,ASK
735,1712456527.0340526,986748.60361268,1260.0,-1.1680392317185e-08,1275.0,ASK
736,1712456534.638811,987524.12815214,1260.0,-1.226646483962925e-07,1275.0,ASK
737,1712456534.6418562,987528.17136862,1260.0,-6.395151960785764e-10,1275.0,ASK
738,1712456534.648406,989110.44984963,1260.0,-2.502688485824908e-07,1275.0,ASK
739,1712456534.653267,989281.82544736,1260.0,-2.710646326407554e-08,1275.0,ASK
740,1712456548.468413,989781.82544736,1260.0,-7.908495615220002e-08,1275.0,ASK
741,1712456548.598344,989925.7760565,1260.0,2.276865522383587e-08,1275.0,BID
742,1712456550.6499836,989925.7760565,1260.0,0.0,1275.0,BID
743,1712456580.966101,989925.7760565,1260.0,0.0,1275.0,BID
744,1712456594.3486943,990679.69684964,1259.0,-1.1915673255855604e-07,1275.0,ASK
745,1712456594.3581915,993074.14332883,1259.0,-3.784408406595786e-07,1275.0,ASK
746,1712456610.9586177,993074.14332883,1259.0,-0.0,1275.0,ASK
747,1712456624.9986525,993199.32656492,1260.0,-1.9772748804786322e-08,1275.0,ASK
748,1712456625.005949,993249.32656492,1260.0,-7.89752263257145e-09,1275.0,ASK
749,1712456640.6293106,993249.32656492,1260.0,-0.0,1275.0,ASK
750,1712456643.819206,993643.77304411,1262.0,6.230082784499712e-08,1275.0,BID
751,1712456643.8260396,993948.44249201,1262.0,4.8120999488243874e-08,1275.0,BID
752,1712456663.7425563,994027.6817947,1262.0,1.2515447382331914e-08,1275.0,BID
753,1712456665.4096,994185.174024,1261.0,-2.487510164798632e-08,1275.0,ASK
754,1712456670.5984645,994185.174024,1261.0,-0.0,1275.0,ASK
755,1712456681.0086496,994191.48815186,1260.0,-9.970986105239983e-10,1275.0,ASK
756,1712456700.6690378,994191.48815186,1260.0,-0.0,1275.0,ASK
757,1712456730.6594884,994191.48815186,1260.0,-0.0,1275.0,ASK
758,1712456760.970011,994191.48815186,1260.0,-0.0,1275.0,ASK
759,1712456777.6991618,1000540.29386071,1261.0,1.0053095986618023e-06,1275.0,BID
760,1712456787.1685758,1000545.29386071,1262.0,7.91731267866988e-10,1275.0,BID
761,1712456790.9550247,1000545.29386071,1262.0,0.0,1275.0,BID
762,1712456793.3091784,1000860.0596643,1262.0,4.977883161817488e-08,1275.0,BID
763,1712456793.31702,1001253.03298895,1262.0,6.21470081409294e-08,1275.0,BID
764,1712456804.1388805,1002160.59518229,1262.0,-1.4352698129858665e-07,1275.0,ASK
765,1712456812.868636,1002328.47264014,1263.0,2.65490838315154e-08,1275.0,BID
766,1712456812.8886433,1002627.05287452,1263.0,4.721915481987375e-08,1275.0,BID
767,1712456812.919543,1003289.16636173,1263.0,1.0471034469451437e-07,1275.0,BID
768,1712456812.9281433,1003564.48059245,1263.0,4.3539738360377864e-08,1275.0,BID
769,1712456812.99991,1005815.27101925,1263.0,3.559526364860031e-07,1275.0,BID
770,1712456813.0183346,1005815.27101926,1263.0,1.5833092501595754e-18,1275.0,BID
771,1712456820.609241,1005815.27101926,1263.0,0.0,1275.0,BID
772,1712456832.3790734,1006157.48985865,1264.0,-5.406351463654364e-08,1275.0,ASK
773,1712456836.7994256,1006288.9872226,1264.0,-2.0773869940214032e-08,1275.0,ASK
774,1712456848.7985792,1006360.98089348,1264.0,-1.1373514346248334e-08,1275.0,ASK
775,1712456850.6295426,1006360.98089348,1264.0,-0.0,1275.0,ASK
776,1712456880.9889965,1006360.98089348,1264.0,-0.0,1275.0,ASK
777,1712456905.738545,1006364.93346264,1265.0,6.243563260710288e-10,1275.0,BID
778,1712456911.0183785,1006364.93346264,1265.0,0.0,1275.0,BID
779,1712456922.4897213,1007404.0096423,1264.0,-1.6413457864540569e-07,1275.0,ASK
780,1712456922.4950693,1008210.69444726,1264.0,-1.2742556624202588e-07,1275.0,ASK
781,1712456922.6093888,1008265.55169191,1263.0,-8.665361512979322e-09,1275.0,ASK
782,1712456922.6160753,1009437.50387638,1263.0,-1.8512394158963936e-07,1275.0,ASK
783,1712456922.6887076,1009849.60033088,1263.0,-6.509559091495915e-08,1275.0,ASK
784,1712456922.708455,1012343.10515586,1263.0,-3.938790743257294e-07,1275.0,ASK
785,1712456926.0886471,1036412.55945871,1262.0,-3.802059769588911e-06,1275.0,ASK
786,1712456926.168516,1037171.19499304,1262.0,-1.1983560609908985e-07,1275.0,ASK
787,1712456926.2885177,1038185.34318997,1262.0,-1.601969039859937e-07,1275.0,ASK
788,1712456940.679067,1038185.34318997,1262.0,-0.0,1275.0,ASK
789,1712456945.6888845,1038190.88554943,1263.0,8.699627871284781e-10,1275.0,BID
790,1712456945.8908267,1038431.9874846,1263.0,3.7844840814687936e-08,1275.0,BID
791,1712456962.379213,1038954.86992103,1263.0,8.207483924811626e-08,1275.0,BID
792,1712456962.3881018,1039223.75312197,1263.0,4.22055589480934e-08,1275.0,BID
793,1712456967.0000806,1039460.90727216,1265.0,3.722517223330036e-08,1275.0,BID
794,1712456970.6091237,1039460.90727216,1265.0,0.0,1275.0,BID
795,1712456972.6384437,1039522.50164673,1262.0,-9.665786414372195e-09,1275.0,ASK
796,1712456972.6482964,1048623.55266539,1262.0,-1.428195608882652e-06,1275.0,ASK
797,1712456975.7983828,1048644.18507645,1262.0,3.2377709800799403e-09,1275.0,BID
798,1712456989.8996902,1049501.38174576,1261.0,-1.345168285011724e-07,1275.0,ASK
799,1712456989.907333,1049858.05964872,1261.0,-5.5972196370339966e-08,1275.0,ASK
800,1712456989.9111164,1050518.52652273,1261.0,-1.036447205206756e-07,1275.0,ASK
801,1712456995.1189406,1050557.36419124,1261.0,6.0946573655485025e-09,1275.0,BID
802,1712456995.1262312,1051413.70366622,1261.0,1.3438231203975868e-07,1275.0,BID
803,1712457000.7201247,1051413.70366622,1261.0,0.0,1275.0,BID
804,1712457008.7017932,1052048.12079548,1261.0,9.96249397456822e-08,1275.0,BID
805,1712457024.9501698,1052056.05730341,1260.0,-1.2463000884676243e-09,1275.0,ASK
806,1712457024.9569695,1068353.60932105,1260.0,-2.559266707778392e-06,1275.0,ASK
807,1712457024.962284,1068599.5152904,1260.0,-3.861555158222485e-08,1275.0,ASK
808,1712457024.9660442,1070642.10702987,1259.0,-3.207559657272652e-07,1275.0,ASK
809,1712457024.969855,1070652.10702987,1260.0,-1.570338112747424e-09,1275.0,ASK
810,1712457024.973678,1077095.47153864,1259.0,-1.011826086244589e-06,1275.0,ASK
811,1712457030.752564,1077095.47153864,1259.0,-0.0,1275.0,ASK
812,1712457061.001572,1077095.47153864,1259.0,-0.0,1275.0,ASK
813,1712457070.2201848,1079384.40648701,1259.0,-3.576233702776209e-07,1275.0,ASK
814,1712457070.227236,1081624.03873745,1259.0,-3.499203130063835e-07,1275.0,ASK
815,1712457070.2332342,1082224.41362738,1257.0,-9.380261842728985e-08,1275.0,ASK
816,1712457070.236342,1082248.1665965,1258.0,-3.7111657003706315e-09,1275.0,ASK
817,1712457070.239454,1082762.38830946,1259.0,-8.034203951039778e-08,1275.0,ASK
818,1712457070.242706,1092859.64810562,1258.0,-1.5775966378787562e-06,1275.0,ASK
819,1712457070.2458742,1092959.5444775,1259.0,-1.5607816734024648e-08,1275.0,ASK
820,1712457090.9615724,1092959.5444775,1259.0,-0.0,1275.0,ASK
821,1712457106.288726,1093036.86868384,1260.0,-1.204357844083539e-08,1275.0,ASK
822,1712457106.2923424,1094683.31213553,1259.0,-2.564406645399753e-07,1275.0,ASK
823,1712457120.6373878,1094683.31213553,1259.0,-0.0,1275.0,ASK
824,1712457132.2287326,1095028.45112931,1259.0,-5.3738720492490624e-08,1275.0,ASK
825,1712457132.2386038,1097738.99336254,1259.0,-4.220359741427065e-07,1275.0,ASK
826,1712457150.671397,1097738.99336254,1259.0,-0.0,1275.0,ASK
827,1712457170.0282462,1097921.53304507,1260.0,2.8404720443662545e-08,1275.0,BID
828,1712457180.9291766,1097921.53304507,1260.0,0.0,1275.0,BID
829,1712457207.6561632,1098306.64456331,1259.0,-5.992446887130484e-08,1275.0,ASK
830,1712457211.0177474,1098306.64456331,1259.0,-0.0,1275.0,ASK
831,1712457233.0384068,1099337.24537895,1259.0,-1.6035237737669844e-07,1275.0,ASK
832,1712457233.0440278,1100354.93403223,1259.0,-1.583433590448208e-07,1275.0,ASK
833,1712457240.6382456,1100354.93403223,1259.0,-0.0,1275.0,ASK
834,1712457242.3551989,1100425.10784127,1259.0,-1.0914045287549546e-08,1275.0,ASK
835,1712457242.3592825,1102584.54389013,1259.0,-3.358544043028256e-07,1275.0,ASK
836,1712457242.3632157,1102671.91481943,1259.0,-1.3588692023992317e-08,1275.0,ASK
837,1712457256.5833807,1102751.40607539,1258.0,-1.2363176224556778e-08,1275.0,ASK
838,1712457256.5875812,1103061.50464454,1258.0,-4.8229244979014094e-08,1275.0,ASK
839,1712457256.9187238,1103467.4597677,1258.0,6.31376956657609e-08,1275.0,BID
840,1712457256.9441628,1103467.45976771,1258.0,1.5571100048418465e-18,1275.0,BID
841,1712457266.5783718,1103546.91920975,1259.0,1.235822824512525e-08,1275.0,BID
842,1712457270.6888783,1103546.91920975,1259.0,0.0,1275.0,BID
843,1712457280.60873,1104341.20038527,1259.0,1.234564158098462e-07,1275.0,BID
844,1712457280.614895,1104341.20038528,1259.0,1.5561375727022845e-18,1275.0,BID
845,1712457280.6882343,1105420.48615104,1259.0,1.6775514311803957e-07,1275.0,BID
846,1712457296.9568207,1106214.76732657,1259.0,-1.234564158114023e-07,1275.0,ASK
847,1712457296.961917,1108042.50926931,1259.0,-2.840889048242208e-07,1275.0,ASK
848,1712457300.96746,1108042.50926931,1259.0,-0.0,1275.0,ASK
849,1712457330.9791572,1108042.50926931,1259.0,-0.0,1275.0,ASK
850,1712457334.0496304,1110501.90096387,1259.0,-3.831446358020304e-07,1275.0,ASK
851,1712457334.0560863,1110533.67221088,1259.0,-4.949590946224565e-09,1275.0,ASK
852,1712457334.0652983,1112796.17863591,1258.0,-3.524721995830079e-07,1275.0,ASK
853,1712457341.4382403,1113596.17863591,1258.0,-1.2463070007091293e-07,1275.0,ASK
854,1712457343.510925,1114396.17863591,1258.0,-1.2463070007091293e-07,1275.0,ASK
855,1712457348.4688034,1117158.94155808,1261.0,4.304063464000269e-07,1275.0,BID
856,1712457348.4773097,1118774.57960757,1260.0,2.516976264614368e-07,1275.0,BID
857,1712457348.5683026,1120124.92731211,1261.0,-2.103684746949642e-07,1275.0,ASK
858,1712457354.9582417,1120147.42731211,1261.0,-3.5052384394944262e-09,1275.0,ASK
859,1712457359.1983402,1122364.81604599,1261.0,-3.454433877910084e-07,1275.0,ASK
860,1712457360.6708624,1122364.81604599,1261.0,-0.0,1275.0,ASK
861,1712457390.59814,1122364.81604599,1261.0,-0.0,1275.0,ASK
862,1712457393.349086,1122761.32675177,1261.0,6.159861889925319e-08,1275.0,BID
863,1712457399.600724,1122765.29185882,1261.0,6.15986187784794e-10,1275.0,BID
864,1712457409.17829,1122873.95662375,1258.0,-1.688125779487918e-08,1275.0,ASK
865,1712457420.9702995,1122873.95662375,1258.0,-0.0,1275.0,ASK
866,1712457450.9481938,1122873.95662375,1258.0,-0.0,1275.0,ASK
867,1712457464.9484346,1125396.40630679,1258.0,-3.918278279539247e-07,1275.0,ASK
868,1712457480.6600533,1125396.40630679,1258.0,-0.0,1275.0,ASK
869,1712457510.6791818,1125396.40630679,1258.0,-0.0,1275.0,ASK
870,1712457511.2681153,1125791.31741158,1258.0,-6.131378005002878e-08,1275.0,ASK
871,1712457526.3492188,1126188.77369138,1258.0,-6.170894316108248e-08,1275.0,ASK
872,1712457526.3542807,1127304.05747515,1258.0,-1.731586267948135e-07,1275.0,ASK
873,1712457526.3576555,1146459.04396166,1258.0,-2.973997474494608e-06,1275.0,ASK
874,1712457540.9489567,1146459.04396166,1258.0,-0.0,1275.0,ASK
875,1712457541.1529367,1148048.8690809,1258.0,-2.45824479023158e-07,1275.0,ASK
876,1712457570.960666,1148048.8690809,1258.0,-0.0,1275.0,ASK
877,1712457592.5086684,1148443.31556009,1261.0,6.097187817446453e-08,1275.0,BID
878,1712457592.5162964,1149238.40119826,1261.0,1.2290099475177642e-07,1275.0,BID
879,1712457600.7405858,1149238.40119826,1261.0,0.0,1275.0,BID
880,1712457630.5927744,1149238.40119826,1261.0,0.0,1275.0,BID
881,1712457660.9484012,1149238.40119826,1261.0,0.0,1275.0,BID
882,1712457690.9917157,1149238.40119826,1261.0,0.0,1275.0,BID
883,1712457697.912139,1149443.31556009,1261.0,3.180744540547904e-08,1275.0,BID
884,1712457697.9192812,1149638.40119826,1261.0,3.02818003095426e-08,1275.0,BID
885,1712457720.7027228,1149638.40119826,1261.0,0.0,1275.0,BID
886,1712457724.4967716,1149670.12205472,1260.0,-4.923424650333989e-09,1275.0,ASK
887,1712457724.5003283,1150463.77284837,1260.0,-1.2318330326721201e-07,1275.0,ASK
888,1712457727.105981,1151189.66808646,1260.0,1.1266689830000112e-07,1275.0,BID
889,1712457732.1980526,1151199.66808646,1260.0,1.552109621168512e-09,1275.0,BID
890,1712457750.6205692,1151199.66808646,1260.0,0.0,1275.0,BID
891,1712457780.4926429,1151285.46002178,1260.0,1.3311784330090047e-08,1275.0,BID
892,1712457780.9280467,1151285.46002178,1260.0,0.0,1275.0,BID
893,1712457786.3881588,1151297.19022705,1260.0,-1.820070185894837e-09,1275.0,ASK
894,1712457794.3582036,1161722.03645796,1261.0,1.6175293936202083e-06,1275.0,BID
895,1712457794.368233,1163071.91563896,1261.0,2.094485812778066e-07,1275.0,BID
896,1712457794.3739717,1163466.36211815,1261.0,6.120270363396667e-08,1275.0,BID
897,1712457811.0005565,1163466.36211815,1261.0,0.0,1275.0,BID
898,1712457829.9381285,1163474.27977452,1263.0,1.2255904127718604e-09,1275.0,BID
899,1712457840.6102314,1163474.27977452,1263.0,0.0,1275.0,BID
900,1712457870.629195,1163474.27977452,1263.0,0.0,1275.0,BID
901,1712457889.2293055,1163860.80859734,1263.0,5.983150367771646e-08,1275.0,BID
902,1712457889.2374794,1165000.57859734,1263.0,1.7642708362403366e-07,1275.0,BID
903,1712457889.2436595,1168672.01984473,1264.0,5.683091079550884e-07,1275.0,BID
904,1712457889.2478633,1169072.04881443,1263.0,6.192121611315765e-08,1275.0,BID
905,1712457889.251488,1169764.85520895,1264.0,1.0724076936683745e-07,1275.0,BID
906,1712457900.6910417,1169764.85520895,1264.0,0.0,1275.0,BID
907,1712457916.068363,1169772.76660135,1263.0,1.22671412276884e-09,1275.0,BID
908,1712457930.6380367,1169772.76660135,1263.0,0.0,1275.0,BID
909,1712457960.9782016,1169772.76660135,1263.0,0.0,1275.0,BID
910,1712457966.4022803,1169841.34927012,1261.0,-1.063418343516894e-08,1275.0,ASK
911,1712457966.406525,1169849.27948423,1261.0,-1.229630649242674e-09,1275.0,ASK
912,1712457966.4100378,1172907.18828676,1261.0,-4.7414840683911227e-07,1275.0,ASK
913,1712457966.4137971,1174540.6435373,1260.0,-2.5327773151567056e-07,1275.0,ASK
914,1712457966.4172926,1177107.25579995,1262.0,-3.979697217596941e-07,1275.0,ASK
915,1712457966.4208658,1178009.73365936,1260.0,-1.3993499050488778e-07,1275.0,ASK
1116,1712457966.4243674,1178014.73365936,1261.0,-7.752821249064901e-10,1275.0,ASK
916,1712457966.4243674,1178014.73365936,1261.0,-7.7528212490649e-10,1275.0,ASK
917,1712457966.4279213,1178022.67016729,1260.0,-1.2306065464328331e-09,1275.0,ASK
918,1712457966.431444,1179630.81258337,1259.0,-2.4935281389815094e-07,1275.0,ASK
919,1712457966.4349556,1180981.16028791,1260.0,-2.093800875476756e-07,1275.0,ASK
920,1712457966.4384446,1181119.0642727,1259.0,-2.1382898872244053e-08,1275.0,ASK
921,1712457971.415372,1181125.27890093,1262.0,9.636180359082446e-10,1275.0,BID
922,1712457983.538235,1181519.72538012,1262.0,6.116146090968321e-08,1275.0,BID
923,1712457983.618471,1181521.4754144,1262.0,-2.7135405903423044e-10,1275.0,ASK
924,1712457990.978212,1181521.4754144,1262.0,-0.0,1275.0,ASK
925,1712458020.640837,1181521.4754144,1262.0,-0.0,1275.0,ASK
926,1712458050.62827,1181521.4754144,1262.0,-0.0,1275.0,ASK
927,1712458080.6483889,1181521.4754144,1262.0,-0.0,1275.0,ASK
928,1712458099.9679718,1182313.86844134,1262.0,-1.225841161404687e-07,1275.0,ASK
929,1712458110.6790502,1182313.86844134,1262.0,-0.0,1275.0,ASK
930,1712458113.62835,1182480.7216233,1262.0,2.5808387305506963e-08,1275.0,BID
931,1712458125.0582318,1182484.68358843,1262.0,6.128257751115122e-10,1275.0,BID
932,1712458127.5337353,1182488.64555356,1262.0,6.128257751115122e-10,1275.0,BID
1133,1712458137.168107,1182822.8540436,1262.0,5.169444208623809e-08,1275.0,BID
933,1712458137.168107,1182822.8540436,1262.0,5.1694442086238093e-08,1275.0,BID
934,1712458140.9879096,1182822.8540436,1262.0,0.0,1275.0,BID
935,1712458168.098163,1182834.5727936,1261.0,-1.8124436641644079e-09,1275.0,ASK
936,1712458170.958545,1182834.5727936,1261.0,-0.0,1275.0,ASK
937,1712458176.4487767,1182850.42065413,1262.0,2.451053974302941e-09,1275.0,BID
938,1712458199.9514673,1182858.34458439,1262.0,1.2255269863952621e-09,1275.0,BID
1138,1712458199.9514673,1182858.34458439,1262.0,1.225526986395262e-09,1275.0,BID
939,1712458200.6981575,1182858.34458439,1262.0,0.0,1275.0,BID
940,1712458219.7582371,1182866.26851465,1262.0,1.2267660829540663e-09,1275.0,BID
941,1712458230.6292188,1182866.26851465,1262.0,0.0,1275.0,BID
942,1712458232.371673,1182874.19244491,1262.0,1.226764183739815e-09,1275.0,BID
943,1712458247.5082655,1183772.85353841,1262.0,1.3912858980784861e-07,1275.0,BID
944,1712458260.9679365,1183772.85353841,1262.0,0.0,1275.0,BID
945,1712458274.29672,1184085.64337185,1262.0,4.841680788774116e-08,1275.0,BID
946,1712458274.3033285,1184517.65308792,1262.0,6.687088003649446e-08,1275.0,BID
947,1712458290.8844595,1184585.23647907,1261.0,-1.046124814775737e-08,1275.0,ASK
948,1712458290.8884673,1184613.17315592,1261.0,-4.324324423196509e-09,1275.0,ASK
949,1712458290.895183,1184923.78857939,1261.0,-4.808023048483341e-08,1275.0,ASK
950,1712458290.8988206,1185436.18994155,1261.0,-7.93147208151748e-08,1275.0,ASK
951,1712458290.9486449,1185436.18994155,1261.0,-0.0,1275.0,ASK
952,1712458297.308154,1186778.57299355,1260.0,-2.0772030722420458e-07,1275.0,ASK
953,1712458301.1586037,1186857.87513471,1261.0,1.2271210591306446e-08,1275.0,BID
954,1712458320.6332538,1186857.87513471,1261.0,0.0,1275.0,BID
955,1712458350.6580243,1186857.87513471,1261.0,0.0,1275.0,BID
956,1712458376.1883025,1186937.17727586,1261.0,1.2267809933415671e-08,1275.0,BID
957,1712458379.9481983,1187730.19868743,1261.0,1.226780993449982e-07,1275.0,BID
958,1712458380.0483916,1187951.16129599,1261.0,3.4182271057202985e-08,1275.0,BID
959,1712458380.0525746,1188499.72541849,1261.0,8.486126974038471e-08,1275.0,BID
960,1712458380.069535,1189016.08940622,1261.0,7.988000281041778e-08,1275.0,BID
961,1712458380.1569204,1189271.08195611,1261.0,3.9446603724989136e-08,1275.0,BID
962,1712458380.978216,1189271.08195611,1261.0,0.0,1275.0,BID
963,1712458389.868039,1189865.84801479,1261.0,9.196528171048278e-08,1275.0,BID
964,1712458389.9488108,1191226.8640026,1261.0,2.1044613576164082e-07,1275.0,BID
965,1712458389.9574602,1191556.03608388,1261.0,5.0898000557265686e-08,1275.0,BID
966,1712458389.9720428,1192734.59860432,1261.0,1.822343972455373e-07,1275.0,BID
967,1712458410.9679563,1192734.59860432,1261.0,0.0,1275.0,BID
968,1712458440.6281044,1192734.59860432,1261.0,0.0,1275.0,BID
969,1712458452.2781382,1192738.56849338,1262.0,6.13427031751906e-10,1275.0,BID
970,1712458470.6505792,1192738.56849338,1262.0,0.0,1275.0,BID
971,1712458493.8397477,1193184.56869163,1261.0,-6.891587191692717e-08,1275.0,ASK
972,1712458493.8483026,1194327.13084445,1261.0,-1.7654850219765484e-07,1275.0,ASK
973,1712458493.9788482,1194548.821617,1261.0,-3.425561904718045e-08,1275.0,ASK
974,1712458498.278736,1195026.80062877,1261.0,-7.38572325379376e-08,1275.0,ASK
975,1712458498.2864728,1195095.06297098,1261.0,-1.0547885070375148e-08,1275.0,ASK
976,1712458498.3844726,1195153.59520024,1261.0,-9.044389734605053e-09,1275.0,ASK
977,1712458500.964662,1195153.59520024,1261.0,-0.0,1275.0,ASK
978,1712458514.3882034,1195329.75129574,1261.0,-2.736802058594671e-08,1275.0,ASK
1179,1712458514.3947456,1195472.90184687,1261.0,-2.2240202469831012e-08,1275.0,ASK
979,1712458514.3947456,1195472.90184687,1261.0,-2.224020246983101e-08,1275.0,ASK
980,1712458515.0082543,1195682.7359442,1261.0,-3.2600313256587784e-08,1275.0,ASK
981,1712458515.6872284,1195682.73594421,1261.0,-1.5554437370453985e-18,1275.0,ASK
982,1712458520.6682322,1196001.2497032,1260.0,-4.9485038188417134e-08,1275.0,ASK
983,1712458520.6779635,1196080.19222401,1260.0,-1.2264693586084588e-08,1275.0,ASK
984,1712458530.958001,1196080.19222401,1260.0,-0.0,1275.0,ASK
985,1712458538.7201755,1196159.97986193,1260.0,-1.2393743857295813e-08,1275.0,ASK
986,1712458538.7272303,1196170.21028997,1260.0,-1.589134707879697e-09,1275.0,ASK
987,1712458560.658098,1196170.21028997,1260.0,-0.0,1275.0,ASK
988,1712458590.680297,1196170.21028997,1260.0,-0.0,1275.0,ASK
989,1712458620.098825,1196358.29335399,1260.0,-2.9215205655326693e-08,1275.0,ASK
990,1712458620.10641,1196448.29335399,1260.0,-1.3979826002308344e-08,1275.0,ASK
991,1712458620.11418,1197628.76105239,1260.0,-1.8336370027754869e-07,1275.0,ASK
992,1712458620.970335,1197628.76105239,1260.0,-0.0,1275.0,ASK
993,1712458635.71809,1197670.21028997,1260.0,6.436530705472928e-09,1275.0,BID
994,1712458646.4981303,1198333.99994125,1260.0,-1.0307795081148368e-07,1275.0,ASK
995,1712458650.9631882,1198333.99994125,1260.0,-0.0,1275.0,ASK
996,1712458662.0883887,1198730.82533806,1260.0,-6.161335171288466e-08,1275.0,ASK
997,1712458662.095711,1198730.82533808,1260.0,-3.1089516318719392e-18,1275.0,ASK
998,1712458662.1079862,1198730.82533809,1260.0,-1.5544758159359694e-18,1275.0,ASK
999,1712458680.669975,1198730.82533809,1260.0,-0.0,1275.0,ASK
1000,1712458703.7983232,1199127.6507349,1260.0,-6.160856886575252e-08,1275.0,ASK
1201,1712458710.6525054,1199127.6507349,1260.0,-0.0,1275.0,ASK
1202,1712458719.7984617,1199762.3304968,1260.0,-9.852866532229685e-08,1275.0,ASK
1203,1712458719.8088274,1199762.33049681,1260.0,-1.5542344967123013e-18,1275.0,ASK
1204,1712458740.9774923,1199762.33049681,1260.0,-0.0,1275.0,ASK
1205,1712458770.9722598,1199762.33049681,1260.0,-0.0,1275.0,ASK
1206,1712458791.304518,1199799.57931323,1260.0,5.781845928991432e-09,1275.0,BID
1207,1712458791.3079436,1200333.51049681,1260.0,8.287801162130115e-08,1275.0,BID
1208,1712458799.3784597,1200553.44661409,1260.0,3.4138983907326205e-08,1275.0,BID
1209,1712458800.849632,1200553.44661409,1260.0,0.0,1275.0,BID
1210,1712458811.6685517,1200759.45735304,1260.0,-3.221130698549829e-08,1275.0,ASK
1211,1712458823.5583162,1201127.16129046,1260.0,-5.7493237820342215e-08,1275.0,ASK
1212,1712458823.5681818,1201665.00430632,1260.0,-8.409574463038513e-08,1275.0,ASK
1213,1712458830.658203,1201665.00430632,1260.0,-0.0,1275.0,ASK
1214,1712458853.1491954,1201670.00430632,1259.0,-7.816159194551141e-10,1275.0,ASK
1215,1712458853.1511223,1201680.00430632,1259.0,-1.563231838910228e-09,1275.0,ASK
1216,1712458853.1527216,1205507.59271748,1259.0,-5.983408070568833e-07,1275.0,ASK
1217,1712458860.958821,1205507.59271748,1259.0,-0.0,1275.0,ASK
1218,1712458861.527057,1205587.02083503,1259.0,-1.2407073212503702e-08,1275.0,ASK
1219,1712458861.5283625,1206382.72029883,1259.0,-1.2429227592238225e-07,1275.0,ASK
1220,1712458861.5296185,1207198.84430836,1259.0,-1.2748269314515945e-07,1275.0,ASK
1221,1712458865.852221,1208053.61725713,1259.0,1.335198526993296e-07,1275.0,BID
1222,1712458865.8546233,1208409.2365595,1259.0,5.5549531530901687e-08,1275.0,BID
1223,1712458865.8569322,1208965.92228752,1259.0,8.695712295528764e-08,1275.0,BID
1224,1712458875.4685524,1209360.36876671,1259.0,-6.161453269547936e-08,1275.0,ASK
1225,1712458875.4698362,1209722.96669433,1259.0,-5.663962804928376e-08,1275.0,ASK
1226,1712458875.471105,1214350.37181623,1259.0,-7.228240565464912e-07,1275.0,ASK
1227,1712458881.870121,1215145.28437584,1258.0,-1.2416935751266394e-07,1275.0,ASK
1228,1712458881.8721142,1216089.06288404,1258.0,-1.4742297071632174e-07,1275.0,ASK
1229,1712458881.8733358,1229912.85488144,1258.0,-2.159346144370673e-06,1275.0,ASK
1230,1712458883.9683545,1229952.56894021,1259.0,6.203536605451726e-09,1275.0,BID
1231,1712458890.9583735,1229952.56894021,1259.0,0.0,1275.0,BID
1232,1712458901.0582497,1232638.14736428,1258.0,-4.174948425055392e-07,1275.0,ASK
1233,1712458901.060608,1232663.34789288,1258.0,-3.917625575415879e-09,1275.0,ASK
1234,1712458915.1185691,1236637.91069097,1258.0,-6.178778674063805e-07,1275.0,ASK
1235,1712458915.1217148,1237407.62272199,1258.0,-1.1965794790618596e-07,1275.0,ASK
1236,1712458915.1247408,1238676.44256708,1258.0,-1.9724828612188245e-07,1275.0,ASK
1237,1712458915.450462,1238732.9197192,1258.0,8.779829148986021e-09,1275.0,BID
1238,1712458915.4580867,1239228.49448494,1258.0,7.70410973360314e-08,1275.0,BID
1239,1712458915.459624,1240019.39481505,1258.0,1.2295184001978624e-07,1275.0,BID
1240,1712458915.5579302,1240974.35809044,1258.0,1.4845674908770288e-07,1275.0,BID
1241,1712458915.657965,1241649.88651651,1258.0,1.0501634631942317e-07,1275.0,BID
1242,1712458920.619483,1241649.88651651,1258.0,0.0,1275.0,BID
1243,1712458923.7601068,1241659.88651651,1257.0,-1.551032571387356e-09,1275.0,ASK
1244,1712458936.6089704,1242890.31927666,1258.0,1.908441287894602e-07,1275.0,BID
1245,1712458936.6107972,1243174.26529823,1258.0,4.404095279711216e-08,1275.0,BID
1246,1712458943.698212,1243182.21442382,1260.0,1.2329352703832966e-09,1275.0,BID
1247,1712458950.6522849,1243182.21442382,1260.0,0.0,1275.0,BID
1248,1712458981.0320823,1243182.21442382,1260.0,0.0,1275.0,BID
1249,1712458984.488404,1243975.86521747,1260.0,1.2306102928360854e-07,1275.0,BID
1250,1712459010.9811249,1243975.86521747,1260.0,0.0,1275.0,BID
1251,1712459040.6909163,1243975.86521747,1260.0,0.0,1275.0,BID
1252,1712459041.6530266,1245688.11289114,1260.0,2.654546504247856e-07,1275.0,BID
1253,1712459041.6544752,1246082.55937033,1260.0,6.115216499041186e-08,1275.0,BID
1254,1712459041.6559005,1246265.09905286,1260.0,2.8299648678022265e-08,1275.0,BID
1255,1712459041.6603396,1247060.18099608,1260.0,1.232638259885413e-07,1275.0,BID
1256,1712459062.0384398,1248646.68932921,1260.0,2.459609210999303e-07,1275.0,BID
1257,1712459062.438336,1248743.54192671,1260.0,1.5015334993553755e-08,1275.0,BID
1258,1712459062.4400873,1248746.68932921,1260.0,4.879508048051568e-10,1275.0,BID
1259,1712459070.65825,1248746.68932921,1260.0,0.0,1275.0,BID
1260,1712459081.7981932,1249042.70110718,1260.0,4.58488236072958e-08,1275.0,BID
1261,1712459081.8181336,1249042.7011072,1260.0,3.101400092469717e-18,1275.0,BID
1262,1712459100.954018,1249042.7011072,1260.0,0.0,1275.0,BID
1263,1712459129.6766548,1249116.08424286,1261.0,1.1416642160267846e-08,1275.0,BID
1264,1712459129.6783683,1252274.43626972,1262.0,4.91363234651604e-07,1275.0,BID
1265,1712459130.969072,1252274.43626972,1262.0,0.0,1275.0,BID
1266,1712459160.6317914,1252274.43626972,1262.0,0.0,1275.0,BID
1267,1712459190.6016033,1252274.43626972,1262.0,0.0,1275.0,BID
1268,1712459203.0987065,1253250.93283844,1260.0,-1.51822931969448e-07,1275.0,ASK
1269,1712459203.1024606,1253845.37931763,1260.0,-9.242286174940401e-08,1275.0,ASK
1270,1712459217.3580365,1255342.31116035,1260.0,-2.3273874030925002e-07,1275.0,ASK
1271,1712459220.688557,1255342.31116035,1260.0,-0.0,1275.0,ASK
1272,1712459230.4683363,1255436.77275182,1260.0,-1.4677800415679525e-08,1275.0,ASK
1273,1712459242.1581714,1255928.61545627,1260.0,-7.642438518637335e-08,1275.0,ASK
1274,1712459248.2176652,1255936.5519642,1262.0,1.2332047087268e-09,1275.0,BID
1275,1712459250.6150694,1255936.5519642,1262.0,0.0,1275.0,BID
1276,1712459268.878758,1255944.47589446,1262.0,1.2311071093964783e-09,1275.0,BID
1277,1712459275.058308,1256885.06566895,1262.0,1.461354050858202e-07,1275.0,BID
1278,1712459275.0600083,1257229.04676275,1262.0,5.344286940772503e-08,1275.0,BID
1279,1712459280.958155,1257229.04676275,1262.0,0.0,1275.0,BID
1280,1712459302.5382552,1257478.30637894,1260.0,-3.871658747301576e-08,1275.0,ASK
1281,1712459302.5680404,1257828.90020927,1260.0,-5.44564615277831e-08,1275.0,ASK
1282,1712459302.9523852,1257884.53756067,1260.0,-8.641946959445039e-09,1275.0,ASK
1283,1712459302.9634073,1258193.20537504,1260.0,-4.794424631568888e-08,1275.0,ASK
1284,1712459303.0298877,1259543.55307958,1260.0,-2.0974458607039334e-07,1275.0,ASK
1285,1712459303.0486443,1260121.69500776,1260.0,-8.980067800936222e-08,1275.0,ASK
1286,1712459303.0513997,1260202.573456,1260.0,-1.2562554511759486e-08,1275.0,ASK
1287,1712459303.1685295,1260828.55269002,1260.0,-9.723107232807933e-08,1275.0,ASK
1288,1712459310.963123,1260828.55269002,1260.0,-0.0,1275.0,ASK
1289,1712459317.6486778,1260856.72551212,1259.0,-4.372901198997586e-09,1275.0,ASK
1290,1712459340.6082582,1260856.72551212,1259.0,-0.0,1275.0,ASK
1291,1712459346.698554,1260907.18692334,1259.0,-7.832426229666616e-09,1275.0,ASK
1292,1712459346.7019422,1263460.60036753,1259.0,-3.963310171460761e-07,1275.0,ASK
1293,1712459354.6284306,1263534.56026014,1258.0,-1.1479770161337397e-08,1275.0,ASK
1294,1712459363.2685163,1263750.19160934,1259.0,3.3469468938310684e-08,1275.0,BID
1295,1712459365.597999,1264015.00118333,1259.0,4.1102723904076006e-08,1275.0,BID
1296,1712459365.617967,1264015.00118334,1259.0,1.553980323625002e-18,1275.0,BID
1297,1712459370.6983547,1264015.00118334,1259.0,0.0,1275.0,BID
1298,1712459390.9287665,1264055.84907849,1259.0,-6.336342629631499e-09,1275.0,ASK
1299,1712459391.048144,1264094.4293009,1259.0,5.984580283056627e-09,1275.0,BID
1300,1712459400.6795597,1264094.4293009,1259.0,0.0,1275.0,BID
1301,1712459430.648543,1264094.4293009,1259.0,0.0,1275.0,BID
1302,1712459457.6884725,1264888.08009455,1260.0,1.237752565569767e-07,1275.0,BID
1303,1712459460.9585257,1264888.08009455,1260.0,0.0,1275.0,BID
1304,1712459466.8489182,1265205.79256476,1259.0,-4.954170119831061e-08,1275.0,ASK
1305,1712459466.8530896,1265286.16926652,1259.0,-1.2533340410824393e-08,1275.0,ASK
1306,1712459471.7681215,1265296.16926652,1260.0,1.5593250452390666e-09,1275.0,BID
1307,1712459490.9582708,1265296.16926652,1260.0,0.0,1275.0,BID
1308,1712459519.8283074,1266089.82006017,1260.0,1.23746041781511e-07,1275.0,BID
1309,1712459520.6084037,1266089.82006017,1260.0,0.0,1275.0,BID
1310,1712459526.590659,1266099.82006017,1260.0,1.558957053845138e-09,1275.0,BID
1311,1712459550.6284993,1266099.82006017,1260.0,0.0,1275.0,BID
1312,1712459557.4227653,1266887.48712273,1260.0,1.2279367112404266e-07,1275.0,BID
1313,1712459557.678679,1267153.69202682,1261.0,4.1500119781850773e-08,1275.0,BID
1314,1712459557.6816304,1268199.25460485,1261.0,1.6299839545017894e-07,1275.0,BID
1315,1712459560.0088143,1268207.19111278,1261.0,1.2372650717022715e-09,1275.0,BID
1316,1712459580.969199,1268207.19111278,1261.0,0.0,1275.0,BID
1317,1712459591.3486595,1269000.84190643,1260.0,-1.236752867989748e-07,1275.0,ASK
1318,1712459606.0683568,1269150.16565725,1260.0,-2.32692487128146e-08,1275.0,ASK
1319,1712459610.9881313,1269150.16565725,1260.0,-0.0,1275.0,ASK
1320,1712459640.6590962,1269150.16565725,1260.0,-0.0,1275.0,ASK
1321,1712459651.0581832,1270040.78001364,1260.0,-1.387595109625752e-07,1275.0,ASK
1322,1712459670.6402228,1270040.78001364,1260.0,-0.0,1275.0,ASK
1323,1712459682.9890895,1270048.71652158,1260.0,-1.2363077736755055e-09,1275.0,ASK
1324,1712459682.9926658,1287627.46055816,1260.0,-2.738324974662944e-06,1275.0,ASK
1325,1712459682.9960525,1288192.35048978,1260.0,-8.7995604490974e-08,1275.0,ASK
1326,1712459689.0485904,1288216.16001358,1260.0,3.708923317871102e-09,1275.0,BID
1327,1712459698.2484474,1289803.46160088,1260.0,2.4726155462419015e-07,1275.0,BID
1328,1712459700.6881196,1289803.46160088,1260.0,0.0,1275.0,BID
1329,1712459730.678716,1289803.46160088,1260.0,0.0,1275.0,BID
1330,1712459733.7985046,1291595.49786238,1260.0,2.792095652284756e-07,1275.0,BID
1331,1712459733.8021302,1291782.27704663,1260.0,2.9101272082796585e-08,1275.0,BID
1332,1712459742.1585722,1291980.36929177,1260.0,-3.086391209204931e-08,1275.0,ASK
1333,1712459760.9682164,1291980.36929177,1260.0,-0.0,1275.0,ASK
1334,1712459790.3583813,1293771.71556913,1260.0,-2.789828355715893e-07,1275.0,ASK
1335,1712459790.942871,1294258.24074021,1260.0,7.577104076434332e-08,1275.0,BID
1336,1712459790.9484725,1294258.24074021,1260.0,0.0,1275.0,BID
1337,1712459790.988516,1294716.43100056,1260.0,7.133310954585681e-08,1275.0,BID
1338,1712459791.0285487,1294881.05201178,1260.0,2.562893549489662e-08,1275.0,BID
1339,1712459805.5193102,1294920.73455146,1260.0,6.177955305928766e-09,1275.0,BID
1340,1712459813.948596,1295886.76525763,1260.0,1.5039598208667212e-07,1275.0,BID
1341,1712459820.6527169,1295886.76525763,1260.0,0.0,1275.0,BID
1342,1712459850.6085627,1295886.76525763,1260.0,0.0,1275.0,BID
1343,1712459880.998165,1295886.76525763,1260.0,0.0,1275.0,BID
1344,1712459895.4490092,1295910.55589997,1261.0,3.7022975736782067e-09,1275.0,BID
1345,1712459910.9602425,1295910.55589997,1261.0,0.0,1275.0,BID
1346,1712459914.7482345,1296103.24385416,1261.0,2.9985941723380794e-08,1275.0,BID
1347,1712459923.9286966,1296218.61513677,1260.0,-1.79539845728397e-08,1275.0,ASK
1348,1712459923.9313786,1296323.24385416,1260.0,-1.628223536564414e-08,1275.0,ASK
1349,1712459933.8706682,1296720.06925098,1260.0,-6.175364346683943e-08,1275.0,ASK
1350,1712459933.8744977,1297513.09726078,1260.0,-1.2341036982223262e-07,1275.0,ASK
1351,1712459933.8813305,1297763.09726078,1258.0,-3.8904795384640726e-08,1275.0,ASK
1352,1712459933.884328,1298628.80046908,1258.0,-1.3472002473096218e-07,1275.0,ASK
1353,1712459933.8868468,1298638.80046908,1260.0,-1.556191815385629e-09,1275.0,ASK
1354,1712459933.8885944,1299601.99203987,1258.0,-1.4989108391118554e-07,1275.0,ASK
1355,1712459940.6450732,1299601.99203987,1258.0,-0.0,1275.0,ASK
1356,1712459949.188542,1299609.94116546,1261.0,1.236142439592322e-09,1275.0,BID
1357,1712459969.418496,1299709.94116546,1261.0,1.555067190210001e-08,1275.0,BID
1358,1712459969.422489,1300683.43377878,1261.0,1.513846422885733e-07,1275.0,BID
1359,1712459970.6207402,1300683.43377878,1261.0,0.0,1275.0,BID
1360,1712459997.188473,1300762.67308147,1262.0,1.2319631425952968e-08,1275.0,BID
1361,1712460000.6585371,1300762.67308147,1262.0,0.0,1275.0,BID
1362,1712460003.3083742,1300844.03176821,1262.0,1.2708168939122526e-08,1275.0,BID
1363,1712460030.6584153,1300844.03176821,1262.0,0.0,1275.0,BID
1364,1712460060.9758248,1300844.03176821,1262.0,0.0,1275.0,BID
1365,1712460074.7985342,1301089.61613651,1262.0,3.835948826715543e-08,1275.0,BID
1366,1712460079.3581862,1301271.86653271,1262.0,-2.8466925574758017e-08,1275.0,ASK
1367,1712460091.0018792,1301271.86653271,1262.0,-0.0,1275.0,ASK
1368,1712460100.5733082,1301517.69739789,1262.0,-3.8394752267936083e-08,1275.0,ASK
1369,1712460120.6422927,1301517.69739789,1262.0,-0.0,1275.0,ASK
1370,1712460150.6598504,1301517.69739789,1262.0,-0.0,1275.0,ASK
1371,1712460170.0583308,1301817.69739789,1262.0,-4.6852813145097074e-08,1275.0,ASK
1372,1712460171.938104,1302056.37325365,1262.0,-3.727545090723092e-08,1275.0,ASK
1373,1712460178.8728795,1302063.45163844,1263.0,1.1054741330964188e-09,1275.0,BID
1374,1712460180.9485772,1302063.45163844,1263.0,0.0,1275.0,BID
1375,1712460210.9790409,1302063.45163844,1263.0,0.0,1275.0,BID
1376,1712460213.0587196,1302435.10420985,1262.0,-5.8036985466052944e-08,1275.0,ASK
1377,1712460213.0624928,1302636.75414937,1262.0,-3.148950258768967e-08,1275.0,ASK
1378,1712460213.1786394,1303406.28089039,1262.0,-1.201687159458273e-07,1275.0,ASK
1379,1712460213.1826184,1304756.62858492,1262.0,-2.108692783267682e-07,1275.0,ASK
1380,1712460213.2080848,1304964.71403552,1262.0,-3.2494467148052346e-08,1275.0,ASK
1381,1712460240.6397495,1304964.71403552,1262.0,-0.0,1275.0,ASK
1382,1712460259.3581922,1305064.71403552,1262.0,1.5607001172708945e-08,1275.0,BID
1383,1712460270.6807172,1305064.71403552,1262.0,0.0,1275.0,BID
1384,1712460301.015653,1305064.71403552,1262.0,0.0,1275.0,BID
1385,1712460330.9782794,1305064.71403552,1262.0,0.0,1275.0,BID
1386,1712460360.94815,1305064.71403552,1262.0,0.0,1275.0,BID
1387,1712460380.9652529,1305226.41606881,1262.0,-2.53667129358868e-08,1275.0,ASK
1388,1712460380.9696138,1305716.10731703,1261.0,-7.681942563169781e-08,1275.0,ASK
1389,1712460380.9744086,1305724.55799056,1262.0,-1.325684069592711e-09,1275.0,ASK
1390,1712460380.9771028,1305803.86013171,1261.0,-1.2440379436330877e-08,1275.0,ASK
1391,1712460380.979253,1306041.57803978,1262.0,-3.729156530096176e-08,1275.0,ASK
1392,1712460380.9815829,1306267.84290893,1261.0,-3.5494890611009174e-08,1275.0,ASK
1393,1712460380.9837506,1306437.84290893,1262.0,-2.6668441400291365e-08,1275.0,ASK
1394,1712460380.9859183,1310056.79010526,1261.0,-5.677157719769049e-07,1275.0,ASK
1395,1712460380.9881198,1310064.71403552,1262.0,-1.243052175305909e-09,1275.0,ASK
1396,1712460390.9784513,1310064.71403552,1262.0,-0.0,1275.0,ASK
1397,1712460404.7788815,1314144.20959107,1260.0,-6.393310480236939e-07,1275.0,ASK
1398,1712460404.7814105,1314324.20959107,1260.0,-2.8209269277841816e-08,1275.0,ASK
1399,1712460404.788107,1314604.04508387,1261.0,-4.3855304277180443e-08,1275.0,ASK
1400,1712460404.791583,1315064.71403552,1260.0,-7.219519169466765e-08,1275.0,ASK
1401,1712460420.648289,1315064.71403552,1260.0,-0.0,1275.0,ASK
1402,1712460428.7584424,1315193.36565012,1260.0,-2.0142156935798072e-08,1275.0,ASK
1403,1712460431.428182,1315322.01726472,1260.0,-2.0142156935834524e-08,1275.0,ASK
1404,1712460450.6081874,1315322.01726472,1260.0,-0.0,1275.0,ASK
1405,1712460480.9284966,1315322.01726472,1260.0,-0.0,1275.0,ASK
1406,1712460485.4789543,1315822.01726472,1262.0,7.827781512882234e-08,1275.0,BID
1407,1712460485.71852,1315822.01726473,1262.0,-1.5673907709025592e-18,1275.0,ASK
1408,1712460485.7218957,1316113.61829463,1262.0,-4.565178301975754e-08,1275.0,ASK
1409,1712460504.2083087,1316216.09520588,1262.0,1.6043337427606136e-08,1275.0,BID
1410,1712460507.1335683,1316906.01132157,1262.0,-1.080102523167576e-07,1275.0,ASK
1411,1712460508.3806863,1319550.6240351,1260.0,-4.140290101540629e-07,1275.0,ASK
1412,1712460510.948032,1319550.6240351,1260.0,-0.0,1275.0,ASK
1413,1712460540.6220057,1319550.6240351,1260.0,-0.0,1275.0,ASK
1414,1712460561.919401,1319566.46397566,1261.0,2.477763858263196e-09,1275.0,BID
1415,1712460570.6436057,1319566.46397566,1261.0,0.0,1275.0,BID
1416,1712460586.3183372,1319862.73106974,1260.0,-4.6343457017692034e-08,1275.0,ASK
1417,1712460597.5590758,1320718.61644103,1261.0,1.3388151336767462e-07,1275.0,BID
1418,1712460597.5637307,1320791.81579565,1261.0,1.145017861361952e-08,1275.0,BID
1419,1712460600.7110877,1320791.81579565,1261.0,0.0,1275.0,BID
1420,1712460630.615517,1320791.81579565,1261.0,0.0,1275.0,BID
1421,1712460632.3187196,1320891.81579565,1261.0,-1.5779128943567628e-08,1275.0,ASK
1422,1712460660.9187405,1320891.81579565,1261.0,-0.0,1275.0,ASK
1423,1712460690.968161,1320891.81579565,1261.0,-0.0,1275.0,ASK
1424,1712460720.619043,1320891.81579565,1261.0,-0.0,1275.0,ASK
1425,1712460733.398036,1327697.11888598,1262.0,1.0737961837839534e-06,1275.0,BID
1426,1712460748.361847,1327990.15778649,1262.0,4.623806594521038e-08,1275.0,BID
1427,1712460750.658231,1327990.15778649,1262.0,0.0,1275.0,BID
1428,1712460777.6381314,1327995.43961467,1262.0,8.322335481766937e-10,1275.0,BID
1429,1712460780.9494414,1327995.43961467,1262.0,0.0,1275.0,BID
1430,1712460784.5484202,1337178.63516968,1262.0,1.4469526711483238e-06,1275.0,BID
1431,1712460784.5526905,1337573.08164887,1262.0,6.215106530945054e-08,1275.0,BID
1432,1712460784.6687603,1337955.08164886,1263.0,6.018993247536965e-08,1275.0,BID
1433,1712460784.6729372,1338846.66435757,1263.0,1.40482468677683e-07,1275.0,BID
1434,1712460810.9781368,1338846.66435757,1263.0,0.0,1275.0,BID
1435,1712460840.6484883,1338846.66435757,1263.0,0.0,1275.0,BID
1436,1712460870.6697106,1338846.66435757,1263.0,0.0,1275.0,BID
1437,1712460893.1183946,1338920.58403192,1261.0,-1.1622093559787102e-08,1275.0,ASK
1438,1712460900.9719782,1338920.58403192,1261.0,-0.0,1275.0,ASK
1439,1712460930.9685106,1338920.58403192,1261.0,-0.0,1275.0,ASK
1440,1712460960.6380944,1338920.58403192,1261.0,-0.0,1275.0,ASK
1441,1712460978.2226632,1339093.90703021,1262.0,-2.7351406195928443e-08,1275.0,ASK
1442,1712460987.4987533,1339133.52668155,1262.0,-6.2522180428330635e-09,1275.0,ASK
1443,1712460987.50836,1339548.09515995,1261.0,-6.542138643236696e-08,1275.0,ASK
1444,1712460987.5116663,1341467.89279627,1262.0,-3.0295555398327896e-07,1275.0,ASK
1445,1712460987.515,1345384.48246464,1261.0,-6.180612843031566e-07,1275.0,ASK
1446,1712460990.6584775,1345384.48246464,1261.0,-0.0,1275.0,ASK
1447,1712461003.929923,1345973.48246464,1261.0,-9.28282904947043e-08,1275.0,ASK
1448,1712461003.9343357,1346186.38483056,1261.0,-3.355409621501531e-08,1275.0,ASK
1449,1712461003.9386847,1348481.09110855,1260.0,-3.616530746575192e-07,1275.0,ASK
1450,1712461003.9432802,1349247.26003024,1261.0,-1.2075068120653776e-07,1275.0,ASK
1451,1712461003.9451663,1351333.26284166,1260.0,-3.287607384571589e-07,1275.0,ASK
1452,1712461007.089092,1351391.49068976,1264.0,9.17689575264732e-09,1275.0,BID
1453,1712461007.0934792,1351491.49068976,1264.0,1.5760320966842832e-08,1275.0,BID
1454,1712461009.7383685,1355558.62949334,1261.0,-6.40994129611195e-07,1275.0,ASK
1455,1712461009.7430406,1355953.07597253,1261.0,-6.216603116277715e-08,1275.0,ASK
1456,1712461010.2426312,1356008.6843586,1264.0,8.764060129113415e-09,1275.0,BID
1457,1712461020.9683676,1356008.6843586,1264.0,0.0,1275.0,BID
1458,1712461021.3682225,1359354.87332068,1261.0,-5.262592716809611e-07,1275.0,ASK
1459,1712461050.9683568,1359354.87332068,1261.0,-0.0,1275.0,ASK
1460,1712461080.6825783,1359354.87332068,1261.0,-0.0,1275.0,ASK
1461,1712461110.678353,1359354.87332068,1261.0,-0.0,1275.0,ASK
1462,1712461140.969798,1359354.87332068,1261.0,-0.0,1275.0,ASK
1463,1712461161.7286987,1362912.4783339,1264.0,5.59137884074223e-07,1275.0,BID
1464,1712461161.7338624,1363306.92481309,1264.0,6.19939450656327e-08,1275.0,BID
1465,1712461161.808459,1363683.72439919,1264.0,-5.9220436925721584e-08,1275.0,ASK
1466,1712461161.8133771,1364269.14909528,1264.0,-9.200940650811364e-08,1275.0,ASK
1467,1712461170.7322412,1365963.75137013,1264.0,-2.663354494909017e-07,1275.0,ASK
1468,1712461170.8182526,1368974.72421544,1264.0,-4.732253804105654e-07,1275.0,ASK
1469,1712461170.8203175,1371188.19306478,1264.0,-3.478841198742363e-07,1275.0,ASK
1470,1712461170.8984413,1371957.71979584,1264.0,-1.2094415949624605e-07,1275.0,ASK
1471,1712461170.9026885,1373444.36259503,1264.0,-2.3365109561754213e-07,1275.0,ASK
1472,1712461170.9784262,1373444.36259503,1264.0,-0.0,1275.0,ASK
1473,1712461175.0785687,1373476.00816465,1264.0,4.959754882867038e-09,1275.0,BID
1474,1712461200.6947894,1373476.00816465,1264.0,0.0,1275.0,BID
1475,1712461229.5282664,1373576.00816465,1264.0,1.5718784252677082e-08,1275.0,BID
1476,1712461230.6237683,1373576.00816465,1264.0,0.0,1275.0,BID
1477,1712461260.978724,1373576.00816465,1264.0,0.0,1275.0,BID
1478,1712461290.948389,1373576.00816465,1264.0,0.0,1275.0,BID
1479,1712461320.657524,1373576.00816465,1264.0,0.0,1275.0,BID
1480,1712461342.7986803,1373786.95903628,1263.0,-3.3158253584444623e-08,1275.0,ASK
1481,1712461342.801018,1373981.86741523,1263.0,-3.0636618872566003e-08,1275.0,ASK
1482,1712461347.9190886,1374061.04397896,1263.0,-1.2445345960506673e-08,1275.0,ASK
1483,1712461350.6287289,1374061.04397896,1263.0,-0.0,1275.0,ASK
1484,1712461356.2588508,1374264.27590451,1264.0,3.194187748209764e-08,1275.0,BID
1485,1712461356.263502,1374366.7483276,1264.0,1.6105548253710697e-08,1275.0,BID
1486,1712461362.479306,1374392.3467914,1264.0,-4.0232999427536864e-09,1275.0,ASK
1487,1712461378.3743362,1374471.39817479,1265.0,1.2424473153992717e-08,1275.0,BID
1488,1712461380.9584236,1374471.39817479,1265.0,0.0,1275.0,BID
1489,1712461383.7086642,1374496.95140607,1265.0,4.0158633355121405e-09,1275.0,BID
1490,1712461392.7898731,1374512.15013081,1265.0,2.3885825147026647e-09,1275.0,BID
1491,1712461410.9693508,1374512.15013081,1265.0,0.0,1275.0,BID
1492,1712461418.379222,1374537.72597835,1264.0,-4.019385070373912e-09,1275.0,ASK
1493,1712461428.028659,1375060.49885057,1264.0,-8.215663134944909e-08,1275.0,ASK
1494,1712461429.061413,1375502.29852447,1264.0,-6.943124800024644e-08,1275.0,ASK
1495,1712461440.6240315,1375502.29852447,1264.0,-0.0,1275.0,ASK
1496,1712461442.3885562,1375591.00708102,1264.0,-1.3938295938359249e-08,1275.0,ASK
1497,1712461470.672072,1375591.00708102,1264.0,-0.0,1275.0,ASK
1498,1712461500.3253958,1375670.12100507,1264.0,-1.2430524200526373e-08,1275.0,ASK
1499,1712461500.6778154,1375670.12100507,1264.0,-0.0,1275.0,ASK
1500,1712461522.8386323,1375994.1904585,1264.0,-5.1318015607413744e-08,1275.0,ASK
1501,1712461529.0586147,1376156.22518522,1264.0,-2.5659007804462703e-08,1275.0,ASK
1502,1712461530.6509583,1376156.22518522,1264.0,-0.0,1275.0,ASK
