,time,acc_trade_volume,trade_price,dev,high,ask_bid
0,1712451675.117622,498889.46511067,2843.0,0.0,2877.0,BID
1,1712451690.165615,498889.46511067,2843.0,0.0,2877.0,BID
2,1712451704.002872,499272.01460271,2843.0,-2.6926272911005408e-08,2877.0,ASK
3,1712451704.0102592,512072.41924103,2841.0,-9.009741114142068e-07,2877.0,ASK
4,1712451704.0113478,514352.10863313,2842.0,-1.6045907784812348e-07,2877.0,ASK
5,1712451704.0123403,514377.7097587,2843.0,-1.801970485573209e-09,2877.0,ASK
6,1712451704.0132,514667.81461827,2841.0,-2.0419430123758492e-08,2877.0,ASK
7,1712451720.110015,514667.81461827,2841.0,-0.0,2877.0,ASK
8,1712451737.4006083,515102.39912531,2840.0,-3.049261338754571e-08,2877.0,ASK
9,1712451737.402156,516371.24953279,2839.0,-8.902886388067204e-08,2877.0,ASK
10,1712451737.4118538,516388.85516659,2840.0,-1.235298949250614e-09,2877.0,ASK
11,1712451737.4130502,517970.17873223,2841.0,-1.1095353687615968e-07,2877.0,ASK
12,1712451737.4142404,518120.70188363,2840.0,-1.0561453956970804e-08,2877.0,ASK
13,1712451744.789619,518229.92846457,2840.0,-7.663880903007917e-09,2877.0,ASK
14,1712451744.9098024,519301.16558897,2840.0,7.51633317607094e-08,2877.0,BID
15,1712451744.92214,520005.16558897,2840.0,4.9396146151281e-08,2877.0,BID
16,1712451744.9232404,520065.43331828,2840.0,4.228684041478834e-09,2877.0,BID
17,1712451744.9243088,520258.56249894,2840.0,1.3550905161873285e-08,2877.0,BID
18,1712451744.9296465,520337.47801853,2840.0,5.537105879649289e-09,2877.0,BID
19,1712451744.9399743,520393.35682483,2840.0,3.9207353448206045e-09,2877.0,BID
20,1712451744.9516008,520520.74723341,2840.0,8.938345512059534e-09,2877.0,BID
21,1712451745.0197856,520568.64501919,2840.0,3.360747197030887e-09,2877.0,BID
22,1712451745.0640547,521273.11842531,2840.0,4.942936268238023e-08,2877.0,BID
23,1712451745.0652132,523210.42029216,2840.0,1.359307473779434e-07,2877.0,BID
24,1712451745.140954,523914.89369828,2840.0,4.9429362682376136e-08,2877.0,BID
25,1712451745.1595466,524971.60380747,2840.0,7.414404402426669e-08,2877.0,BID
26,1712451745.199696,524991.60280747,2840.0,1.40322944159499e-09,2877.0,BID
27,1712451745.599481,525439.34359462,2839.0,-3.14157235226569e-08,2877.0,ASK
28,1712451746.2797112,526192.91517185,2839.0,-5.287433489247805e-08,2877.0,ASK
29,1712451748.6696455,526243.80852708,2840.0,3.570931268564552e-09,2877.0,BID
30,1712451748.8493023,528644.66685908,2839.0,-1.684561776363515e-07,2877.0,ASK
31,1712451748.9492135,530184.00808208,2839.0,-1.0800784663068713e-07,2877.0,ASK
32,1712451750.1106124,530184.00808208,2839.0,-0.0,2877.0,ASK
33,1712451757.9098864,536005.75821045,2839.0,-4.072240296016281e-07,2877.0,ASK
34,1712451763.1296513,538384.46356734,2839.0,-1.6638741947157318e-07,2877.0,ASK
35,1712451763.1307404,538486.64913834,2839.0,-7.14775094639912e-09,2877.0,ASK
36,1712451763.1417427,539177.56681906,2839.0,-4.8328814507980974e-08,2877.0,ASK
37,1712451771.3297992,539212.8029008,2838.0,-2.464719178449956e-09,2877.0,ASK
38,1712451771.331354,542700.41183922,2838.0,-2.4395381702438374e-07,2877.0,ASK
39,1712451780.1601064,542700.41183922,2838.0,-0.0,2877.0,ASK
40,1712451780.2106752,542880.74798561,2838.0,-1.258301169828147e-08,2877.0,ASK
41,1712451780.2114778,542949.10316168,2838.0,-4.7695040475499735e-09,2877.0,ASK
42,1712451782.7994168,543440.89576622,2838.0,-3.4314984654657936e-08,2877.0,ASK
43,1712451784.749433,543873.76668546,2838.0,-3.0203705411673794e-08,2877.0,ASK
44,1712451796.7578814,544147.66046603,2838.0,-1.9111025238082005e-08,2877.0,ASK
45,1712451801.0360675,544202.66046603,2839.0,3.837642409794811e-09,2877.0,BID
46,1712451808.9597886,544261.48016535,2839.0,4.1041631389427754e-09,2877.0,BID
47,1712451808.9613836,544284.92046603,2839.0,1.635554399780077e-09,2877.0,BID
48,1712451810.1620762,544284.92046603,2839.0,0.0,2877.0,BID
49,1712451814.530593,544307.78713269,2838.0,-1.5950284201080923e-09,2877.0,ASK
50,1712451815.674511,544742.52471634,2839.0,3.032443737965379e-08,2877.0,BID
51,1712451825.8239534,544777.74838664,2839.0,2.456971801989736e-09,2877.0,BID
52,1712451827.8705688,544925.31938664,2839.0,1.0293583340507972e-08,2877.0,BID
53,1712451833.6306398,545360.05697029,2839.0,3.032443737965379e-08,2877.0,BID
54,1712451834.6488822,545496.85258929,2839.0,9.541963561897181e-09,2877.0,BID
55,1712451837.849348,545879.72647671,2838.0,-2.6706766702554372e-08,2877.0,ASK
56,1712451838.60966,545879.7264772,2839.0,3.4178628661282566e-17,2877.0,BID
57,1712451840.1195652,545879.7264772,2839.0,0.0,2877.0,BID
58,1712451849.0493076,545903.90061837,2839.0,-1.685696923026457e-09,2877.0,ASK
59,1712451851.3896542,546040.69623737,2839.0,-9.538951245888344e-09,2877.0,ASK
60,1712451869.409881,546071.19812165,2839.0,-2.1269393653223503e-09,2877.0,ASK
61,1712451869.5010338,546314.30283365,2839.0,1.695203408096008e-08,2877.0,BID
62,1712451870.1111078,546314.30283365,2839.0,0.0,2877.0,BID
63,1712451870.1470995,546314.30283428,2839.0,4.3921660994766356e-17,2877.0,BID
64,1712451900.162948,546314.30283428,2839.0,0.0,2877.0,BID
65,1712451902.2425666,548321.10207128,2842.0,1.4290297138860076e-07,2877.0,BID
66,1712451902.342839,548659.85348628,2842.0,2.4122285315371682e-08,2877.0,BID
67,1712451905.630845,550666.65272393,2842.0,1.429029714348831e-07,2877.0,BID
68,1712451910.6097646,550684.22124114,2846.0,1.2510435851894366e-09,2877.0,BID
69,1712451912.2398586,550984.72472014,2842.0,-2.139867270724069e-08,2877.0,ASK
70,1712451912.241294,550984.72472088,2842.0,-5.269867385577549e-17,2877.0,ASK
71,1712451930.1768909,550984.72472088,2842.0,-0.0,2877.0,ASK
72,1712451931.7694125,550988.24336971,2842.0,2.503242707755546e-10,2877.0,BID
73,1712451941.189746,551220.28076526,2843.0,1.6507641040591794e-08,2877.0,BID
74,1712451941.2002962,551252.06038681,2842.0,2.260870855363163e-09,2877.0,BID
75,1712451944.2295823,551536.18311417,2840.0,-2.021310394221913e-08,2877.0,ASK
76,1712451947.7695231,551562.50035357,2839.0,-1.872265201757153e-09,2877.0,ASK
77,1712451947.7713854,551571.39893139,2838.0,-6.330640286532795e-10,2877.0,ASK
78,1712451954.0491912,553029.23453545,2838.0,-1.0371357078448645e-07,2877.0,ASK
79,1712451960.1094413,553029.23453545,2838.0,-0.0,2877.0,ASK
80,1712451960.3968306,553425.15568997,2841.0,2.8155059393863328e-08,2877.0,BID
81,1712451964.8460994,553453.84616835,2838.0,-2.0402600709863056e-09,2877.0,ASK
82,1712451964.8479612,553976.67914931,2838.0,-3.718011392911364e-08,2877.0,ASK
83,1712451964.84975,554011.91523106,2838.0,-2.505736213265613e-09,2877.0,ASK
84,1712451964.8515408,554210.6267242,2839.0,-1.4130929423010616e-08,2877.0,ASK
85,1712451964.8547146,554639.45635774,2838.0,-3.049527327430898e-08,2877.0,ASK
86,1712451964.8995974,554697.10800281,2838.0,4.099769543936779e-09,2877.0,BID
87,1712451964.9014192,555753.79436136,2838.0,7.514391905057034e-08,2877.0,BID
88,1712451972.4464898,555843.32044936,2841.0,-6.366450229197757e-09,2877.0,ASK
89,1712451990.1127906,555843.32044936,2841.0,-0.0,2877.0,ASK
90,1712451996.8099878,555845.32044936,2843.0,1.4214484190875942e-10,2877.0,BID
91,1712451997.3793025,556240.56772336,2843.0,2.8091180638804844e-08,2877.0,BID
92,1712452013.979396,556240.56772385,2841.0,-3.482492405420451e-17,2877.0,ASK
93,1712452020.1701508,556240.56772385,2841.0,-0.0,2877.0,ASK
94,1712452020.9863317,556565.22495793,2838.0,-2.307232365227009e-08,2877.0,ASK
95,1712452020.9880288,556635.67229854,2839.0,-5.006461191603564e-09,2877.0,ASK
96,1712452025.5795522,557318.43192946,2838.0,-4.8521485208638324e-08,2877.0,ASK
97,1712452040.5269766,557670.17304799,2843.0,2.499708639337986e-08,2877.0,BID
98,1712452046.1114862,557914.32715216,2843.0,1.7351230532114986e-08,2877.0,BID
99,1712452046.1136336,557914.57476999,2843.0,1.7597386158143626e-11,2877.0,BID
100,1712452050.257665,557914.57476999,2843.0,0.0,2877.0,BID
101,1712452051.990024,558266.31588852,2843.0,2.4988644158188563e-08,2877.0,BID
102,1712452061.8293903,558511.27863823,2838.0,-1.7402818897318112e-08,2877.0,ASK
103,1712452062.1100154,558523.24775535,2843.0,8.503185804579847e-10,2877.0,BID
104,1712452073.9293442,558771.99952839,2838.0,-1.7672001403177536e-08,2877.0,ASK
105,1712452080.0994868,558771.99952839,2838.0,-0.0,2877.0,ASK
106,1712452088.430784,559206.89029653,2838.0,-3.08904769162393e-08,2877.0,ASK
107,1712452088.4330227,559277.36246002,2837.0,-5.005667857325593e-09,2877.0,ASK
108,1712452088.435389,559420.93346071,2838.0,-1.0197909469598316e-08,2877.0,ASK
109,1712452088.437721,559596.92782889,2837.0,-1.2500955103981842e-08,2877.0,ASK
110,1712452088.4400766,559632.18875977,2836.0,-2.504598973327337e-09,2877.0,ASK
111,1712452088.4424484,560051.3907219,2838.0,-2.9776094327787654e-08,2877.0,ASK
112,1712452088.4444735,560069.01497286,2837.0,-1.2518580694940131e-09,2877.0,ASK
113,1712452088.445534,563069.01497286,2837.0,-2.130912807026776e-07,2877.0,ASK
114,1712452088.4466069,564343.98736884,2836.0,-9.056183357331548e-08,2877.0,ASK
115,1712452097.9594102,565324.62442539,2842.0,6.965506876158195e-08,2877.0,BID
116,1712452110.1191375,565324.62442539,2842.0,0.0,2877.0,BID
117,1712452133.5694685,565867.55582195,2836.0,-3.85137811336597e-08,2877.0,ASK
118,1712452139.3296149,565872.43205455,2836.0,-3.45904024534111e-10,2877.0,ASK
119,1712452139.3392038,566143.84903177,2836.0,-1.925343445386117e-08,2877.0,ASK
120,1712452140.160773,566143.84903177,2836.0,-0.0,2877.0,ASK
121,1712452170.210828,566143.84903177,2836.0,-0.0,2877.0,ASK
122,1712452175.44979,566483.37288403,2836.0,-2.40807451481904e-08,2877.0,ASK
123,1712452175.451906,567208.87484222,2836.0,-5.145626041704257e-08,2877.0,ASK
124,1712452184.4396296,567221.7987741,2836.0,-9.16630474837748e-10,2877.0,ASK
125,1712452184.4418068,567232.17698546,2835.0,-7.360751275344072e-10,2877.0,ASK
126,1712452188.8399355,567605.63738038,2836.0,-2.6487696028272813e-08,2877.0,ASK
127,1712452188.8464203,568061.05661494,2835.0,-3.2300630574339346e-08,2877.0,ASK
128,1712452189.720222,568077.92061494,2836.0,1.196079991065758e-09,2877.0,BID
129,1712452195.2095478,568077.9208641,2836.0,1.7671683837819865e-14,2877.0,BID
130,1712452195.7509532,569345.07826826,2835.0,-8.98731983308658e-08,2877.0,ASK
131,1712452195.753533,569459.71671622,2835.0,-8.130737299115247e-09,2877.0,ASK
132,1712452195.7561955,570007.20013002,2836.0,-3.883028680554904e-08,2877.0,ASK
133,1712452195.758267,570289.58629309,2833.0,-2.0028251862130985e-08,2877.0,ASK
134,1712452195.7603052,572256.77983578,2834.0,-1.395232942939527e-07,2877.0,ASK
135,1712452195.7626736,572397.97291731,2833.0,-1.001412593070632e-08,2877.0,ASK
136,1712452195.764718,572722.52071272,2835.0,-2.3018567613600226e-08,2877.0,ASK
137,1712452195.7667196,572767.41000347,2834.0,-3.1837750521478316e-09,2877.0,ASK
138,1712452195.7687798,572777.99201405,2835.0,-7.50529596775353e-10,2877.0,ASK
139,1712452195.7700627,574155.95694061,2833.0,-9.773222705492753e-08,2877.0,ASK
140,1712452195.7712402,574624.88552471,2832.0,-3.325878182416225e-08,2877.0,ASK
141,1712452200.129412,574624.88552471,2832.0,-0.0,2877.0,ASK
142,1712452200.6314511,576122.57214995,2832.0,-1.071138531841764e-07,2877.0,ASK
143,1712452200.6335588,576549.36752423,2832.0,-3.052420732741408e-08,2877.0,ASK
144,1712452200.8327234,576676.00925562,2832.0,9.057357924202108e-09,2877.0,BID
145,1712452200.8340046,576722.95943621,2832.0,3.357855152032063e-09,2877.0,BID
146,1712452200.9954925,576818.62998803,2832.0,6.842313518056554e-09,2877.0,BID
147,1712452201.049428,576866.05767084,2832.0,3.3920058894574082e-09,2877.0,BID
148,1712452201.2558734,576925.38818818,2832.0,4.243291097488743e-09,2877.0,BID
149,1712452201.6043153,576969.78858398,2832.0,3.1754957257944192e-09,2877.0,BID
150,1712452202.5851943,577367.66993991,2832.0,2.8456290138117043e-08,2877.0,BID
151,1712452204.7496204,577470.59092859,2832.0,7.360861401351806e-09,2877.0,BID
152,1712452205.2698631,577534.34885865,2831.0,-4.5599376028816995e-09,2877.0,ASK
153,1712452205.2712152,577973.8472691,2831.0,-3.143272258579614e-08,2877.0,ASK
154,1712452205.272704,578982.3369691,2831.0,-7.212671585836313e-08,2877.0,ASK
155,1712452205.3900454,579053.2080645,2830.0,-5.0686678906916735e-09,2877.0,ASK
156,1712452205.3925002,579153.2080645,2830.0,-7.1519536449763115e-09,2877.0,ASK
157,1712452205.3948753,580647.4935731,2830.0,-1.0687060689866673e-07,2877.0,ASK
158,1712452205.4102569,580998.31945614,2830.0,-2.5090904529605923e-08,2877.0,ASK
159,1712452205.411938,582833.22205862,2830.0,-1.3123138355982708e-07,2877.0,ASK
160,1712452205.413729,584861.81847662,2830.0,-1.4508427545901408e-07,2877.0,ASK
161,1712452213.1393447,584914.76996414,2830.0,-3.787065841756613e-09,2877.0,ASK
162,1712452215.8710282,586153.94626431,2830.0,-8.862531456769207e-08,2877.0,ASK
163,1712452215.8721511,586750.57986431,2830.0,-4.2670958502349286e-08,2877.0,ASK
164,1712452215.8732698,587157.06536431,2830.0,-2.9071654533555053e-08,2877.0,ASK
165,1712452215.874369,588315.78193017,2829.0,-8.287087166696643e-08,2877.0,ASK
166,1712452215.8754797,588319.31799806,2828.0,-2.528979363479296e-10,2877.0,ASK
167,1712452215.8765976,588349.31799806,2829.0,-2.145586093492893e-09,2877.0,ASK
168,1712452215.877702,588616.02922087,2828.0,-1.907506302131869e-08,2877.0,ASK
169,1712452216.7994697,588651.36490991,2830.0,-2.527192100275012e-09,2877.0,ASK
170,1712452220.112981,588663.15506868,2830.0,8.43226689894553e-10,2877.0,BID
171,1712452220.1141317,588692.93877753,2830.0,2.130117050709441e-09,2877.0,BID
172,1712452220.4194915,588696.47234643,2830.0,2.5271920973859007e-10,2877.0,BID
173,1712452225.4794855,588934.58678635,2830.0,1.7029834365077415e-08,2877.0,BID
174,1712452225.4996874,589153.71668227,2830.0,1.5672068578486834e-08,2877.0,BID
175,1712452230.1114745,589153.71668227,2830.0,0.0,2877.0,BID
176,1712452237.8996727,589155.50239655,2828.0,-1.2733894972340112e-10,2877.0,ASK
177,1712452237.9022105,590574.54579267,2828.0,-1.0119171790248793e-07,2877.0,ASK
178,1712452237.9047658,590716.88981671,2828.0,-1.0150525604184421e-08,2877.0,ASK
179,1712452247.9408784,590844.97734165,2830.0,9.133897332526252e-09,2877.0,BID
180,1712452247.9429283,591411.26766318,2830.0,4.0382056407755283e-08,2877.0,BID
181,1712452249.329259,591459.11224451,2834.0,3.4117881034097023e-09,2877.0,BID
182,1712452260.1695356,591459.11224451,2834.0,0.0,2877.0,BID
183,1712452261.0792458,591578.94780051,2833.0,8.541478890375609e-09,2877.0,BID
184,1712452261.1197214,591578.94780095,2833.0,3.1365290887003395e-17,2877.0,BID
185,1712452263.7293797,591720.09106135,2834.0,1.0060221018415542e-08,2877.0,BID
186,1712452263.8095632,592402.10321962,2834.0,4.861155275853519e-08,2877.0,BID
187,1712452263.8115458,592736.00831835,2834.0,2.3799642171234605e-08,2877.0,BID
188,1712452263.8692636,592877.15157839,2834.0,1.006022099276736e-08,2877.0,BID
189,1712452263.9304893,592966.86479598,2835.0,6.394459038790288e-09,2877.0,BID
190,1712452285.4195,593037.38665775,2836.0,5.026563181448842e-09,2877.0,BID
191,1712452287.6295512,593285.0433156,2835.0,-1.7652140864492913e-08,2877.0,ASK
192,1712452290.1695728,593285.0433156,2835.0,-0.0,2877.0,ASK
193,1712452291.4466095,593433.6373103,2835.0,-1.0587379256075662e-08,2877.0,ASK
194,1712452291.4492345,593451.2739946,2835.0,-1.256620537600222e-09,2877.0,ASK
195,1712452299.2113917,594296.81087246,2828.0,-6.024482765252386e-08,2877.0,ASK
196,1712452299.213959,594667.18807246,2830.0,-2.6389517908311832e-08,2877.0,ASK
197,1712452299.2165256,594779.20042876,2828.0,-7.98092345460727e-09,2877.0,ASK
198,1712452299.2193396,595942.15749336,2828.0,-8.286113800433576e-08,2877.0,ASK
199,1712452299.2213192,598910.16070504,2830.0,-2.114713700156449e-07,2877.0,ASK
200,1712452305.6491382,598941.01241218,2829.0,-2.198195996061906e-09,2877.0,ASK
201,1712452312.5195756,598946.96944387,2830.0,-4.244407983670659e-10,2877.0,ASK
202,1712452316.4494717,598948.27886085,2830.0,-9.329646329095504e-11,2877.0,ASK
203,1712452316.4591177,599017.32182916,2830.0,-4.919338038784495e-09,2877.0,ASK
204,1712452320.1093404,599017.32182916,2830.0,-0.0,2877.0,ASK
205,1712452321.8444655,599370.67871961,2830.0,-2.5147753479367383e-08,2877.0,ASK
206,1712452321.8923695,599755.41180537,2830.0,2.7380739013546017e-08,2877.0,BID
207,1712452321.893618,600211.47613037,2830.0,3.2457250801673755e-08,2877.0,BID
208,1712452322.289585,600560.04314837,2830.0,2.480686715501069e-08,2877.0,BID
209,1712452322.2917078,600560.04314896,2830.0,4.19886952059084e-17,2877.0,BID
210,1712452331.3828423,601246.81998832,2830.0,4.887663186522348e-08,2877.0,BID
211,1712452350.1194887,601246.81998832,2830.0,0.0,2877.0,BID
212,1712452380.1708574,601246.81998832,2830.0,0.0,2877.0,BID
213,1712452383.099394,601435.93131138,2831.0,-1.3452660857724709e-08,2877.0,ASK
214,1712452388.0200143,601455.93131138,2832.0,-1.4227239955860688e-09,2877.0,ASK
215,1712452388.0230272,601664.27112779,2830.0,-1.48205028021236e-08,2877.0,ASK
216,1712452388.025453,601804.38836806,2831.0,-9.967407996372636e-09,2877.0,ASK
217,1712452393.500153,601970.61904706,2831.0,1.1825018790795349e-08,2877.0,BID
218,1712452393.5031354,602920.18956047,2831.0,6.754883774647148e-08,2877.0,BID
219,1712452400.7893856,603024.65060381,2834.0,-7.430961648183106e-09,2877.0,ASK
220,1712452410.1593063,603024.65060381,2834.0,-0.0,2877.0,ASK
221,1712452427.5000436,603048.86121843,2831.0,-1.721634704083408e-09,2877.0,ASK
222,1712452427.502374,603216.49162377,2830.0,-1.1920322049750204e-08,2877.0,ASK
223,1712452427.5046964,603393.1076605,2831.0,-1.2559296940802962e-08,2877.0,ASK
224,1712452434.8493383,603903.82944447,2834.0,3.631780362516992e-08,2877.0,BID
225,1712452440.15528,603903.82944447,2834.0,0.0,2877.0,BID
226,1712452456.4396422,603937.9198465,2834.0,2.4237644699760504e-09,2877.0,BID
227,1712452456.4427447,604256.68759549,2834.0,2.2663796792288028e-08,2877.0,BID
228,1712452461.9797893,604374.19773112,2836.0,8.35475308713525e-09,2877.0,BID
229,1712452461.989174,607782.78068434,2834.0,2.423439373845296e-07,2877.0,BID
230,1712452464.9303648,607791.78068434,2834.0,-6.39883337561241e-10,2877.0,ASK
231,1712452466.2009506,607801.78068434,2834.0,-7.10981486179157e-10,2877.0,ASK
232,1712452470.1197436,607801.78068434,2834.0,-0.0,2877.0,ASK
233,1712452470.8398757,607811.78068434,2831.0,-7.104235030085677e-10,2877.0,ASK
234,1712452470.8433745,607835.0696324,2830.0,-1.654501606209657e-09,2877.0,ASK
235,1712452477.0895524,607843.07743617,2830.0,-5.68893200569928e-10,2877.0,ASK
236,1712452485.5799584,608025.85325038,2830.0,-1.2984823419635733e-08,2877.0,ASK
237,1712452485.5815215,608185.35731397,2830.0,-1.133154355996836e-08,2877.0,ASK
238,1712452485.5832477,608548.20627817,2830.0,-2.5777643220999852e-08,2877.0,ASK
239,1712452485.7072678,609374.49338666,2830.0,5.8701378210429386e-08,2877.0,BID
240,1712452495.731391,609376.49338666,2834.0,1.4208470060171353e-10,2877.0,BID
241,1712452500.1225948,609376.49338666,2834.0,0.0,2877.0,BID
242,1712452507.388721,609491.50090766,2834.0,8.21804318959868e-09,2877.0,BID
243,1712452507.3941996,609491.50090864,2834.0,7.00263099253255e-17,2877.0,BID
244,1712452512.9983685,609815.09520056,2833.0,2.3122938776386285e-08,2877.0,BID
245,1712452530.113281,609815.09520056,2833.0,0.0,2877.0,BID
246,1712452531.6389558,609929.05107772,2833.0,-8.142173323607285e-09,2877.0,ASK
247,1712452531.6420195,609990.20390521,2833.0,-4.369383423317166e-09,2877.0,ASK
248,1712452531.698458,610670.50884314,2833.0,4.86079424386034e-08,2877.0,BID
249,1712452545.711701,610858.25673426,2833.0,1.3414629492915937e-08,2877.0,BID
250,1712452545.788626,610958.25673426,2836.0,7.145022728558761e-09,2877.0,BID
251,1712452560.1583517,610958.25673426,2836.0,0.0,2877.0,BID
252,1712452583.1915658,611307.90708391,2834.0,-2.497681685620668e-08,2877.0,ASK
253,1712452583.3090012,611325.48860191,2835.0,1.2559128157015376e-09,2877.0,BID
254,1712452583.3891394,611331.93049524,2835.0,4.6016825115040576e-10,2877.0,BID
255,1712452583.3925,611554.09536291,2836.0,1.587005766540903e-08,2877.0,BID
256,1712452583.408698,611554.09536375,2836.0,6.000808810849411e-17,2877.0,BID
257,1712452586.4986002,611571.71961471,2837.0,1.258965388981599e-09,2877.0,BID
258,1712452590.1631796,611571.71961471,2837.0,0.0,2877.0,BID
259,1712452595.6788046,612822.93774946,2837.0,8.936803406677404e-08,2877.0,BID
260,1712452597.159728,612970.40131016,2837.0,-1.0532558752342764e-08,2877.0,ASK
261,1712452600.798573,613151.04018925,2837.0,-1.2902100003146973e-08,2877.0,ASK
262,1712452620.102569,613151.04018925,2837.0,-0.0,2877.0,ASK
263,1712452650.1116066,613151.04018925,2837.0,-0.0,2877.0,ASK
264,1712452650.5457718,613630.30354122,2832.0,-3.4220348945128544e-08,2877.0,ASK
265,1712452658.162089,613743.30354122,2833.0,-8.06842295557277e-09,2877.0,ASK
266,1712452658.1684022,613771.54647908,2833.0,-2.016601488160516e-09,2877.0,ASK
267,1712452673.9086688,613900.54647908,2833.0,9.210854524503428e-09,2877.0,BID
268,1712452674.0083609,613905.70758644,2833.0,3.6851324867160124e-10,2877.0,BID
269,1712452680.1616316,613905.70758644,2833.0,0.0,2877.0,BID
270,1712452682.029056,614074.28858926,2832.0,-1.2035179397327549e-08,2877.0,ASK
271,1712452682.0322385,614114.28858926,2831.0,-2.855643090504725e-09,2877.0,ASK
272,1712452682.0353792,614342.89275705,2830.0,-1.6320297805254958e-08,2877.0,ASK
273,1712452682.03841,614627.41050696,2831.0,-2.03120286664118e-08,2877.0,ASK
274,1712452682.0397773,616084.30588778,2830.0,-1.0400933069567433e-07,2877.0,ASK
275,1712452694.8111758,616087.24461109,2830.0,-2.0979862287861647e-10,2877.0,ASK
276,1712452704.3111162,616095.24461109,2831.0,-5.71128618100945e-10,2877.0,ASK
277,1712452704.316603,616131.20173606,2830.0,-2.567017886869317e-09,2877.0,ASK
278,1712452704.3192427,616139.20173606,2831.0,-5.71128618100945e-10,2877.0,ASK
279,1712452704.3220365,616515.81725303,2830.0,-2.6886987470309747e-08,2877.0,ASK
280,1712452710.165699,616515.81725303,2830.0,-0.0,2877.0,ASK
281,1712452714.0088782,616554.81725303,2831.0,-2.782784410448111e-09,2877.0,ASK
282,1712452714.0122824,616587.52090865,2831.0,-2.3335185390761424e-09,2877.0,ASK
283,1712452732.9291456,616589.52090865,2831.0,-1.4270689284349283e-10,2877.0,ASK
284,1712452732.9329453,617093.82314482,2831.0,-3.598370258892603e-08,2877.0,ASK
285,1712452732.9885485,617342.80514615,2831.0,1.776572389187971e-08,2877.0,BID
286,1712452733.848588,617591.78714615,2837.0,1.7765723796976413e-08,2877.0,BID
287,1712452740.113714,617591.78714615,2837.0,0.0,2877.0,BID
288,1712452754.232334,617653.38698981,2834.0,-4.3944055620542456e-09,2877.0,ASK
289,1712452754.2354884,617805.49623479,2834.0,-1.0851159231325289e-08,2877.0,ASK
290,1712452754.2381358,617809.02481615,2834.0,-2.5172170306390016e-10,2877.0,ASK
291,1712452754.2483332,617809.0248163,2834.0,-1.0704923947409169e-17,2877.0,ASK
292,1712452756.7404728,617879.5964465,2834.0,5.034434275285132e-09,2877.0,BID
293,1712452770.110737,617879.5964465,2834.0,0.0,2877.0,BID
294,1712452791.7588365,617883.1126209,2834.0,2.5082202161817023e-10,2877.0,BID
295,1712452791.7622046,617927.4884465,2834.0,3.165495513530635e-09,2877.0,BID
296,1712452797.929037,617981.79795455,2834.0,3.8741026617487375e-09,2877.0,BID
297,1712452799.8891528,617984.79795455,2832.0,-2.1400134898204318e-10,2877.0,ASK
298,1712452799.892481,617987.79795455,2832.0,-2.1400134898204318e-10,2877.0,ASK
299,1712452799.8953414,617992.8270962,2831.0,-3.5874769910391314e-10,2877.0,ASK
300,1712452799.8984296,618012.8270962,2832.0,-1.4266756598802875e-09,2877.0,ASK
301,1712452799.901017,618132.79795455,2831.0,-8.557975175147885e-09,2877.0,ASK
302,1712452799.9029307,618141.79795455,2832.0,-6.42004046946129e-10,2877.0,ASK
303,1712452800.1307757,618141.79795455,2832.0,-0.0,2877.0,ASK
304,1712452800.3090968,618155.47720649,2834.0,9.834346650198461e-10,2877.0,BID
305,1712452800.54993,618196.36649608,2834.0,2.939630396983572e-09,2877.0,BID
306,1712452800.552801,618237.20974428,2834.0,2.936320369572804e-09,2877.0,BID
307,1712452800.557336,618278.4574837,2834.0,2.9654002263667123e-09,2877.0,BID
308,1712452803.8626685,618326.3514837,2834.0,3.443216051072149e-09,2877.0,BID
309,1712452803.8891327,618330.42226704,2834.0,2.9265850705333423e-10,2877.0,BID
310,1712452805.108757,618442.63115906,2834.0,8.066969935204462e-09,2877.0,BID
311,1712452826.6987853,618480.66929364,2831.0,-2.7346539344890676e-09,2877.0,ASK
312,1712452830.1138918,618480.66929364,2831.0,-0.0,2877.0,ASK
313,1712452838.448675,619010.10272706,2834.0,3.805962871968837e-08,2877.0,BID
314,1712452852.1489103,619181.59178845,2834.0,1.2327914321223284e-08,2877.0,BID
315,1712452855.321058,619185.29810684,2833.0,-2.6643784267292006e-10,2877.0,ASK
316,1712452855.322713,620641.07341938,2831.0,-1.0465200041608337e-07,2877.0,ASK
317,1712452855.3283837,620681.21862508,2830.0,-2.8859371686178404e-09,2877.0,ASK
318,1712452855.3300743,620787.18824712,2831.0,-7.617887756647105e-09,2877.0,ASK
319,1712452855.3316698,620928.50494338,2831.0,-1.015889940460539e-08,2877.0,ASK
320,1712452860.1704087,620928.50494338,2831.0,-0.0,2877.0,ASK
321,1712452861.148367,620979.39794338,2834.0,3.6567466655237908e-09,2877.0,BID
322,1712452861.7688606,621460.88255593,2834.0,3.459546993577568e-08,2877.0,BID
323,1712452861.7725914,622263.74656723,2834.0,5.768711406653424e-08,2877.0,BID
324,1712452863.108513,622314.63556723,2834.0,3.656459258876404e-09,2877.0,BID
325,1712452863.1886833,622385.20719743,2834.0,5.070688963391416e-09,2877.0,BID
326,1712452863.947704,622584.25774133,2834.0,1.4302112523852765e-08,2877.0,BID
327,1712452864.6786697,622753.97174133,2834.0,1.2194233069230524e-08,2877.0,BID
328,1712452865.2387545,623579.0346667,2830.0,-5.9282142950737864e-08,2877.0,ASK
329,1712452865.2415707,623583.0346667,2831.0,-2.8740665046437926e-10,2877.0,ASK
330,1712452867.871909,623997.56612939,2830.0,-2.97847748009566e-08,2877.0,ASK
331,1712452871.138657,624039.01927565,2830.0,-2.978477479449073e-09,2877.0,ASK
332,1712452886.0187826,624226.74599288,2830.0,-1.3488476750432146e-08,2877.0,ASK
333,1712452886.0225904,624243.74599288,2831.0,-1.2214782644736119e-09,2877.0,ASK
334,1712452890.160632,624243.74599288,2831.0,-0.0,2877.0,ASK
335,1712452909.5784824,624247.74599288,2832.0,-2.872128828801545e-10,2877.0,ASK
336,1712452909.678585,624321.70532398,2832.0,5.310518175279121e-09,2877.0,BID
337,1712452909.6984477,624415.70532398,2832.0,6.749502747683631e-09,2877.0,BID
338,1712452909.838313,624422.70532398,2832.0,5.026225450402704e-10,2877.0,BID
339,1712452909.898237,624498.71230713,2832.0,5.457546187385828e-09,2877.0,BID
340,1712452909.9183204,624575.22550246,2832.0,5.493893852278596e-09,2877.0,BID
341,1712452910.7084682,624718.35850246,2832.0,1.0277410391315136e-08,2877.0,BID
342,1712452913.418748,625746.62430959,2831.0,-7.383279670822583e-08,2877.0,ASK
343,1712452913.5339208,627079.48084959,2831.0,9.570339232977176e-08,2877.0,BID
344,1712452913.5357106,627636.09125581,2831.0,3.9966419852882093e-08,2877.0,BID
345,1712452913.5373845,627636.09196965,2832.0,5.1256011838179655e-14,2877.0,BID
346,1712452913.7385688,627639.09196965,2834.0,2.1540966216011583e-10,2877.0,BID
347,1712452914.1349566,628365.0624551,2834.0,5.212701900300004e-08,2877.0,BID
348,1712452914.6243277,628387.09196965,2832.0,1.581790095588849e-09,2877.0,BID
349,1712452914.627661,628514.09196965,2832.0,9.119009031444904e-09,2877.0,BID
350,1712452914.6417456,628570.09196965,2832.0,4.020980360322163e-09,2877.0,BID
351,1712452914.7138178,629075.0624551,2832.0,3.62585072238715e-08,2877.0,BID
352,1712452919.9384348,629088.0624551,2837.0,9.33441869360502e-10,2877.0,BID
353,1712452920.110993,629088.0624551,2837.0,0.0,2877.0,BID
354,1712452925.9686923,629097.0624551,2837.0,6.45593092960125e-10,2877.0,BID
355,1712452932.0694096,629111.0624551,2837.0,1.0042559223824167e-09,2877.0,BID
356,1712452938.0794103,629115.0624551,2837.0,2.8693026353783337e-10,2877.0,BID
357,1712452940.8353405,629178.94903957,2837.0,4.5827486296307706e-09,2877.0,BID
358,1712452940.8370852,629430.18406243,2837.0,1.8021732829788145e-08,2877.0,BID
359,1712452944.0964513,629433.18406243,2837.0,2.1519769765337502e-10,2877.0,BID
360,1712452950.118461,629433.18406243,2837.0,0.0,2877.0,BID
361,1712452952.1585972,629437.18406243,2837.0,2.8691011267215524e-10,2877.0,BID
362,1712452958.9283607,629444.18406243,2837.0,5.02092697176271e-10,2877.0,BID
363,1712452965.0961788,629458.18406243,2837.0,1.004185394352543e-09,2877.0,BID
364,1712452972.2585025,629651.13224713,2837.0,1.3839696353040076e-08,2877.0,BID
365,1712452980.1617382,629651.13224713,2837.0,0.0,2877.0,BID
366,1712452990.0809956,630145.93556049,2837.0,3.548944462228335e-08,2877.0,BID
367,1712452995.1386814,630938.89272137,2837.0,5.687433468825616e-08,2877.0,BID
368,1712452995.2986643,631477.06558862,2837.0,-3.860009756157636e-08,2877.0,ASK
369,1712452995.498303,631951.92400088,2837.0,-3.4058909611757266e-08,2877.0,ASK
370,1712453010.3502026,631951.92400088,2837.0,-0.0,2877.0,ASK
371,1712453025.0887823,631984.58700088,2837.0,2.3416360682935622e-09,2877.0,BID
372,1712453026.1184573,632084.58700088,2837.0,7.169078370907007e-09,2877.0,BID
373,1712453028.3086932,632486.03218945,2837.0,2.877992018481533e-08,2877.0,BID
374,1712453028.8289278,632489.6890878,2834.0,-2.6216590865513136e-10,2877.0,ASK
375,1712453028.8320043,632535.56064735,2834.0,-3.2885680541006757e-09,2877.0,ASK
376,1712453028.8349593,632570.84646245,2834.0,-2.5296677383289507e-09,2877.0,ASK
377,1712453040.099758,632570.84646245,2834.0,-0.0,2877.0,ASK
378,1712453053.2294407,632577.90362547,2834.0,-5.05869877676208e-10,2877.0,ASK
379,1712453053.2339303,632577.90362555,2834.0,-5.7329156282578384e-18,2877.0,ASK
380,1712453055.8397408,632577.90362644,2833.0,-6.379641918199589e-17,2877.0,ASK
381,1712453055.8476896,632667.80325744,2833.0,-6.444163923681178e-09,2877.0,ASK
382,1712453060.5985966,632677.53925744,2834.0,6.97893631634269e-10,2877.0,BID
383,1712453070.1035943,632677.53925744,2834.0,0.0,2877.0,BID
384,1712453078.1694026,632890.81679946,2832.0,-1.5287778684655924e-08,2877.0,ASK
385,1712453078.1791008,633195.72437391,2832.0,-2.1855838515950293e-08,2877.0,ASK
386,1712453078.1831486,633199.25794281,2830.0,-2.5328695556960235e-10,2877.0,ASK
387,1712453078.186405,633425.47734839,2831.0,-1.62154541632845e-08,2877.0,ASK
388,1712453078.189708,635668.23700182,2830.0,-1.607614796184397e-07,2877.0,ASK
389,1712453078.1920807,635675.34872912,2831.0,-5.097700958012699e-10,2877.0,ASK
390,1712453078.193987,636134.75478517,2830.0,-3.293032189308224e-08,2877.0,ASK
391,1712453078.2885456,636351.824446,2830.0,1.5559598551698313e-08,2877.0,BID
392,1712453078.314018,636457.54471014,2830.0,7.578050578355854e-09,2877.0,BID
393,1712453078.3281996,636607.94342953,2830.0,1.0780611567041572e-08,2877.0,BID
394,1712453078.6788447,636678.74246999,2830.0,5.074889983201338e-09,2877.0,BID
395,1712453080.38831,636687.5295679,2829.0,-6.298610104724381e-10,2877.0,ASK
396,1712453080.3917391,637107.20784997,2829.0,-3.008262677015411e-08,2877.0,ASK
397,1712453080.397981,637468.87855199,2829.0,-2.5924631336426684e-08,2877.0,ASK
398,1712453080.4081104,637660.61866664,2829.0,-1.3743971399788824e-08,2877.0,ASK
399,1712453080.4100642,640492.00785008,2829.0,-2.0295456707067786e-07,2877.0,ASK
400,1712453081.3689744,643034.88587764,2830.0,1.8227402725680586e-07,2877.0,BID
401,1712453083.0577428,643070.73587764,2830.0,2.5697354754457143e-09,2877.0,BID
402,1712453084.880469,643228.33305078,2830.0,1.1296598232863918e-08,2877.0,BID
403,1712453085.2635355,643269.44505078,2830.0,2.946916732677877e-09,2877.0,BID
404,1712453085.538399,643507.09654305,2830.0,1.7034908521042683e-08,2877.0,BID
405,1712453088.48867,643542.43223209,2830.0,2.532869558591626e-09,2877.0,BID
406,1712453088.6882992,643552.17323209,2830.0,6.982369111891752e-10,2877.0,BID
407,1712453088.8084252,643988.29337343,2830.0,3.1261182671093606e-08,2877.0,BID
408,1712453088.868394,644158.1055568,2830.0,1.2172172713223491e-08,2877.0,BID
409,1712453092.890489,644349.77876944,2830.0,1.3739175849761384e-08,2877.0,BID
410,1712453092.8947408,644521.49963662,2834.0,1.2308987566725752e-08,2877.0,BID
411,1712453092.898826,644580.4781578,2832.0,4.22759269639177e-09,2877.0,BID
412,1712453092.901216,645098.88147554,2834.0,3.7159257913137583e-08,2877.0,BID
413,1712453092.9030898,645317.06608964,2835.0,1.563951863457849e-08,2877.0,BID
414,1712453092.9049575,645386.94361319,2834.0,5.008835458932035e-09,2877.0,BID
415,1712453092.9068294,645619.12389248,2835.0,1.6642730833778975e-08,2877.0,BID
416,1712453092.9087298,646490.12389248,2834.0,6.24334616210508e-08,2877.0,BID
417,1712453100.178495,646490.12389248,2834.0,0.0,2877.0,BID
418,1712453101.2003686,646493.65746138,2830.0,-2.533796989146536e-10,2877.0,ASK
419,1712453101.2055342,646900.40411311,2828.0,-2.9166360432650523e-08,2877.0,ASK
420,1712453101.2104385,648274.18920022,2828.0,-9.850925837305929e-08,2877.0,ASK
421,1712453101.2135158,649158.51887832,2827.0,-6.341214616776267e-08,2877.0,ASK
422,1712453101.2156942,649393.20293065,2828.0,-1.6828361411058835e-08,2877.0,ASK
423,1712453101.2179368,649825.89463309,2827.0,-3.1026788040923565e-08,2877.0,ASK
424,1712453101.22023,650538.13348957,2826.0,-5.107212343083277e-08,2877.0,ASK
425,1712453101.2224908,650718.47295208,2828.0,-1.293150353278641e-08,2877.0,ASK
426,1712453101.2248006,650748.47295208,2826.0,-2.151193646605022e-09,2877.0,ASK
427,1712453101.227102,650776.15954565,2827.0,-1.985307472800756e-09,2877.0,ASK
428,1712453101.229418,651094.05624846,2826.0,-2.2795245578715533e-08,2877.0,ASK
429,1712453101.231738,652862.09019472,2828.0,-1.2677944640588353e-07,2877.0,ASK
430,1712453101.234023,653309.25271707,2827.0,-3.206443923597956e-08,2877.0,ASK
431,1712453101.2363713,653327.28810277,2826.0,-1.293253571059594e-09,2877.0,ASK
432,1712453101.2386796,653398.03447701,2827.0,-5.0729716928496955e-09,2877.0,ASK
433,1712453101.3787324,653433.37016605,2830.0,2.5337969920431983e-09,2877.0,BID
434,1712453104.8982055,656394.50090421,2830.0,2.123321876898871e-07,2877.0,BID
435,1712453111.0546467,656719.30069901,2830.0,-2.3290241833078986e-08,2877.0,ASK
436,1712453111.0570912,660302.76432804,2827.0,-2.569574730536449e-07,2877.0,ASK
437,1712453111.05944,660802.76432804,2827.0,-3.585322744341704e-08,2877.0,ASK
438,1712453111.1260428,660851.83621792,2827.0,3.5187712578916863e-09,2877.0,BID
439,1712453111.1803236,660951.83621792,2827.0,7.170645488683406e-09,2877.0,BID
440,1712453111.4186554,660997.82646347,2827.0,3.297797467769511e-09,2877.0,BID
441,1712453111.4389136,661043.7131103,2827.0,3.290368770824282e-09,2877.0,BID
442,1712453111.5945463,661089.84318829,2827.0,3.3078243563164157e-09,2877.0,BID
443,1712453112.358371,661380.61078645,2827.0,2.08499136600103e-08,2877.0,BID
444,1712453112.6685176,661415.98397357,2827.0,2.536485846429021e-09,2877.0,BID
445,1712453114.0485215,661642.20497357,2827.0,1.6221505930947544e-08,2877.0,BID
446,1712453114.20898,661959.22516764,2827.0,2.2732394244300456e-08,2877.0,BID
447,1712453114.9281907,661976.89301216,2827.0,1.2668984960174252e-09,2877.0,BID
448,1712453115.8054292,662346.86010411,2826.0,-2.6529028588526282e-08,2877.0,ASK
449,1712453115.80953,662614.37137316,2826.0,-1.9182284745858452e-08,2877.0,ASK
450,1712453115.8192823,663809.70970416,2826.0,-8.571347410635129e-08,2877.0,ASK
451,1712453115.8215575,664704.13185499,2826.0,-6.413584160827935e-08,2877.0,ASK
452,1712453115.8238945,666314.00819869,2826.0,-1.1543852541290449e-07,2877.0,ASK
453,1712453117.0587666,666348.96419869,2827.0,2.506570837024572e-09,2877.0,BID
454,1712453119.5886922,666396.88819869,2827.0,3.436460143996568e-09,2877.0,BID
455,1712453121.4804437,666609.20242374,2826.0,-1.5224300400375382e-08,2877.0,ASK
456,1712453121.483974,666613.09347432,2826.0,-2.790134428824715e-10,2877.0,ASK
457,1712453121.918434,666713.09347432,2826.0,7.170645488683406e-09,2877.0,BID
458,1712453122.2642884,666777.11366797,2826.0,4.590661127812829e-09,2877.0,BID
459,1712453122.2707846,666828.53382212,2826.0,3.6871569638305485e-09,2877.0,BID
460,1712453122.5386636,667373.05640609,2826.0,3.904578410230605e-08,2877.0,BID
461,1712453122.6602192,667415.82310364,2826.0,3.066648268525058e-09,2877.0,BID
462,1712453122.681637,667811.17322993,2826.0,2.8349155995317706e-08,2877.0,BID
463,1712453122.6836245,668104.62149075,2826.0,2.1042134476109613e-08,2877.0,BID
464,1712453122.7887084,668140.00719492,2826.0,2.5373833997036113e-09,2877.0,BID
465,1712453123.7886045,668258.71500308,2826.0,8.512116090539291e-09,2877.0,BID
466,1712453123.969238,668313.5460533,2826.0,3.931740229002611e-09,2877.0,BID
467,1712453124.3292766,668462.2520533,2826.0,1.0663180080401946e-08,2877.0,BID
468,1712453124.4289434,668658.67175489,2826.0,1.4084560470946589e-08,2877.0,BID
469,1712453124.4884217,668804.46358359,2826.0,1.045421518754502e-08,2877.0,BID
470,1712453125.0523665,668855.53825006,2826.0,3.662383267095195e-09,2877.0,BID
471,1712453125.5216382,668911.71622005,2826.0,4.0283230707181895e-09,2877.0,BID
472,1712453125.8802009,668948.64294571,2825.0,-2.647884587656219e-09,2877.0,ASK
473,1712453125.8849847,669067.11915809,2825.0,-8.4955091781886e-09,2877.0,ASK
474,1712453125.8891568,674139.66673353,2825.0,-3.637344038796097e-07,2877.0,ASK
475,1712453125.9387193,674182.73400928,2825.0,3.0882016656651513e-09,2877.0,BID
476,1712453125.9434636,674252.06173353,2826.0,4.971245331341899e-09,2877.0,BID
477,1712453126.1068883,674634.26173353,2826.0,2.7406207057744642e-08,2877.0,BID
478,1712453126.7388585,674693.77182643,2826.0,4.2672577918464606e-09,2877.0,BID
479,1712453127.21848,674751.21158383,2826.0,4.118801372710888e-09,2877.0,BID
480,1712453127.5584574,674793.21158383,2826.0,3.01167110524703e-09,2877.0,BID
481,1712453129.3294263,674803.21158383,2824.0,-7.1706454886834e-10,2877.0,ASK
482,1712453129.3344746,675307.69197557,2824.0,-3.617450045160389e-08,2877.0,ASK
483,1712453129.4483483,675390.3403486,2824.0,5.926421832138274e-09,2877.0,BID
484,1712453129.5687232,675463.52413979,2824.0,5.247750221415841e-09,2877.0,BID
485,1712453129.5735264,675546.65608067,2824.0,5.961096768364916e-09,2877.0,BID
486,1712453129.8102467,675635.91308067,2824.0,6.400303043841293e-09,2877.0,BID
487,1712453129.8294344,675772.87754211,2823.0,-9.821235975345998e-09,2877.0,ASK
488,1712453129.8343654,675779.55820098,2823.0,-4.79046363869599e-10,2877.0,ASK
489,1712453129.8416524,676165.22561524,2823.0,-2.7654843041963585e-08,2877.0,ASK
490,1712453129.8438745,676363.65049918,2822.0,-1.4228344988662293e-08,2877.0,ASK
491,1712453129.8460877,676907.12198341,2823.0,-3.8970413466220414e-08,2877.0,ASK
492,1712453129.848331,676977.99370559,2822.0,-5.081959949255782e-09,2877.0,ASK
493,1712453129.8506043,676987.99370559,2823.0,-7.1706454886834e-10,2877.0,ASK
494,1712453129.852877,677448.22134555,2822.0,-3.3001292502466475e-08,2877.0,ASK
495,1712453129.8551328,677483.5445529,2823.0,-2.5329019742997776e-09,2877.0,ASK
496,1712453129.8573997,677490.6116907,2822.0,-5.067593978376549e-10,2877.0,ASK
497,1712453129.8597066,677526.06011325,2821.0,-2.5418807123903563e-09,2877.0,ASK
498,1712453129.861973,678834.41659801,2822.0,-9.381760525033604e-08,2877.0,ASK
499,1712453129.864257,680334.41659801,2821.0,-1.075596823302511e-07,2877.0,ASK
500,1712453129.8665438,680546.95644923,2823.0,-1.5240479253159593e-08,2877.0,ASK
501,1712453129.8688755,682744.37771119,2821.0,-1.575692885881089e-07,2877.0,ASK
502,1712453129.8711789,682758.20014607,2820.0,-9.911578031457547e-10,2877.0,ASK
503,1712453129.8734624,682765.26728387,2821.0,-5.067593978376549e-10,2877.0,ASK
504,1712453129.8757672,682837.57450375,2822.0,-5.184894400312919e-09,2877.0,ASK
505,1712453129.8780727,682974.52361722,2820.0,-9.820135426831092e-09,2877.0,ASK
506,1712453129.8804076,683045.37023429,2823.0,-5.080159750816677e-09,2877.0,ASK
507,1712453129.8827026,684265.76253941,2820.0,-8.751000577132748e-08,2877.0,ASK
508,1712453129.8850534,684275.76253941,2821.0,-7.1706454886834e-10,2877.0,ASK
509,1712453129.8874135,685468.79035459,2820.0,-8.5547795207944e-08,2877.0,ASK
510,1712453129.889732,685520.64646149,2821.0,-3.718417590025351e-09,2877.0,ASK
511,1712453129.8920505,689154.84528367,2820.0,-2.6059551389243864e-07,2877.0,ASK
512,1712453129.8946736,689275.98308885,2819.0,-8.686362562232778e-09,2877.0,ASK
513,1712453129.8969593,689283.07780328,2819.0,-5.08736820204602e-10,2877.0,ASK
514,1712453129.8993392,689493.54471573,2819.0,-1.5091836162769763e-08,2877.0,ASK
515,1712453129.9016657,690434.0706986,2819.0,6.74417839605645e-08,2877.0,BID
516,1712453129.9115264,690777.85485049,2820.0,2.4651542778306346e-08,2877.0,BID
517,1712453129.9138503,691132.67605049,2820.0,2.544297037069273e-08,2877.0,BID
518,1712453129.9210536,692886.86083362,2820.0,1.2578637201467877e-07,2877.0,BID
519,1712453129.9236116,693110.86083362,2820.0,1.606224589465083e-08,2877.0,BID
520,1712453129.9316602,693155.37923499,2820.0,3.1922567394743543e-09,2877.0,BID
521,1712453129.9340274,693312.16435859,2820.0,1.1242505392353143e-08,2877.0,BID
522,1712453129.936418,693889.27951001,2820.0,4.138288156980685e-08,2877.0,BID
523,1712453129.948738,693960.10798925,2820.0,5.0788591513225345e-09,2877.0,BID
524,1712453129.9539015,693972.75507874,2820.0,9.068779519621792e-10,2877.0,BID
525,1712453130.1642234,693972.75507874,2820.0,0.0,2877.0,BID
526,1712453130.792451,693990.12591345,2824.0,1.2337369818147982e-09,2877.0,BID
527,1712453130.7949874,693990.12608583,2824.0,1.2243026616232114e-14,2877.0,BID
528,1712453131.2984462,694182.45531005,2823.0,-1.3659889151229746e-08,2877.0,ASK
529,1712453133.9509947,694200.14816213,2824.0,1.2566077732691736e-09,2877.0,BID
530,1712453134.5883565,694266.14816213,2824.0,4.68754911084053e-09,2877.0,BID
531,1712453135.1586716,694603.04616213,2823.0,2.392766545975177e-08,2877.0,BID
532,1712453139.302072,695295.29382104,2821.0,-4.916583178795447e-08,2877.0,ASK
533,1712453141.7112825,695538.98260911,2821.0,-1.7307623664231932e-08,2877.0,ASK
534,1712453142.9700546,695539.11699856,2820.0,-9.544805260695536e-12,2877.0,ASK
535,1712453142.9761546,695546.20166026,2821.0,-5.03177267457526e-10,2877.0,ASK
536,1712453142.981366,695581.66265317,2820.0,-2.5185628149188237e-09,2877.0,ASK
537,1712453142.9849782,695614.55869884,2821.0,-2.33639135804117e-09,2877.0,ASK
538,1712453142.9873383,695634.55869884,2820.0,-1.420469427527433e-09,2877.0,ASK
539,1712453142.9897175,695638.44974942,2820.0,-2.763559194979057e-10,2877.0,ASK
540,1712453143.2574787,695638.44999049,2823.0,1.7121623845236148e-14,2877.0,BID
541,1712453143.3682704,695656.16140368,2823.0,-1.257926047735171e-09,2877.0,ASK
542,1712453150.2830234,696001.45013021,2823.0,-2.4523603985289964e-08,2877.0,ASK
543,1712453153.8108587,696208.6216893,2823.0,-1.4714043297028866e-08,2877.0,ASK
544,1712453154.2887597,696262.4426893,2824.0,3.822554252947435e-09,2877.0,BID
545,1712453159.5887089,696397.4706893,2824.0,9.59015729300395e-09,2877.0,BID
546,1712453160.1668868,696397.4706893,2824.0,0.0,2877.0,BID
547,1712453161.0583875,696404.55284227,2824.0,5.02754738395736e-10,2877.0,BID
548,1712453165.0385478,696715.31269615,2823.0,-2.206052166661133e-08,2877.0,ASK
549,1712453165.1183877,696719.70569615,2824.0,3.1185454127916303e-10,2877.0,BID
550,1712453178.528871,696719.70585401,2824.0,1.1206318045863223e-14,2877.0,BID
551,1712453178.5321157,696723.75969615,2824.0,2.877780744397203e-10,2877.0,BID
552,1712453179.7907271,696898.33816394,2823.0,-1.2393145456596337e-08,2877.0,ASK
553,1712453179.7961276,697003.44356464,2823.0,-7.461324043212544e-09,2877.0,ASK
554,1712453179.871664,697010.52571761,2823.0,-5.02754738395736e-10,2877.0,ASK
555,1712453179.8771722,697106.44891007,2823.0,-6.809488546132014e-09,2877.0,ASK
556,1712453179.9518192,697113.53106304,2822.0,-5.02754738395736e-10,2877.0,ASK
557,1712453179.9570155,697161.50044645,2822.0,-3.40529707694351e-09,2877.0,ASK
558,1712453185.1698236,697168.58259942,2821.0,-5.02754738395736e-10,2877.0,ASK
559,1712453185.1873822,697835.04564345,2821.0,-4.731152444322933e-08,2877.0,ASK
560,1712453189.0999177,697835.04564443,2821.0,-6.956806661770671e-17,2877.0,ASK
561,1712453189.1092536,697842.13532893,2820.0,-5.03289393945588e-10,2877.0,ASK
562,1712453189.1130493,698286.25861616,2820.0,-3.1527854316622626e-08,2877.0,ASK
563,1712453189.1168869,701407.80329977,2820.0,-2.215952391091557e-07,2877.0,ASK
564,1712453189.2176957,701715.02705618,2820.0,2.1809497752558105e-08,2877.0,BID
565,1712453189.2246995,701765.88134636,2820.0,3.6100936345113675e-09,2877.0,BID
566,1712453189.2526095,702076.80406421,2820.0,2.2072083211948747e-08,2877.0,BID
567,1712453189.27875,702199.80306421,2820.0,8.731572211119457e-09,2877.0,BID
568,1712453189.2926722,702231.4307256,2819.0,-2.2452150773234113e-09,2877.0,ASK
569,1712453189.2966676,702436.46942321,2819.0,-1.4555485770262604e-08,2877.0,ASK
570,1712453189.8113668,704323.16937721,2820.0,1.339348847476216e-07,2877.0,BID
571,1712453190.1089854,704323.16937721,2820.0,0.0,2877.0,BID
572,1712453196.8982246,704533.21001462,2820.0,1.4886945302030742e-08,2877.0,BID
573,1712453196.9838035,704692.60601462,2820.0,1.1297430643058764e-08,2877.0,BID
574,1712453197.0783415,705139.10635979,2820.0,3.1646381851845904e-08,2877.0,BID
575,1712453208.7385166,707656.26117626,2820.0,-1.7840712412418918e-07,2877.0,ASK
576,1712453211.281166,707817.31064633,2824.0,1.1414622814982905e-08,2877.0,BID
577,1712453211.2838123,708311.92689863,2824.0,3.5056668958357575e-08,2877.0,BID
578,1712453211.5688744,708395.08814177,2820.0,-5.894177875004989e-09,2877.0,ASK
579,1712453211.5791583,708642.86361573,2820.0,-1.7561458456377135e-08,2877.0,ASK
580,1712453211.7087023,708766.86361573,2820.0,8.788686038160968e-09,2877.0,BID
581,1712453211.718291,709118.04506125,2820.0,2.489051183147584e-08,2877.0,BID
582,1712453211.7283163,709267.18618553,2820.0,1.0570600940933331e-08,2877.0,BID
583,1712453211.8828845,709334.00018794,2823.0,-4.735542662369156e-09,2877.0,ASK
584,1712453211.89832,709424.83008467,2823.0,-6.4377052035382525e-09,2877.0,ASK
585,1712453211.9026504,709582.74088214,2823.0,-1.1192164685480626e-08,2877.0,ASK
586,1712453212.4027884,709624.62927241,2824.0,2.9689025058589243e-09,2877.0,BID
587,1712453215.8684757,709660.09026531,2820.0,-2.513351074195107e-09,2877.0,ASK
588,1712453215.9937031,709801.29784215,2820.0,1.000829886335344e-08,2877.0,BID
589,1712453216.009134,710050.03853635,2820.0,1.7629869889018876e-08,2877.0,BID
590,1712453216.0498595,710104.20896767,2820.0,3.839410592121033e-09,2877.0,BID
591,1712453216.055419,710306.56745023,2820.0,1.4342461051441489e-08,2877.0,BID
592,1712453216.0688694,710423.51298697,2820.0,8.288690370743123e-09,2877.0,BID
593,1712453216.1100066,710500.60250316,2820.0,5.463835117964607e-09,2877.0,BID
594,1712453216.1364436,710827.60250316,2820.0,2.3176615600634172e-08,2877.0,BID
595,1712453216.1525187,710885.55968774,2820.0,4.1078024107233934e-09,2877.0,BID
596,1712453216.578974,710889.10578703,2820.0,2.5133510741208456e-10,2877.0,BID
597,1712453217.0387568,710909.10578703,2820.0,1.4175300061549947e-09,2877.0,BID
598,1712453218.3587108,710984.57080095,2820.0,5.348696082332071e-09,2877.0,BID
599,1712453218.438464,711343.52230095,2820.0,2.544122610021485e-08,2877.0,BID
600,1712453218.581738,711444.92191143,2820.0,7.186849523387482e-09,2877.0,BID
601,1712453219.3890147,711470.32791143,2820.0,1.800688366824036e-09,2877.0,BID
602,1712453219.9694772,711526.62886736,2820.0,3.990414720292859e-09,2877.0,BID
603,1712453219.9740126,711582.64530523,2820.0,3.970249075939263e-09,2877.0,BID
604,1712453220.1735728,711582.64530523,2820.0,0.0,2877.0,BID
605,1712453220.9127462,711595.58930523,2820.0,9.1609595507338e-10,2877.0,BID
606,1712453221.5982027,711713.17494968,2820.0,8.321981864663057e-09,2877.0,BID
607,1712453221.9208374,711742.81781717,2820.0,2.097938118404961e-09,2877.0,BID
608,1712453222.4185183,713034.94560486,2820.0,-9.144878242812661e-08,2877.0,ASK
609,1712453228.5188053,713048.21550571,2824.0,9.391611938366163e-10,2877.0,BID
610,1712453233.5091865,713710.05142883,2824.0,4.684063752295584e-08,2877.0,BID
611,1712453234.6388142,714419.05142883,2822.0,-5.017861805871292e-08,2877.0,ASK
612,1712453234.6415362,714789.69382829,2821.0,-2.6231767840431988e-08,2877.0,ASK
613,1712453234.67622,715702.25753862,2821.0,6.45855936176216e-08,2877.0,BID
614,1712453234.691739,715805.78979582,2821.0,7.327370367834307e-09,2877.0,BID
615,1712453234.6943984,716102.00541039,2824.0,2.0964302096661092e-08,2877.0,BID
616,1712453234.7490928,716299.23714677,2824.0,1.3958837755811028e-08,2877.0,BID
617,1712453234.8557255,716554.60193337,2824.0,1.8073134121926527e-08,2877.0,BID
618,1712453235.5286036,717570.60193337,2824.0,7.190617199950963e-08,2877.0,BID
619,1712453236.6615157,718370.60193337,2824.0,5.661903307048002e-08,2877.0,BID
620,1712453236.7723804,718407.60193337,2824.0,2.6186302795097004e-09,2877.0,BID
621,1712453239.3285556,718739.60936963,2824.0,2.3497425016562712e-08,2877.0,BID
622,1712453240.010093,719209.447415,2824.0,3.3252219785713624e-08,2877.0,BID
623,1712453240.016062,721574.87555083,2824.0,1.6741031731051e-07,2877.0,BID
624,1712453241.6583493,721674.87455083,2826.0,7.077308360015303e-09,2877.0,BID
625,1712453246.3185885,721934.17455083,2826.0,1.835164409397263e-08,2877.0,BID
626,1712453250.174007,721934.17455083,2826.0,0.0,2877.0,BID
627,1712453255.774304,721996.22638422,2826.0,4.382579653352267e-09,2877.0,BID
628,1712453255.7834666,722058.27821883,2826.0,4.382579739528611e-09,2877.0,BID
629,1712453255.7964644,722120.33005283,2826.0,4.3825796964445505e-09,2877.0,BID
630,1712453255.8010526,722244.43372083,2826.0,8.765159392880879e-09,2877.0,BID
631,1712453255.808478,722306.48555483,2826.0,4.3825796964445505e-09,2877.0,BID
632,1712453265.918424,722310.02162272,2828.0,2.4974442076873456e-10,2877.0,BID
633,1712453280.1743462,722310.02162272,2828.0,0.0,2877.0,BID
634,1712453296.145483,722312.05765072,2827.0,-1.4378923337985446e-10,2877.0,ASK
635,1712453296.151203,722685.94840765,2827.0,-2.6405071692655654e-08,2877.0,ASK
636,1712453304.1675184,723107.29924227,2827.0,-2.975681743847805e-08,2877.0,ASK
637,1712453308.9639904,723696.26729623,2827.0,-4.1594351829376345e-08,2877.0,ASK
638,1712453310.1617355,723696.26729623,2827.0,-0.0,2877.0,ASK
639,1712453311.548422,723853.86446937,2830.0,1.1126814941284144e-08,2877.0,BID
640,1712453319.480516,723924.53584746,2830.0,4.989603112707798e-09,2877.0,BID
641,1712453326.508952,724094.53623024,2827.0,-1.2002517313299418e-08,2877.0,ASK
642,1712453326.5158317,724113.64717052,2827.0,-1.3492875006125968e-09,2877.0,ASK
643,1712453331.4624264,724367.06817052,2828.0,1.7892253477981655e-08,2877.0,BID
644,1712453333.808335,724620.48917052,2828.0,1.7892253477981655e-08,2877.0,BID
645,1712453337.3012035,725087.55246613,2828.0,3.2976015702395525e-08,2877.0,BID
646,1712453338.1493242,725116.98239338,2828.0,2.077837741134294e-09,2877.0,BID
647,1712453338.155543,725363.39556898,2828.0,1.7397480864451062e-08,2877.0,BID
648,1712453339.0923407,725616.81656898,2830.0,1.7892253477981655e-08,2877.0,BID
649,1712453340.1111212,725616.81656898,2830.0,0.0,2877.0,BID
650,1712453341.5383308,725652.17724791,2829.0,-2.495608795791776e-09,2877.0,ASK
651,1712453345.0982192,725714.22908191,2829.0,-4.379358864468657e-09,2877.0,ASK
652,1712453347.9684286,726078.46936459,2830.0,2.5706555437994983e-08,2877.0,BID
653,1712453353.958735,726576.27130321,2830.0,3.5132778390456734e-08,2877.0,BID
654,1712453353.9651158,727671.97941459,2830.0,7.733049486401115e-08,2877.0,BID
655,1712453354.018399,727671.97941462,2830.0,2.1115393495351137e-18,2877.0,BID
656,1712453354.0215929,728212.28992825,2831.0,3.8132855790044086e-08,2877.0,BID
657,1712453364.5436397,728565.77172393,2829.0,-2.4947266431134225e-08,2877.0,ASK
658,1712453364.5492747,728631.07210925,2829.0,-4.608628027079237e-09,2877.0,ASK
659,1712453365.118289,728631.07211017,2829.0,-6.493188902480934e-17,2877.0,ASK
660,1712453369.5785592,728641.67656404,2829.0,-7.48417992904284e-10,2877.0,ASK
661,1712453369.581576,729812.92974974,2829.0,-8.266215018446014e-08,2877.0,ASK
662,1712453370.1113417,729812.92974974,2829.0,-0.0,2877.0,ASK
663,1712453372.2289147,729848.29042866,2828.0,-2.4935192106853103e-09,2877.0,ASK
664,1712453372.2346315,731372.02566557,2828.0,-1.0744881606588157e-07,2877.0,ASK
665,1712453373.0783324,731392.02566557,2828.0,1.410334465766826e-09,2877.0,BID
666,1712453379.598328,731767.44403842,2828.0,-2.6473273515618124e-08,2877.0,ASK
667,1712453380.790971,731805.4866834,2828.0,2.682642669212274e-09,2877.0,BID
668,1712453381.209035,731840.85987052,2827.0,-2.4944012479646646e-09,2877.0,ASK
669,1712453381.2150702,733817.71274258,2827.0,-1.3940118696081986e-07,2877.0,ASK
670,1712453381.218542,735081.19175948,2827.0,-8.909640021536723e-08,2877.0,ASK
671,1712453381.3287325,735142.21818407,2827.0,4.303383496083943e-09,2877.0,BID
672,1712453381.628212,735194.24639799,2827.0,3.6688591641883245e-09,2877.0,BID
673,1712453381.6482005,735245.64088691,2827.0,3.624170953716799e-09,2877.0,BID
674,1712453381.8296132,735279.66188691,2827.0,2.399049442989113e-09,2877.0,BID
675,1712453391.228409,735585.49866611,2826.0,2.1566607530244376e-08,2877.0,BID
676,1712453391.3287623,735643.10425183,2826.0,4.062157148082944e-09,2877.0,BID
677,1712453391.393885,735685.9272543,2826.0,3.0197378155500363e-09,2877.0,BID
678,1712453391.6582978,735747.03023807,2826.0,4.308782198598328e-09,2877.0,BID
679,1712453391.8007858,735823.41979666,2826.0,5.386741365210782e-09,2877.0,BID
680,1712453391.821595,735900.0425559,2826.0,5.403185910923142e-09,2877.0,BID
681,1712453391.8581357,735993.79607844,2826.0,6.611191206258826e-09,2877.0,BID
682,1712453392.4583895,736062.74139951,2826.0,4.861798127912967e-09,2877.0,BID
683,1712453393.0794847,736128.92539951,2826.0,4.667078814116171e-09,2877.0,BID
684,1712453393.2993095,736180.94871844,2826.0,3.6685139855324082e-09,2877.0,BID
685,1712453395.157446,736259.26644193,2826.0,5.5227092359135294e-09,2877.0,BID
686,1712453395.2887242,736269.30476072,2826.0,7.07869348396683e-10,2877.0,BID
687,1712453395.2953296,736408.10139769,2826.0,9.787484042566928e-09,2877.0,BID
688,1712453395.8113332,736433.41464963,2826.0,1.785007582577624e-09,2877.0,BID
689,1712453395.9758432,736767.20751992,2826.0,2.35379794698608e-08,2877.0,BID
690,1712453395.9858422,736980.72775896,2826.0,1.505674761284577e-08,2877.0,BID
691,1712453395.9901576,737045.19090551,2826.0,4.5457298675620574e-09,2877.0,BID
692,1712453396.1282752,737224.32336868,2826.0,1.2631834337316656e-08,2877.0,BID
693,1712453396.1499498,737403.49885348,2826.0,1.2634868081696905e-08,2877.0,BID
694,1712453396.448248,737492.07036066,2826.0,6.245772463042915e-09,2877.0,BID
695,1712453400.3324275,737492.07036066,2826.0,0.0,2877.0,BID
696,1712453400.6480997,737518.30436066,2826.0,1.8569784683093662e-09,2877.0,BID
697,1712453403.5182376,737578.09974775,2826.0,4.232627366395907e-09,2877.0,BID
698,1712453404.0829544,737622.34235302,2826.0,3.131720872460697e-09,2877.0,BID
699,1712453404.0934849,737666.62656803,2826.0,3.1346662254855475e-09,2877.0,BID
700,1712453408.338447,737666.62656844,2826.0,2.902296971332787e-17,2877.0,BID
701,1712453408.343927,737753.76907144,2826.0,6.168397947137684e-09,2877.0,BID
702,1712453413.7993524,737844.86686536,2827.0,6.448373935332231e-09,2877.0,BID
703,1712453413.8024194,737943.15966726,2827.0,6.957673885714816e-09,2877.0,BID
704,1712453413.8498273,738093.4072628,2827.0,1.0635303416653116e-08,2877.0,BID
705,1712453414.3383255,738100.4798327,2825.0,-5.006331485785695e-10,2877.0,ASK
706,1712453414.3583484,738257.04762796,2825.0,-1.1082679905003812e-08,2877.0,ASK
707,1712453414.3631902,738342.44585804,2825.0,-6.044929270793911e-09,2877.0,ASK
708,1712453414.808708,738719.27835657,2825.0,-2.6674157045362656e-08,2877.0,ASK
709,1712453416.4483557,739116.19502054,2825.0,-2.8095818354193005e-08,2877.0,ASK
710,1712453417.5799084,739178.24685454,2825.0,-4.392350371911526e-09,2877.0,ASK
711,1712453417.58615,739240.29868954,2825.0,-4.392350442705488e-09,2877.0,ASK
712,1712453417.600799,739302.35052354,2825.0,-4.3923503719197665e-09,2877.0,ASK
713,1712453417.6058142,739779.65318202,2825.0,-3.378595561721906e-08,2877.0,ASK
714,1712453417.608776,739807.00505754,2825.0,-1.9361074906059835e-09,2877.0,ASK
715,1712453417.6827977,740462.42094323,2824.0,-4.639373284713449e-08,2877.0,ASK
716,1712453417.685814,741408.12462911,2825.0,-6.69418076570929e-08,2877.0,ASK
717,1712453417.6888113,741645.78168689,2824.0,-1.6822598122224133e-08,2877.0,ASK
718,1712453417.691785,741671.23777754,2824.0,-1.801914013271684e-09,2877.0,ASK
719,1712453430.1100068,741671.23777754,2824.0,-0.0,2877.0,ASK
720,1712453433.279036,742364.13223152,2825.0,-4.900570596728392e-08,2877.0,ASK
721,1712453433.4787965,742506.49151772,2825.0,-1.0068513726957606e-08,2877.0,ASK
722,1712453433.498233,742726.19855581,2825.0,-1.5539016722871406e-08,2877.0,ASK
723,1712453433.598698,742881.79073115,2825.0,-1.1004424052928705e-08,2877.0,ASK
724,1712453433.69842,742888.86787198,2824.0,-5.005384017890003e-10,2877.0,ASK
725,1712453433.7122734,743303.84986601,2824.0,-2.9350048141301385e-08,2877.0,ASK
726,1712453433.7338085,743713.03254643,2824.0,-2.8939885444869456e-08,2877.0,ASK
727,1712453442.099543,743748.45585496,2823.0,-2.50535161919475e-09,2877.0,ASK
728,1712453442.1031332,743755.53299579,2823.0,-5.005384017890003e-10,2877.0,ASK
729,1712453445.42483,744192.88948055,2822.0,-3.0932508078133176e-08,2877.0,ASK
730,1712453445.4306178,744199.96662138,2822.0,-5.005384017890003e-10,2877.0,ASK
731,1712453445.4357295,744217.68455192,2822.0,-1.2531197059077554e-09,2877.0,ASK
732,1712453445.4402344,745062.85293191,2821.0,-5.977544326516636e-08,2877.0,ASK
733,1712453445.4434514,745210.01339422,2820.0,-1.0408082074481176e-08,2877.0,ASK
734,1712453445.446396,745217.09053505,2821.0,-5.005384017890003e-10,2877.0,ASK
735,1712453445.449422,745571.70046412,2820.0,-2.5080168873143232e-08,2877.0,ASK
736,1712453445.4524343,745644.64760849,2819.0,-5.159265293021848e-09,2877.0,ASK
737,1712453445.4554572,745648.1944511,2818.0,-2.508542607887548e-10,2877.0,ASK
738,1712453445.4584916,745683.655444,2820.0,-2.5080168868244236e-09,2877.0,ASK
739,1712453445.4615064,745732.69022043,2818.0,-3.468037335407938e-09,2877.0,ASK
740,1712453445.464588,746059.96225408,2817.0,-2.3146666797866124e-08,2877.0,ASK
741,1712453445.4676323,746063.51087011,2818.0,-2.5097968782846427e-10,2877.0,ASK
742,1712453445.4706633,746836.65572826,2820.0,-5.4681502169608335e-08,2877.0,ASK
743,1712453445.4737194,746936.65572826,2817.0,-7.072607622386369e-09,2877.0,ASK
744,1712453445.476773,747017.65324335,2817.0,-5.728636426193678e-09,2877.0,ASK
745,1712453445.4800427,747024.73038418,2820.0,-5.005384017890003e-10,2877.0,ASK
746,1712453445.4830923,747330.80025615,2819.0,-2.1647121094777482e-08,2877.0,ASK
747,1712453445.4861534,747419.79199513,2818.0,-6.2940365143974765e-09,2877.0,ASK
748,1712453445.4892354,747452.32385526,2817.0,-2.3008508192601596e-09,2877.0,ASK
749,1712453447.6682837,747470.05435171,2820.0,-1.254008443408095e-09,2877.0,ASK
750,1712453458.844839,748255.4666986,2817.0,-5.5549133513303226e-08,2877.0,ASK
751,1712453458.8501155,748356.08024094,2817.0,-7.1160010646915914e-09,2877.0,ASK
752,1712453458.856597,748663.08024094,2817.0,-2.1712905400726152e-08,2877.0,ASK
753,1712453459.5686042,748814.64224094,2817.0,1.0719385564643666e-08,2877.0,BID
754,1712453460.160385,748814.64224094,2817.0,0.0,2877.0,BID
755,1712453460.6018295,748852.64224094,2817.0,2.683766301528324e-09,2877.0,BID
756,1712453461.1238174,748885.05624094,2817.0,2.289252655202937e-09,2877.0,BID
757,1712453461.2991478,748902.81192276,2816.0,-1.254002645503263e-09,2877.0,ASK
758,1712453461.3023674,749504.24514854,2816.0,-4.247647957810296e-08,2877.0,ASK
759,1712453461.305422,750423.90468558,2816.0,-6.495134932597936e-08,2877.0,ASK
760,1712453461.4459422,750600.89583602,2815.0,-1.2500075926828078e-08,2877.0,ASK
761,1712453461.4512408,750709.02594636,2815.0,-7.636735429234848e-09,2877.0,ASK
762,1712453461.455771,753522.32259462,2815.0,-1.986902826527108e-07,2877.0,ASK
763,1712453461.4989574,753919.17296625,2815.0,2.802772774024739e-08,2877.0,BID
764,1712453461.538286,753936.93495559,2815.0,1.2544481168153783e-09,2877.0,BID
765,1712453462.2797437,754060.93495559,2815.0,8.757553194460846e-09,2877.0,BID
766,1712453462.9682643,754170.66651489,2815.0,7.749838449038001e-09,2877.0,BID
767,1712453463.176443,754178.64951489,2816.0,5.638027996084365e-10,2877.0,BID
768,1712453463.5314867,754271.84951489,2816.0,6.582289981639863e-09,2877.0,BID
769,1712453465.1188695,754943.84951489,2816.0,4.7460288279658775e-08,2877.0,BID
770,1712453465.1414158,755294.28337592,2816.0,2.474954176702268e-08,2877.0,BID
771,1712453465.1480198,755368.84951489,2816.0,5.266265552701993e-09,2877.0,BID
772,1712453465.2183266,755369.20728457,2816.0,2.526763712710118e-11,2877.0,BID
773,1712453465.223606,756432.84951489,2817.0,7.512018880566597e-08,2877.0,BID
774,1712453465.2382588,756465.84951489,2817.0,2.330639156590386e-09,2877.0,BID
775,1712453466.1983297,756486.84951489,2817.0,1.4831340087393367e-09,2877.0,BID
776,1712453466.744795,756591.18951489,2817.0,7.369057260562574e-09,2877.0,BID
777,1712453467.4682584,759413.18951489,2817.0,1.9930496060297185e-07,2877.0,BID
778,1712453467.5753372,759586.51218668,2817.0,1.2240988048445354e-08,2877.0,BID
779,1712453468.568605,759679.52473987,2817.0,6.569051470274375e-09,2877.0,BID
780,1712453468.7520072,760033.94473987,2817.0,2.5031064541783712e-08,2877.0,BID
781,1712453470.1189158,760092.94473987,2816.0,-4.1669003102676604e-09,2877.0,ASK
782,1712453470.1250682,761234.56321178,2815.0,-8.062729431879876e-08,2877.0,ASK
783,1712453470.658511,761447.55575704,2817.0,1.5042689880145644e-08,2877.0,BID
784,1712453470.8386967,761523.42075704,2817.0,5.357998170142665e-09,2877.0,BID
785,1712453472.1484623,761607.13728186,2817.0,5.912515478759681e-09,2877.0,BID
786,1712453472.3893502,761865.28424671,2817.0,1.8231740134376368e-08,2877.0,BID
787,1712453472.6519954,761886.98324671,2817.0,1.532501183603239e-09,2877.0,BID
788,1712453474.278824,762030.23534671,2817.0,1.0117241015867493e-08,2877.0,BID
789,1712453474.4404252,762468.36811206,2817.0,3.0943314506365165e-08,2877.0,BID
790,1712453475.4189572,764346.66526848,2817.0,1.3265554243832494e-07,2877.0,BID
791,1712453475.433462,765923.83695165,2817.0,1.1138842671095789e-07,2877.0,BID
792,1712453480.5888166,765959.27595165,2819.0,2.502894577892033e-09,2877.0,BID
793,1712453483.638443,766108.47010534,2819.0,1.0536901106797165e-08,2877.0,BID
794,1712453485.8486977,766143.96886289,2819.0,-2.507114980497032e-09,2877.0,ASK
795,1712453486.9282176,766321.27382742,2820.0,1.252223918155546e-08,2877.0,BID
796,1712453489.1222146,766815.5589332,2819.0,-3.490909763788754e-08,2877.0,ASK
797,1712453489.6186314,766843.94136515,2819.0,2.004521432184765e-09,2877.0,BID
798,1712453490.1712322,766843.94136515,2819.0,0.0,2877.0,BID
799,1712453491.59225,766883.36836515,2819.0,2.774598477512168e-09,2877.0,BID
800,1712453491.7884622,766918.86712269,2817.0,-2.498156051039354e-09,2877.0,ASK
801,1712453491.791894,766956.85719006,2817.0,-2.6734771371303742e-09,2877.0,ASK
802,1712453491.8082745,766982.41000024,2819.0,1.798229340851503e-09,2877.0,BID
803,1712453494.1584146,767368.05080878,2819.0,2.713872220164489e-08,2877.0,BID
804,1712453494.558421,767418.28680878,2819.0,3.535260839442944e-09,2877.0,BID
805,1712453495.17881,767475.79997597,2819.0,4.047377333359582e-09,2877.0,BID
806,1712453496.9285746,767611.78997597,2819.0,9.570031880641448e-09,2877.0,BID
807,1712453499.2982037,767618.8846904,2819.0,4.992767356305927e-10,2877.0,BID
808,1712453499.3394463,767690.39004441,2819.0,5.032050279520866e-09,2877.0,BID
809,1712453499.518486,767733.56855271,2820.0,3.038603581065314e-09,2877.0,BID
810,1712453500.312286,767740.6631987,2820.0,4.99271919299654e-10,2877.0,BID
811,1712453501.4889169,768208.74948191,2819.0,-3.2940662204632164e-08,2877.0,ASK
812,1712453501.4964862,768814.29553783,2818.0,-4.2614126482433333e-08,2877.0,ASK
1012,1712453501.4964862,768814.29553783,2818.0,-4.261412648243333e-08,2877.0,ASK
813,1712453501.501083,768890.66757182,2818.0,-5.374533422112246e-09,2877.0,ASK
814,1712453501.748356,768990.66257182,2818.0,7.0369537311857e-09,2877.0,BID
1015,1712453503.3583925,768990.6631987,2818.0,4.411545970893221e-14,2877.0,BID
815,1712453503.3583925,768990.6631987,2818.0,4.4115459708932214e-14,2877.0,BID
816,1712453503.3648503,769023.10984712,2820.0,2.283369805131009e-09,2877.0,BID
817,1712453520.1095362,769023.10984712,2820.0,0.0,2877.0,BID
818,1712453529.0488863,769599.98307152,2820.0,4.0578791624792094e-08,2877.0,BID
819,1712453529.0565164,770105.19823554,2820.0,3.55381737257342e-08,2877.0,BID
820,1712453533.5686655,770176.69788093,2820.0,5.029474568781443e-09,2877.0,BID
821,1712453538.158235,770614.36454759,2820.0,3.078663338203232e-08,2877.0,BID
822,1712453538.748517,770652.42236951,2819.0,-2.6770880673001278e-09,2877.0,ASK
823,1712453538.755563,771660.07221255,2819.0,-7.088076076680638e-08,2877.0,ASK
824,1712453538.761029,772126.4384297,2818.0,-3.280543583255459e-08,2877.0,ASK
825,1712453538.8285902,772336.05021056,2818.0,1.4744648248263512e-08,2877.0,BID
826,1712453540.028741,772384.76472383,2818.0,3.426707982755375e-09,2877.0,BID
827,1712453541.980284,772822.74201268,2818.0,3.0808483370191354e-08,2877.0,BID
828,1712453542.1234193,773246.16979868,2817.0,-2.9785032775807534e-08,2877.0,ASK
829,1712453542.1308374,773480.38708833,2817.0,-1.6475464954221753e-08,2877.0,ASK
830,1712453542.1369026,774673.85104429,2816.0,-8.395141797571423e-08,2877.0,ASK
831,1712453542.1402411,774691.6067261,2816.0,-1.2489817205023902e-09,2877.0,ASK
832,1712453542.1435668,775129.73949145,2817.0,-3.08194199993e-08,2877.0,ASK
833,1712453542.1469555,775484.72706688,2816.0,-2.497076696139826e-08,2877.0,ASK
834,1712453542.1503215,775983.8283102,2815.0,-3.510810433856397e-08,2877.0,ASK
835,1712453542.1537075,776160.42442818,2817.0,-1.2422239012236485e-08,2877.0,ASK
836,1712453542.1571083,776231.44715545,2816.0,-4.995926884130502e-09,2877.0,ASK
837,1712453542.165571,781178.73399579,2815.0,-3.480052692877919e-07,2877.0,ASK
838,1712453542.1690323,782999.62182336,2814.0,-1.280860761113255e-07,2877.0,ASK
839,1712453542.1724412,783035.14580204,2815.0,-2.4988508177677347e-09,2877.0,ASK
840,1712453542.175887,783995.05749873,2814.0,-6.752273302110634e-08,2877.0,ASK
841,1712453542.2089827,784706.05749873,2814.0,5.0013624527704775e-08,2877.0,BID
842,1712453542.2165377,785049.59201724,2814.0,2.4165128580962484e-08,2877.0,BID
843,1712453542.223621,786019.84587515,2814.0,6.825022805353657e-08,2877.0,BID
844,1712453542.2306256,786648.13659774,2814.0,4.4195634731166526e-08,2877.0,BID
845,1712453542.261802,787759.15076728,2814.0,7.815168146319899e-08,2877.0,BID
846,1712453542.5782866,787969.13659774,2818.0,1.4770959888556316e-08,2877.0,BID
847,1712453543.1782892,788069.13659774,2818.0,7.034265053123035e-09,2877.0,BID
848,1712453550.1152835,788069.13659774,2818.0,0.0,2877.0,BID
849,1712453555.3391278,788224.59947921,2818.0,1.0894572575152224e-08,2877.0,BID
850,1712453556.0896325,788563.42887949,2818.0,2.3744584283025675e-08,2877.0,BID
851,1712453556.9390616,788634.97300724,2818.0,5.013689986497459e-09,2877.0,BID
852,1712453556.9447544,788689.93373463,2818.0,3.8515536806728e-09,2877.0,BID
1053,1712453557.4789977,789001.40616834,2818.0,-2.182745490194804e-08,2877.0,ASK
853,1712453557.4789977,789001.40616834,2818.0,-2.1827454901948042e-08,2877.0,ASK
854,1712453557.4847066,789215.54642393,2817.0,-1.5006582495623087e-08,2877.0,ASK
855,1712453557.488608,789724.93761803,2815.0,-3.5697262785764867e-08,2877.0,ASK
856,1712453557.4951386,789740.45795812,2815.0,-1.0876388621073124e-09,2877.0,ASK
857,1712453557.4986606,789744.00657415,2818.0,-2.486809360124002e-10,2877.0,ASK
858,1712453558.0885887,789792.87965533,2820.0,3.424941856554978e-09,2877.0,BID
859,1712453572.1387756,789867.08159296,2820.0,5.199944752624757e-09,2877.0,BID
860,1712453572.1465597,789868.22926525,2820.0,8.042690922410968e-11,2877.0,BID
861,1712453576.7648346,789936.04015177,2820.0,4.752070832546429e-09,2877.0,BID
862,1712453577.7087586,789943.13235035,2820.0,4.97009134379979e-10,2877.0,BID
863,1712453580.1582203,789943.13235035,2820.0,0.0,2877.0,BID
864,1712453582.0194032,790129.54696878,2820.0,1.3058785816210428e-08,2877.0,BID
865,1712453582.0274234,790380.79901701,2820.0,1.7600801435821417e-08,2877.0,BID
866,1712453588.2482731,790441.82543544,2820.0,4.2750452411952255e-09,2877.0,BID
867,1712453592.96831,790579.12720848,2820.0,9.618314601162073e-09,2877.0,BID
868,1712453597.67865,790682.08633968,2820.0,7.212531149582813e-09,2877.0,BID
869,1712453597.9195423,790702.08633968,2820.0,1.4010473992002775e-09,2877.0,BID
870,1712453610.2323203,790702.08633968,2820.0,0.0,2877.0,BID
871,1712453610.272996,791291.05439364,2820.0,4.1252423051253385e-08,2877.0,BID
872,1712453610.2873776,791406.17087391,2820.0,8.062973385970898e-09,2877.0,BID
873,1712453624.2788372,791441.63186682,2820.0,-2.483754206206274e-09,2877.0,ASK
874,1712453628.2235415,791918.4458904,2820.0,-3.3396945191233474e-08,2877.0,ASK
875,1712453628.2279606,792318.65996775,2820.0,-2.803174182182325e-08,2877.0,ASK
876,1712453628.232345,792525.74469018,2819.0,-1.4504600919692262e-08,2877.0,ASK
1077,1712453628.9192212,792695.09284134,2821.0,1.186146095297682e-08,2877.0,BID
877,1712453628.9192212,792695.09284134,2821.0,1.1861460952976821e-08,2877.0,BID
878,1712453630.310078,792730.45969747,2819.0,-2.4771606902211407e-09,2877.0,ASK
879,1712453630.314678,792740.45969747,2819.0,-7.00418686105077e-10,2877.0,ASK
880,1712453630.318051,792750.45969747,2818.0,-7.00418686105077e-10,2877.0,ASK
881,1712453631.9893332,793305.23413843,2817.0,-3.885743850219016e-08,2877.0,ASK
882,1712453631.996792,793346.67266442,2817.0,-2.902431792804757e-09,2877.0,ASK
883,1712453632.0026944,793356.67266442,2817.0,-7.00418686105077e-10,2877.0,ASK
884,1712453632.0070086,795335.68848319,2816.0,-1.386139659564079e-07,2877.0,ASK
885,1712453632.0112088,795774.89415546,2817.0,-3.0762785990119473e-08,2877.0,ASK
886,1712453632.0153737,795784.89415546,2816.0,-7.00418686105077e-10,2877.0,ASK
887,1712453632.0196068,796490.59032443,2815.0,-4.942827834594133e-08,2877.0,ASK
888,1712453632.2290275,796495.59032443,2818.0,3.5020934305253896e-10,2877.0,BID
889,1712453633.6984272,796570.2625765,2815.0,-5.230184068332468e-09,2877.0,ASK
890,1712453633.7044516,797019.82516915,2815.0,-3.1488204046595106e-08,2877.0,ASK
891,1712453637.9585724,797029.82516915,2818.0,7.00418686105077e-10,2877.0,BID
892,1712453640.1139889,797029.82516915,2818.0,0.0,2877.0,BID
893,1712453646.9888184,797342.33220044,2815.0,-2.1861279867957592e-08,2877.0,ASK
894,1712453647.278326,797419.59355601,2818.0,5.404781166435337e-09,2877.0,BID
895,1712453650.7340608,797502.93255601,2818.0,5.829939874931703e-09,2877.0,BID
896,1712453651.2792149,797502.93278636,2818.0,1.6114028664012583e-14,2877.0,BID
897,1712453666.2203898,797560.86885835,2818.0,-4.052890198963245e-09,2877.0,ASK
1097,1712453666.2203898,797560.86885835,2818.0,-4.0528901989632454e-09,2877.0,ASK
898,1712453670.1188438,797560.86885835,2818.0,-0.0,2877.0,ASK
899,1712453671.900977,797567.07893641,2818.0,4.3437759513809655e-10,2877.0,BID
900,1712453674.7509804,797568.85324442,2818.0,1.2410788382496214e-10,2877.0,BID
901,1712453683.1784456,797604.33940481,2818.0,2.4821576897803553e-09,2877.0,BID
902,1712453697.9885497,797781.77020679,2818.0,1.2410788451010794e-08,2877.0,BID
903,1712453700.1826708,797781.77020679,2818.0,0.0,2877.0,BID
904,1712453705.6442928,797794.60371209,2818.0,8.998230747027001e-10,2877.0,BID
1105,1712453705.6478846,797870.62789564,2818.0,5.330446592312358e-09,2877.0,BID
905,1712453705.6478846,797870.62789564,2818.0,5.3304465923123584e-09,2877.0,BID
906,1712453705.6513648,798219.74749564,2818.0,2.447857109711084e-08,2877.0,BID
907,1712453710.2212384,798255.23365603,2818.0,2.488117252861445e-09,2877.0,BID
908,1712453711.7757308,798268.96581641,2818.0,9.628324052233902e-10,2877.0,BID
909,1712453711.77947,798273.15416703,2818.0,2.9366680768092573e-10,2877.0,BID
910,1712453713.8420398,798711.13145588,2818.0,3.07088407641259e-08,2877.0,BID
911,1712453719.259547,798775.78251641,2818.0,4.533018431755049e-09,2877.0,BID
912,1712453719.267793,799033.99486964,2818.0,1.8104596380990922e-08,2877.0,BID
1112,1712453719.267793,799033.99486964,2818.0,1.810459638099092e-08,2877.0,BID
913,1712453719.878894,799046.89469992,2818.0,9.044734602393468e-10,2877.0,BID
914,1712453719.8871913,799069.48103003,2818.0,1.5836437926139363e-09,2877.0,BID
915,1712453725.1132903,799140.76864734,2818.0,4.998341567383257e-09,2877.0,BID
916,1712453725.1212983,799208.70582997,2818.0,4.763425356653321e-09,2877.0,BID
917,1712453729.3090508,799268.70582997,2818.0,-4.206908652011373e-09,2877.0,ASK
918,1712453730.1790612,799268.70582997,2818.0,-0.0,2877.0,ASK
919,1712453745.1787033,799360.04195976,2818.0,-6.402164984317069e-09,2877.0,ASK
920,1712453745.1853456,799443.65334571,2818.0,-5.8607025352372164e-09,2877.0,ASK
1120,1712453745.1853456,799443.65334571,2818.0,-5.860702535237216e-09,2877.0,ASK
921,1712453749.3384936,799787.16512838,2819.0,2.4078304081471963e-08,2877.0,BID
922,1712453752.982618,799815.58412838,2819.0,1.992017037597599e-09,2877.0,BID
923,1712453754.5821116,799929.55482223,2818.0,-7.988724583379142e-09,2877.0,ASK
924,1712453754.588317,800374.30725083,2818.0,-3.1174721674957595e-08,2877.0,ASK
925,1712453754.5937283,800552.18617715,2818.0,-1.2468343427201138e-08,2877.0,ASK
926,1712453754.9981315,800572.53917715,2818.0,1.426634391290031e-09,2877.0,BID
927,1712453756.189356,800637.30685534,2818.0,4.5398613054527085e-09,2877.0,BID
928,1712453757.1551144,800647.30685534,2818.0,7.00945507438625e-10,2877.0,BID
929,1712453757.548428,800658.83985534,2818.0,8.084004537245934e-10,2877.0,BID
930,1712453757.6300952,800661.83985534,2818.0,2.1028365223158768e-10,2877.0,BID
931,1712453758.1981838,800693.61847135,2818.0,2.227507812489327e-09,2877.0,BID
932,1712453759.2185416,800724.61847135,2819.0,2.17293107305974e-09,2877.0,BID
933,1712453759.5806608,800763.59847135,2819.0,2.732285587994458e-09,2877.0,BID
934,1712453760.110199,800763.59847135,2819.0,0.0,2877.0,BID
935,1712453761.493593,801114.79130318,2819.0,2.4609436314576644e-08,2877.0,BID
936,1712453761.499754,801695.59847135,2819.0,4.0699398508930224e-08,2877.0,BID
937,1712453761.56841,801791.59847135,2819.0,6.727090282249633e-09,2877.0,BID
938,1712453761.839599,801877.14603142,2823.0,5.994647500173742e-09,2877.0,BID
939,1712453761.845835,801885.98346325,2819.0,6.192729352465501e-10,2877.0,BID
940,1712453762.0484998,801980.36845515,2824.0,6.613920435428451e-09,2877.0,BID
941,1712453762.0546043,801980.59847135,2823.0,1.6118122330222588e-11,2877.0,BID
942,1712453762.1110249,802074.59847135,2824.0,6.586942568036099e-09,2877.0,BID
943,1712453763.259246,802083.43547135,2824.0,6.19242675248388e-10,2877.0,BID
944,1712453772.0486562,802101.17225744,2819.0,-1.2428850140088847e-09,2877.0,ASK
945,1712453772.0994618,802414.13518346,2819.0,2.1930519357635186e-08,2877.0,BID
946,1712453772.519405,802456.52197788,2824.0,2.970206175406287e-09,2877.0,BID
947,1712453772.5230892,802726.13518346,2824.0,1.8892837241905023e-08,2877.0,BID
948,1712453779.7317667,802870.33518346,2824.0,1.0104650194800698e-08,2877.0,BID
949,1712453788.222737,802905.02427694,2824.0,2.430798579681018e-09,2877.0,BID
950,1712453790.1118925,802905.02427694,2824.0,0.0,2877.0,BID
951,1712453792.3320224,802986.12335205,2824.0,5.680520558284879e-09,2877.0,BID
952,1712453792.336587,803046.52576415,2824.0,4.230839170963748e-09,2877.0,BID
953,1712453797.818426,803175.8394327,2824.0,9.057673613043685e-09,2877.0,BID
954,1712453802.7091508,803259.2394327,2822.0,-5.8416870219408845e-09,2877.0,ASK
955,1712453802.7175517,803516.11467561,2821.0,-1.7992623174638275e-08,2877.0,ASK
956,1712453813.288717,803522.11467561,2821.0,-4.2026525337692465e-10,2877.0,ASK
1156,1712453813.288717,803522.11467561,2821.0,-4.202652533769247e-10,2877.0,ASK
957,1712453813.4086888,803801.10303924,2821.0,1.9541519221697463e-08,2877.0,BID
958,1712453820.1615262,803801.10303924,2821.0,0.0,2877.0,BID
959,1712453846.7789345,803805.10303924,2821.0,-2.801272185622848e-10,2877.0,ASK
960,1712453846.7908382,803995.49502789,2821.0,-1.3333494554264151e-08,2877.0,ASK
961,1712453846.9586024,804938.70872261,2821.0,6.605495720294685e-08,2877.0,BID
962,1712453847.0384798,805455.63317374,2821.0,3.620115217546903e-08,2877.0,BID
963,1712453847.0583248,805670.63317374,2824.0,1.505683799772281e-08,2877.0,BID
964,1712453849.349002,805705.63317374,2824.0,2.451113162419992e-09,2877.0,BID
965,1712453849.358471,805828.56518507,2824.0,8.609150601537467e-09,2877.0,BID
966,1712453850.1600242,805828.56518507,2824.0,0.0,2877.0,BID
967,1712453854.4087632,806747.80585283,2822.0,6.435030263761894e-08,2877.0,BID
968,1712453854.4351764,806814.52079233,2822.0,4.670296580484252e-09,2877.0,BID
969,1712453854.508406,807107.52079233,2822.0,2.051110153641171e-08,2877.0,BID
970,1712453859.02885,807142.9315572,2822.0,2.4788866680224963e-09,2877.0,BID
971,1712453859.879891,807613.0483177,2822.0,3.29099406436335e-08,2877.0,BID
972,1712453863.7886398,807617.4293177,2824.0,3.0668647040853804e-10,2877.0,BID
973,1712453872.8887618,807635.13470013,2824.0,1.239443333660819e-09,2877.0,BID
974,1712453876.0259871,807675.13470013,2824.0,2.8001503803975034e-09,2877.0,BID
975,1712453876.719984,807824.74020436,2824.0,1.0472947739480853e-08,2877.0,BID
976,1712453876.726729,807852.18852449,2824.0,1.9214856013324862e-09,2877.0,BID
977,1712453877.1192837,807986.89107406,2824.0,9.429684885474232e-09,2877.0,BID
978,1712453880.1266189,807986.89107406,2824.0,0.0,2877.0,BID
979,1712453889.308612,807997.77853866,2824.0,7.61838581994599e-10,2877.0,BID
980,1712453892.9012809,808893.253655,2824.0,6.265990456968481e-08,2877.0,BID
981,1712453897.313192,809667.6950037,2824.0,5.4190697339192654e-08,2877.0,BID
982,1712453910.1107273,809667.6950037,2824.0,0.0,2877.0,BID
983,1712453932.2789493,809671.2361037,2824.0,-2.477023785062213e-10,2877.0,ASK
984,1712453932.2916882,809931.65364719,2824.0,-1.821638613047875e-08,2877.0,ASK
985,1712453940.1710637,809931.65364719,2824.0,-0.0,2877.0,ASK
986,1712453949.378516,810017.43064719,2827.0,5.999847249859739e-09,2877.0,BID
987,1712453960.0311658,810084.06559093,2824.0,-4.660917075014836e-09,2877.0,ASK
988,1712453965.9097164,810165.72520478,2825.0,-5.711848276136805e-09,2877.0,ASK
989,1712453970.1702704,810165.72520478,2825.0,-0.0,2877.0,ASK
990,1712453976.658558,810395.38640306,2825.0,-1.60633779305816e-08,2877.0,ASK
991,1712454000.1456468,810395.38640306,2825.0,-0.0,2877.0,ASK
992,1712454013.9501755,810395.38697933,2827.0,4.0671728442291846e-14,2877.0,BID
993,1712454013.9612396,810441.37040306,2827.0,3.2453980811985422e-09,2877.0,BID
994,1712454016.128361,810591.05537933,2827.0,1.0564401155143589e-08,2877.0,BID
995,1712454016.138322,810852.11617596,2827.0,1.842503536565892e-08,2877.0,BID
996,1712454016.168158,810876.71447933,2827.0,1.736088357106392e-09,2877.0,BID
997,1712454025.0829854,810989.25371302,2827.0,-7.942745090526205e-09,2877.0,ASK
998,1712454025.086882,811343.2360139,2827.0,-2.4983208879779896e-08,2877.0,ASK
999,1712454025.0906408,811393.39211387,2826.0,-3.539895410109881e-09,2877.0,ASK
1000,1712454025.3411462,811436.71211387,2828.0,3.057420119537636e-09,2877.0,BID
1201,1712454030.1217966,811436.71211387,2828.0,0.0,2877.0,BID
1202,1712454037.098589,811615.33476764,2828.0,1.2604133240395348e-08,2877.0,BID
1203,1712454037.115457,811806.23205729,2828.0,1.3470267198455976e-08,2877.0,BID
1204,1712454041.1182797,812043.23557751,2827.0,1.6723656738079732e-08,2877.0,BID
1205,1712454041.3382049,812581.24850851,2827.0,3.796375501233978e-08,2877.0,BID
1206,1712454041.538802,812581.2485091,2827.0,4.1639823742214403e-17,2877.0,BID
1207,1712454042.3182497,812670.66175533,2828.0,6.309258345192984e-09,2877.0,BID
1208,1712454042.328688,812827.61650851,2828.0,1.1075183242658785e-08,2877.0,BID
1209,1712454046.1386275,812852.25550851,2828.0,1.738599401344554e-09,2877.0,BID
1210,1712454057.0983346,812853.32325533,2828.0,7.534331677051133e-11,2877.0,BID
1211,1712454058.5885575,813628.33970714,2828.0,-5.468741179205935e-08,2877.0,ASK
1212,1712454060.170495,813628.33970714,2828.0,-0.0,2877.0,ASK
1213,1712454075.058694,813880.85270714,2829.0,1.781026244960286e-08,2877.0,BID
1214,1712454075.062071,814052.93560714,2829.0,1.2137361688653382e-08,2877.0,BID
1215,1712454090.1685884,814052.93560714,2829.0,0.0,2877.0,BID
1216,1712454116.7798932,814240.73248282,2829.0,-1.3244578683063006e-08,2877.0,ASK
1217,1712454116.7898622,814276.08066238,2829.0,-2.49296876632777e-09,2877.0,ASK
1218,1712454116.7920542,814614.22180766,2829.0,-2.3847771633169658e-08,2877.0,ASK
1219,1712454119.0293548,815576.83063866,2828.0,-6.788903360090646e-08,2877.0,ASK
1220,1712454120.1183188,815576.83063866,2828.0,-0.0,2877.0,ASK
1221,1712454122.3481371,815957.43063866,2829.0,2.683407154828521e-08,2877.0,BID
1222,1712454128.7984655,816093.96091799,2829.0,9.626020189301676e-09,2877.0,BID
1223,1712454128.8018467,816489.17041799,2829.0,2.786410929995428e-08,2877.0,BID
1224,1712454129.01153,816568.166283,2829.0,-5.569576178925762e-09,2877.0,ASK
1225,1712454129.0956318,817065.11427245,2829.0,-3.5037146360161154e-08,2877.0,ASK
1226,1712454134.7383392,817152.84635319,2828.0,-6.185520051650794e-09,2877.0,ASK
1227,1712454134.8818405,817249.54032653,2828.0,-6.817375194148983e-09,2877.0,ASK
1228,1712454134.960032,817487.31371087,2828.0,-1.6764130340666393e-08,2877.0,ASK
1229,1712454136.9483209,817560.95623812,2828.0,-5.192140949088077e-09,2877.0,ASK
1230,1712454137.028093,820908.41169543,2828.0,-2.360111908727322e-07,2877.0,ASK
1231,1712454137.2287822,820929.04560632,2827.0,-1.454786760752585e-09,2877.0,ASK
1232,1712454137.2310488,820999.78164665,2826.0,-4.987220092639071e-09,2877.0,ASK
1233,1712454137.994267,821999.78164665,2825.0,-7.05046546197763e-08,2877.0,ASK
1234,1712454137.9969263,822422.6281953,2825.0,-2.9812649869729024e-08,2877.0,ASK
1235,1712454138.5569513,822458.03896017,2824.0,-2.496623746981528e-09,2877.0,ASK
1236,1712454138.56246,822559.05157371,2824.0,-7.121859429882138e-09,2877.0,ASK
1237,1712454150.1286654,822559.05157371,2824.0,-0.0,2877.0,ASK
1238,1712454158.598112,822562.13231025,2824.0,2.169043523661752e-10,2877.0,BID
1239,1712454161.02897,822648.8778839,2824.0,-6.1074656107214e-09,2877.0,ASK
1240,1712454163.7185917,822750.20975549,2824.0,7.134438046406842e-09,2877.0,BID
1241,1712454180.171787,822750.20975549,2824.0,0.0,2877.0,BID
1242,1712454199.8483207,822758.92663136,2824.0,-6.137027400089873e-10,2877.0,ASK
1243,1712454201.2417314,822809.04088837,2824.0,-3.528243065429101e-09,2877.0,ASK
1244,1712454201.2433314,822820.3240125,2824.0,-7.94376826938038e-10,2877.0,ASK
1245,1712454201.3484006,822842.96095945,2824.0,-1.5937311229173344e-09,2877.0,ASK
1246,1712454201.358277,823248.72479141,2824.0,-2.8567388039452768e-08,2877.0,ASK
1247,1712454202.926612,823253.18109452,2824.0,3.1374146766545966e-10,2877.0,BID
1248,1712454210.1689172,823253.18109452,2824.0,0.0,2877.0,BID
1249,1712454240.108553,823253.18109452,2824.0,0.0,2877.0,BID
1250,1712454265.3187091,823441.27031825,2821.0,-1.3240905528661617e-08,2877.0,ASK
1251,1712454265.3219223,823774.06117432,2821.0,-2.3427457451523435e-08,2877.0,ASK
1252,1712454270.108321,823774.06117432,2821.0,-0.0,2877.0,ASK
1253,1712454271.6081245,823833.0457897,2821.0,4.151906866221108e-09,2877.0,BID
1254,1712454277.3159475,823850.77628615,2820.0,-1.248043569971352e-09,2877.0,ASK
1255,1712454277.3174202,824360.99821871,2820.0,-3.5914347011452e-08,2877.0,ASK
1256,1712454277.318802,825792.92894809,2820.0,-1.0079311340711493e-07,2877.0,ASK
1257,1712454277.4482849,826101.78444589,2820.0,2.1740232664501946e-08,2877.0,BID
1258,1712454277.5290463,826349.07471469,2820.0,1.7406677289777437e-08,2877.0,BID
1259,1712454277.908177,826402.15791213,2820.0,3.736508079480173e-09,2877.0,BID
1260,1712454281.373857,826449.94894049,2820.0,3.363994111237468e-09,2877.0,BID
1261,1712454282.1699593,826487.81532869,2820.0,2.665402090930552e-09,2877.0,BID
1262,1712454283.9582517,826530.82486769,2820.0,3.0274267135051276e-09,2877.0,BID
1263,1712454284.0210226,826596.41344519,2819.0,-4.616757497080516e-09,2877.0,ASK
1264,1712454284.024151,826637.50311059,2819.0,-2.892287468630297e-09,2877.0,ASK
1265,1712454284.438792,826857.60880211,2819.0,1.549316420950343e-08,2877.0,BID
1266,1712454286.378197,826886.15423091,2819.0,2.009302952485474e-09,2877.0,BID
1267,1712454286.4680789,826960.749567,2819.0,5.250740148172199e-09,2877.0,BID
1268,1712454286.4781318,827106.25992243,2819.0,1.0242424061339424e-08,2877.0,BID
1269,1712454286.7093737,827233.36526723,2820.0,8.946901669340426e-09,2877.0,BID
1270,1712454286.7108135,827517.48799459,2820.0,1.9999301427614723e-08,2877.0,BID
1271,1712454300.1337442,827517.48799459,2820.0,0.0,2877.0,BID
1272,1712454301.7483375,827595.83202153,2821.0,-5.5952422621847676e-09,2877.0,ASK
1273,1712454305.8185606,827657.24665274,2821.0,4.386163865763311e-09,2877.0,BID
1274,1712454310.418244,827880.19815217,2821.0,1.5922945255068473e-08,2877.0,BID
1275,1712454313.7888305,827963.89666333,2821.0,-5.9776535010455664e-09,2877.0,ASK
1276,1712454313.7985663,827970.90901981,2821.0,-5.008146104670922e-10,2877.0,ASK
1277,1712454316.178353,827970.90902054,2821.0,5.2130355716488186e-17,2877.0,BID
1278,1712454316.188171,828167.91567954,2821.0,1.4069993941112322e-08,2877.0,BID
1279,1712454318.3625555,828178.81567954,2821.0,7.78465736827717e-10,2877.0,BID
1280,1712454330.108117,828178.81567954,2821.0,0.0,2877.0,BID
1281,1712454330.7785485,828213.64954478,2820.0,-2.4874640368754074e-09,2877.0,ASK
1282,1712454330.7882133,829141.55227526,2820.0,-6.62609404924159e-08,2877.0,ASK
1283,1712454334.498176,829180.27245972,2819.0,-2.7649836066714073e-09,2877.0,ASK
1284,1712454334.4998157,829428.58746504,2819.0,-1.773201570640109e-08,2877.0,ASK
1285,1712454355.7386591,829435.01716695,2818.0,-4.5914090092443736e-10,2877.0,ASK
1286,1712454355.7420774,829677.42753141,2818.0,-1.731036907922297e-08,2877.0,ASK
1287,1712454355.7457042,830013.27483456,2818.0,-2.3982641108351133e-08,2877.0,ASK
1288,1712454358.1883576,830204.43152896,2820.0,1.3650377282341133e-08,2877.0,BID
1289,1712454358.1907809,830205.11386656,2819.0,4.872529159231734e-11,2877.0,BID
1290,1712454358.9487598,830205.11386788,2820.0,9.425442295141352e-17,2877.0,BID
1291,1712454358.9651375,830642.21386656,2821.0,3.1213031334430633e-08,2877.0,BID
1292,1712454360.183074,830642.21386656,2821.0,0.0,2877.0,BID
1293,1712454361.4899588,830655.51386656,2821.0,9.492736606468467e-10,2877.0,BID
1294,1712454363.348626,831743.21386656,2821.0,7.763345569105748e-08,2877.0,BID
1295,1712454367.3288348,831974.319243,2821.0,1.6494905766128065e-08,2877.0,BID
1296,1712454367.332183,832097.69809201,2821.0,8.80603696591853e-09,2877.0,BID
1297,1712454367.368238,832260.549343,2821.0,1.162333858414027e-08,2877.0,BID
1298,1712454378.6594076,832310.77307905,2821.0,3.584666900131859e-09,2877.0,BID
1299,1712454390.1624808,832310.77307905,2821.0,0.0,2877.0,BID
1300,1712454400.6401584,832312.69390173,2819.0,-1.370506768483747e-10,2877.0,ASK
1301,1712454400.644491,832365.07400105,2819.0,-3.7373195037451354e-09,2877.0,ASK
1302,1712454400.6781518,832365.07400135,2819.0,-2.140515965067041e-17,2877.0,ASK
1303,1712454420.110813,832365.07400135,2819.0,-0.0,2877.0,ASK
1304,1712454421.5479972,832423.98194743,2819.0,-4.203035392527672e-09,2877.0,ASK
1305,1712454424.163084,832433.01349462,2818.0,-6.443937535606443e-10,2877.0,ASK
1306,1712454424.164955,832525.16799239,2818.0,-6.575150577855077e-09,2877.0,ASK
1307,1712454424.166772,832564.46048706,2818.0,-2.803488438293456e-09,2877.0,ASK
1308,1712454424.1686156,832701.99859706,2818.0,-9.813235439688532e-09,2877.0,ASK
1309,1712454424.1704855,832813.92028606,2818.0,-7.985524048314235e-09,2877.0,ASK
1310,1712454424.172344,832886.36847626,2818.0,-5.169121108414047e-09,2877.0,ASK
1311,1712454424.1742167,832951.45839692,2818.0,-4.644114392640255e-09,2877.0,ASK
1312,1712454424.558228,832953.88851398,2819.0,1.7338693148715828e-10,2877.0,BID
1313,1712454424.7839544,833309.98851398,2819.0,2.5407453541958284e-08,2877.0,BID
1314,1712454428.2088995,833748.12127933,2817.0,-3.12604265117714e-08,2877.0,ASK
1315,1712454428.2181044,833942.73974751,2817.0,-1.3885873880060316e-08,2877.0,ASK
1316,1712454428.2210476,834388.40499384,2817.0,-3.1797863076095975e-08,2877.0,ASK
1317,1712454429.0485094,834624.90499384,2819.0,1.6874088072658037e-08,2877.0,BID
1318,1712454429.1986363,834628.16115287,2817.0,-2.3232437315473607e-10,2877.0,ASK
1319,1712454429.200898,834661.14426857,2817.0,-2.353319235652205e-09,2877.0,ASK
1320,1712454429.2058296,834836.70727924,2817.0,-1.2526282047977941e-08,2877.0,ASK
1321,1712454434.2786956,834854.43149051,2816.0,-1.2646084650663967e-09,2877.0,ASK
1322,1712454434.2841074,834921.79224824,2816.0,-4.806136822733586e-09,2877.0,ASK
1323,1712454436.3250823,834943.00216876,2817.0,1.513311064988987e-09,2877.0,BID
1324,1712454438.6187267,835005.31216875,2817.0,4.445769250052272e-09,2877.0,BID
1325,1712454438.8991416,836077.91272086,2817.0,7.652920161981311e-08,2877.0,BID
1326,1712454442.3084116,836426.58775572,2817.0,-2.4877688147844826e-08,2877.0,ASK
1327,1712454442.3501365,837620.32237752,2817.0,-8.517202174898356e-08,2877.0,ASK
1328,1712454442.3540015,837741.37477744,2816.0,-8.636993055627341e-09,2877.0,ASK
1329,1712454442.3581562,837990.46953961,2816.0,-1.7772714398706972e-08,2877.0,ASK
1330,1712454442.4281397,838100.56953961,2816.0,7.855547978009543e-09,2877.0,BID
1331,1712454444.4479454,838175.0295396,2816.0,5.312662146818244e-09,2877.0,BID
1332,1712454445.1086516,841865.66929273,2816.0,2.633242293394041e-07,2877.0,BID
1333,1712454445.1108756,842475.9398078,2816.0,4.354231889825234e-08,2877.0,BID
1334,1712454445.2284372,842900.78686902,2818.0,-3.0312502022984313e-08,2877.0,ASK
1335,1712454445.248543,843887.53205342,2818.0,-7.04034889929676e-08,2877.0,ASK
1336,1712454448.3587525,844480.19925889,2815.0,-4.228633667178621e-08,2877.0,ASK
1337,1712454448.3611882,844623.83639813,2815.0,-1.0248396355353905e-08,2877.0,ASK
1338,1712454448.36311,844700.18416505,2815.0,-5.447352825195465e-09,2877.0,ASK
1339,1712454448.458146,844707.50412243,2815.0,5.222731734350234e-10,2877.0,BID
1340,1712454449.1879897,844814.39822544,2815.0,7.626809761681669e-09,2877.0,BID
1341,1712454449.6844263,844818.39822544,2815.0,2.853968384381909e-10,2877.0,BID
1342,1712454450.135443,844818.39822544,2815.0,0.0,2877.0,BID
1343,1712454456.979808,844838.39822544,2814.0,-1.4234217249435e-09,2877.0,ASK
1344,1712454456.982962,845051.61784164,2814.0,-1.5175071694165194e-08,2877.0,ASK
1345,1712454456.9859734,845269.11336568,2815.0,-1.5479392699822352e-08,2877.0,ASK
1346,1712454456.988969,845276.19551865,2814.0,-5.040445198448945e-10,2877.0,ASK
1347,1712454456.9919884,845279.25118442,2815.0,-2.1747505205661446e-10,2877.0,ASK
1348,1712454456.9950018,845281.74218442,2815.0,-1.7728717584443055e-10,2877.0,ASK
1349,1712454456.9980276,846046.39696916,2814.0,-5.4421311634041945e-08,2877.0,ASK
1350,1712454465.517876,846173.69696916,2817.0,9.060079279268692e-09,2877.0,BID
1351,1712454467.518332,846284.08127467,2814.0,-7.856170927784693e-09,2877.0,ASK
1352,1712454467.5288968,846498.98764134,2814.0,-1.529511955734033e-08,2877.0,ASK
1353,1712454467.5327957,847699.26000308,2814.0,-8.542468777749828e-08,2877.0,ASK
1354,1712454475.4382994,847918.54612623,2817.0,1.5606831583519304e-08,2877.0,BID
1355,1712454480.188808,847918.54612623,2817.0,0.0,2877.0,BID
1356,1712454486.4181378,847926.37246516,2817.0,-5.5666336986496e-10,2877.0,ASK
1357,1712454488.5586178,847949.56225699,2817.0,-1.649418429501675e-09,2877.0,ASK
1358,1712454488.5687437,847997.56225699,2816.0,-3.414092079670011e-09,2877.0,ASK
1359,1712454488.5708852,848509.3146928,2814.0,-3.639937370522759e-08,2877.0,ASK
1360,1712454488.5730858,848635.41948853,2815.0,-8.969445506460622e-09,2877.0,ASK
1361,1712454505.0482943,848670.91824607,2817.0,2.524917228239437e-09,2877.0,BID
1362,1712454507.8386085,849025.40247152,2817.0,2.5213370551597746e-08,2877.0,BID
1363,1712454508.058223,849096.56515677,2817.0,5.061582501671678e-09,2877.0,BID
1364,1712454510.1790855,849096.56515677,2817.0,0.0,2877.0,BID
1365,1712454518.553501,849116.56515677,2817.0,1.422202865066043e-09,2877.0,BID
1366,1712454540.120399,849116.56515677,2817.0,0.0,2877.0,BID
1367,1712454543.693179,849926.16515677,2817.0,5.757054133039426e-08,2877.0,BID
1368,1712454547.478122,850211.14918232,2817.0,2.026517369247343e-08,2877.0,BID
1369,1712454550.6882772,851883.66750462,2817.0,1.1893254100768213e-07,2877.0,BID
1370,1712454550.6902735,851912.38576232,2817.0,2.042151237467228e-09,2877.0,BID
1371,1712454550.7683382,852184.17240462,2817.0,1.932670963880888e-08,2877.0,BID
1372,1712454550.771329,852388.96090462,2817.0,1.4562481229299872e-08,2877.0,BID
1373,1712454561.3847945,852489.36090462,2818.0,7.139429779611031e-09,2877.0,BID
1374,1712454564.149238,852539.36090462,2817.0,-3.5554929181321582e-09,2877.0,ASK
1375,1712454564.153569,853367.16676993,2815.0,-5.886515783396053e-08,2877.0,ASK
1376,1712454564.1576002,854014.92393854,2815.0,-4.606192051324375e-08,2877.0,ASK
1377,1712454566.2583363,854040.76535161,2815.0,-1.837579223296982e-09,2877.0,ASK
1378,1712454566.2624297,854442.87190929,2814.0,-2.8593740363310875e-08,2877.0,ASK
1379,1712454570.1100626,854442.87190929,2814.0,-0.0,2877.0,ASK
1380,1712454570.7256448,854445.87190929,2817.0,-2.1310226853008467e-10,2877.0,ASK
1381,1712454570.7276978,854446.66962689,2814.0,-5.666514340305753e-11,2877.0,ASK
1382,1712454570.7296014,854449.66962689,2816.0,-2.1310226853008467e-10,2877.0,ASK
1383,1712454573.605708,854583.66962689,2818.0,9.518567994343782e-09,2877.0,BID
1384,1712454575.771182,854584.15169191,2818.0,3.4243049781233494e-11,2877.0,BID
1385,1712454575.7730482,854819.03375694,2819.0,1.6684633631644677e-08,2877.0,BID
1386,1712454575.7748277,855200.91944175,2820.0,2.7126901917391736e-08,2877.0,BID
1387,1712454575.776626,855509.19224175,2820.0,-2.1897877668701263e-08,2877.0,ASK
1388,1712454579.2502518,855813.45273116,2821.0,2.161286683911652e-08,2877.0,BID
1389,1712454579.2521956,855835.18173075,2821.0,1.5434997018419503e-09,2877.0,BID
1390,1712454579.34828,855835.18173116,2821.0,2.912502540907816e-17,2877.0,BID
1391,1712454579.4083726,855907.66696816,2822.0,5.1489228132084975e-09,2877.0,BID
1392,1712454579.488132,855907.66696887,2822.0,5.0435414528667706e-17,2877.0,BID
1393,1712454579.4982078,855962.61986887,2822.0,3.903529217437972e-09,2877.0,BID
1394,1712454584.1382926,855992.89656726,2822.0,-2.150677703504944e-09,2877.0,ASK
1395,1712454589.9786806,856010.29392286,2823.0,1.2358053149218654e-09,2877.0,BID
1396,1712454590.100409,856058.29656726,2823.0,-3.409824139035634e-09,2877.0,ASK
1397,1712454600.136153,856058.29656726,2823.0,-0.0,2877.0,ASK
1398,1712454625.995632,856244.92479855,2822.0,-1.3382423881334214e-08,2877.0,ASK
1399,1712454630.119631,856244.92479855,2822.0,-0.0,2877.0,ASK
1400,1712454632.9397628,857539.70751809,2824.0,9.284059931306141e-08,2877.0,BID
1401,1712454635.648371,857599.29988904,2824.0,4.2729883168675685e-09,2877.0,BID
1402,1712454643.118401,857629.92479855,2824.0,2.1959166661018008e-09,2877.0,BID
1403,1712454643.1225166,857757.43150782,2824.0,9.142691763197152e-09,2877.0,BID
1404,1712454651.1082797,858465.39610882,2825.0,-5.076361991656523e-08,2877.0,ASK
1405,1712454651.288432,858465.39610958,2825.0,-5.449182202989842e-17,2877.0,ASK
1406,1712454660.1608348,858465.39610958,2825.0,-0.0,2877.0,ASK
1407,1712454661.1600206,858819.62919458,2823.0,-2.53883755641155e-08,2877.0,ASK
1408,1712454678.2089229,858819.62919495,2823.0,-2.6516111018273925e-17,2877.0,ASK
1409,1712454678.2140477,858836.96021711,2823.0,-1.2421383494099263e-09,2877.0,ASK
1410,1712454686.678603,858976.81806407,2822.0,-1.0023805495772141e-08,2877.0,ASK
1411,1712454686.6829343,858994.88527199,2823.0,-1.2949018019257827e-09,2877.0,ASK
1412,1712454690.1783962,858994.88527199,2823.0,-0.0,2877.0,ASK
1413,1712454698.6881683,859334.21340229,2822.0,-2.4317511920806737e-08,2877.0,ASK
1414,1712454703.8284955,859366.08153033,2822.0,-2.2837882106061676e-09,2877.0,ASK
1415,1712454720.1173997,859366.08153033,2822.0,-0.0,2877.0,ASK
1416,1712454750.1110451,859366.08153033,2822.0,-0.0,2877.0,ASK
1417,1712454757.248427,859416.08153033,2823.0,-3.5829164160686157e-09,2877.0,ASK
1418,1712454757.2515156,859719.43842078,2822.0,-2.17380476544166e-08,2877.0,ASK
1419,1712454762.5295658,860158.14625256,2822.0,-3.143706984684579e-08,2877.0,ASK
1420,1712454762.5339582,860422.01939394,2822.0,-1.8908708200201866e-08,2877.0,ASK
1421,1712454762.537989,860457.45525503,2822.0,-2.539274568335278e-09,2877.0,ASK
1422,1712454762.5887444,860505.45789943,2822.0,3.4397892527089916e-09,2877.0,BID
1423,1712454762.593765,861446.3798075,2822.0,6.742489101325936e-08,2877.0,BID
1424,1712454762.6089935,863904.19284277,2822.0,1.761227734339239e-07,2877.0,BID
1425,1712454762.611611,864245.25853852,2822.0,2.4440197605206843e-08,2877.0,BID
1426,1712454763.4983385,865134.95853852,2822.0,6.375441470752995e-08,2877.0,BID
1427,1712454764.8979273,867106.17131952,2822.0,1.4125381265217988e-07,2877.0,BID
1428,1712454764.978002,867106.17132046,2822.0,6.736267837638518e-17,2877.0,BID
1429,1712454776.668545,867116.17132046,2822.0,-7.165832832137231e-10,2877.0,ASK
1430,1712454776.768645,867223.03883671,2821.0,-7.657947566332114e-09,2877.0,ASK
1431,1712454776.778205,868894.2751536,2821.0,-1.1975800069830397e-07,2877.0,ASK
1432,1712454780.1719034,868894.2751536,2821.0,-0.0,2877.0,ASK
1433,1712454791.8983698,868926.93439069,2821.0,2.3358060170138102e-09,2877.0,BID
1434,1712454791.9031265,868937.23933574,2821.0,7.37015153985721e-10,2877.0,BID
1435,1712454810.1647956,868937.23933574,2821.0,0.0,2877.0,BID
1436,1712454840.1093948,868937.23933574,2821.0,0.0,2877.0,BID
1437,1712454850.5584834,869096.45099426,2821.0,-1.1386803839700944e-08,2877.0,ASK
1438,1712454855.578248,869146.27754293,2825.0,3.563590386458064e-09,2877.0,BID
1439,1712454855.7469804,869167.51648098,2825.0,1.519006984707803e-09,2877.0,BID
1440,1712454870.1019125,869167.51648098,2825.0,0.0,2877.0,BID
1441,1712454870.7514174,869296.45099426,2825.0,9.220956475484304e-09,2877.0,BID
1442,1712454870.754861,869467.51648098,2825.0,1.2234019948375053e-08,2877.0,BID
1443,1712454870.8082075,869712.34708717,2825.0,1.7509449612153724e-08,2877.0,BID
1444,1712454870.8126335,869889.24892898,2825.0,1.2651416151234234e-08,2877.0,BID
1445,1712454870.8279953,869889.24892997,2825.0,7.080112875303405e-17,2877.0,BID
1446,1712454870.8684878,869940.59182301,2826.0,3.671868532356005e-09,2877.0,BID
1447,1712454870.8729296,870153.00305334,2826.0,1.5190926462977475e-08,2877.0,BID
1448,1712454875.9719503,870339.40511869,2827.0,1.3330839724808057e-08,2877.0,BID
1449,1712454875.9757664,870445.4496574,2829.0,7.583943593009366e-09,2877.0,BID
1450,1712454875.977717,872372.79579377,2830.0,1.3783721972144744e-07,2877.0,BID
1451,1712454875.9797046,872633.85544027,2831.0,1.8670095202931523e-08,2877.0,BID
1452,1712454875.981684,872823.85544027,2830.0,1.3588151735110925e-08,2877.0,BID
1453,1712454875.9836872,874203.38559591,2828.0,9.865928988419592e-08,2877.0,BID
1454,1712454875.9856904,875419.74514663,2829.0,8.69898849454433e-08,2877.0,BID
1455,1712454875.9877253,876326.18100773,2830.0,6.48252000988022e-08,2877.0,BID
1456,1712454900.132474,876326.18100773,2830.0,0.0,2877.0,BID
