,time,acc_trade_volume,trade_price,dev,high,ask_bid
0,1712173460.302998,1951481.22983821,20590.0,0.0,21750.0,ASK
1,1712173470.8525612,1951481.22983821,20590.0,-0.0,21750.0,ASK
2,1712173478.2621627,1951496.00692558,20600.0,-3.354854868260168e-10,21750.0,ASK
3,1712173486.3521526,1951507.08788431,20600.0,2.5157196007959797e-10,21750.0,BID
4,1712173492.1123924,1951620.29919127,20600.0,2.5702460490552707e-09,21750.0,BID
5,1712173500.6322124,1951620.29919127,20600.0,0.0,21750.0,BID
6,1712173510.492353,1951624.93023935,20580.0,-1.0526205806316867e-10,21750.0,ASK
7,1712173523.942269,1951625.4154407,20610.0,1.1028452261287672e-11,21750.0,BID
8,1712173530.5924654,1951625.4154407,20610.0,0.0,21750.0,BID
9,1712173560.8722174,1951625.4154407,20610.0,0.0,21750.0,BID
10,1712173590.8639605,1951625.4154407,20610.0,0.0,21750.0,BID
11,1712173620.6025052,1951625.4154407,20610.0,0.0,21750.0,BID
12,1712173627.2420287,1951655.80363817,20590.0,6.907111510867933e-10,21750.0,BID
13,1712173633.302868,1951742.52769466,20580.0,-1.971201909697912e-09,21750.0,ASK
14,1712173633.3044217,1951751.1478249,20580.0,-1.959319925592332e-10,21750.0,ASK
15,1712173633.4423416,1951752.60555084,20580.0,-3.313350727722473e-11,21750.0,ASK
16,1712173633.443872,1951765.88149435,20580.0,-3.0175670118676516e-10,21750.0,ASK
17,1712173650.6022613,1951765.88149435,20580.0,-0.0,21750.0,ASK
18,1712173668.8321278,1951770.25304643,20600.0,9.935704034094347e-11,21750.0,BID
19,1712173680.853093,1951770.25304643,20600.0,0.0,21750.0,BID
20,1712173689.292876,1951817.61259435,20600.0,1.0763899860292367e-09,21750.0,BID
21,1712173689.294245,1951845.47904643,20600.0,6.333500061205838e-10,21750.0,BID
22,1712173689.371994,1951845.47904671,20600.0,6.3660180657220985e-18,21750.0,BID
23,1712173710.861894,1951845.47904671,20600.0,0.0,21750.0,BID
24,1712173712.5920289,1951845.82907102,20570.0,-7.955088451574791e-12,21750.0,ASK
25,1712173725.0419734,1951907.15921194,20570.0,-1.3938651742446652e-09,21750.0,ASK
26,1712173740.5823672,1951907.15921194,20570.0,-0.0,21750.0,ASK
27,1712173744.9121025,1951907.61001174,20630.0,1.0245142339321634e-11,21750.0,BID
28,1712173770.6124034,1951907.61001174,20630.0,0.0,21750.0,BID
29,1712173777.0122914,1951908.61001174,20620.0,2.2726585446945503e-11,21750.0,BID
30,1712173800.6124723,1951908.61001174,20620.0,0.0,21750.0,BID
31,1712173830.551966,1951908.61001174,20620.0,0.0,21750.0,BID
32,1712173843.1220183,1951913.46909823,20580.0,-1.1046867429062119e-10,21750.0,ASK
33,1712173848.2418957,1951919.67831834,20580.0,1.4116322386198882e-10,21750.0,BID
34,1712173860.8717003,1951919.67831834,20580.0,0.0,21750.0,BID
35,1712173875.1819456,1951923.21377006,20570.0,-8.037614535376548e-11,21750.0,ASK
36,1712173878.972217,1951924.09763299,20570.0,-2.0094036335794747e-11,21750.0,ASK
37,1712173884.3536365,1952186.64905892,20570.0,-5.968932188778125e-09,21750.0,ASK
38,1712173884.3550928,1952191.54654057,20570.0,-1.1134099066636795e-10,21750.0,ASK
39,1712173885.67204,1952208.52938939,20560.0,-3.8609378189435046e-10,21750.0,ASK
40,1712173885.681599,1952431.58021011,20560.0,-5.070912179630974e-09,21750.0,ASK
41,1712173887.261798,1952477.62996629,20560.0,-1.0469106041782744e-09,21750.0,ASK
42,1712173890.86236,1952477.62996629,20560.0,-0.0,21750.0,ASK
43,1712173896.4028664,1952479.05008318,20560.0,-3.22769940232496e-11,21750.0,ASK
44,1712173896.4043572,1952823.92095888,20560.0,-7.838365469938605e-09,21750.0,ASK
45,1712173902.5419831,1952838.50530501,20570.0,3.314789480941521e-10,21750.0,BID
46,1712173911.94202,1952868.0496873,20560.0,-6.714967319410535e-10,21750.0,ASK
47,1712173911.9438434,1953098.22354945,20560.0,-5.231485115974773e-09,21750.0,ASK
48,1712173916.7218206,1953126.35245666,20570.0,6.393252388565534e-10,21750.0,BID
49,1712173920.5716195,1953126.35245666,20570.0,0.0,21750.0,BID
50,1712173921.9518108,1953133.60128604,20580.0,1.6470441016190146e-10,21750.0,BID
51,1712173950.5918655,1953133.60128604,20580.0,0.0,21750.0,BID
52,1712173966.442133,1953182.23941833,20560.0,-1.105128471993044e-09,21750.0,ASK
53,1712173966.4437003,1953322.02067412,20560.0,-3.176031610414464e-09,21750.0,ASK
54,1712173966.44526,1953358.16498851,20550.0,-8.212509208837264e-10,21750.0,ASK
55,1712173966.4518793,1953358.40834617,20550.0,-5.529436808097198e-12,21750.0,ASK
56,1712173966.453087,1953358.6682372,20560.0,-5.905098803137594e-12,21750.0,ASK
57,1712173966.4543076,1953912.75601939,20550.0,-1.2589673066202408e-08,21750.0,ASK
58,1712173968.391832,1953914.69871001,20590.0,4.4140731054354365e-11,21750.0,BID
59,1712173980.861699,1953914.69871001,20590.0,0.0,21750.0,BID
60,1712173992.7219388,1953914.69871012,20590.0,2.501374821138414e-18,21750.0,BID
61,1712173992.7238646,1953938.61239912,20590.0,5.43155362127149e-10,21750.0,BID
62,1712174010.8715005,1953938.61239912,20590.0,0.0,21750.0,BID
63,1712174036.921685,1954034.85878988,20570.0,-2.186034893784679e-09,21750.0,ASK
64,1712174040.5715337,1954034.85878988,20570.0,-0.0,21750.0,ASK
65,1712174050.3121028,1954036.43935237,20570.0,-3.5897547609230696e-11,21750.0,ASK
66,1712174050.314076,1954056.03832719,20570.0,-4.4512958907158647e-10,21750.0,ASK
67,1712174070.6086135,1954056.03832719,20570.0,-0.0,21750.0,ASK
68,1712174090.6917677,1954056.92757578,20570.0,-2.019630855582976e-11,21750.0,ASK
69,1712174097.771597,1954061.19899379,20570.0,-9.701097878604106e-11,21750.0,ASK
70,1712174100.8799624,1954061.19899379,20570.0,-0.0,21750.0,ASK
71,1712174124.2917418,1954064.75003369,20560.0,-8.070183291012059e-11,21750.0,ASK
72,1712174130.8518744,1954064.75003369,20560.0,-0.0,21750.0,ASK
73,1712174156.7919478,1954064.99352883,20600.0,5.5337230927141444e-12,21750.0,BID
74,1712174160.6320124,1954064.99352883,20600.0,0.0,21750.0,BID
75,1712174171.2823532,1954113.53721815,20600.0,1.103214232460852e-09,21750.0,BID
76,1712174190.6349616,1954113.53721815,20600.0,0.0,21750.0,BID
77,1712174216.1622236,1954145.13916937,20600.0,7.18176359181337e-10,21750.0,BID
78,1712174216.172092,1954162.0891356,20590.0,3.85199791953041e-10,21750.0,BID
79,1712174220.632306,1954162.0891356,20590.0,0.0,21750.0,BID
80,1712174221.2025638,1954210.63282492,20600.0,1.1031640909709384e-09,21750.0,BID
81,1712174250.6222165,1954210.63282492,20600.0,0.0,21750.0,BID
82,1712174254.3250208,1954222.37750407,20570.0,-2.6689388573916977e-10,21750.0,ASK
83,1712174254.4080882,1954347.98491511,20570.0,2.854386193224454e-09,21750.0,BID
84,1712174254.4098656,1954404.32553044,20570.0,1.2803215445990432e-09,21750.0,BID
85,1712174280.8584752,1954404.32553044,20570.0,0.0,21750.0,BID
86,1712174310.8730755,1954404.32553044,20570.0,0.0,21750.0,BID
87,1712174340.5425055,1954404.32553044,20570.0,0.0,21750.0,BID
88,1712174370.584732,1954404.32553044,20570.0,0.0,21750.0,BID
89,1712174400.6682737,1954404.32553044,20570.0,0.0,21750.0,BID
90,1712174402.9630208,1954409.17994789,20600.0,-1.1032412955195498e-10,21750.0,ASK
91,1712174402.9651108,1954457.71994789,20600.0,-1.103146423552827e-09,21750.0,ASK
92,1712174406.0231087,1954758.02024818,20610.0,6.8247878503957415e-09,21750.0,BID
93,1712174406.025307,1954845.26024572,20630.0,1.982663602745946e-09,21750.0,BID
94,1712174409.99308,1954915.5985084,20630.0,1.598545589506782e-09,21750.0,BID
95,1712174409.9952774,1955117.53679014,20620.0,4.589359152881132e-09,21750.0,BID
96,1712174414.4531572,1955131.33386299,20620.0,3.1355977688431907e-10,21750.0,BID
97,1712174414.4554317,1955281.95850891,20620.0,3.423177574088044e-09,21750.0,BID
98,1712174418.556282,1955291.1539112,20630.0,2.0897971053470742e-10,21750.0,BID
99,1712174418.5578785,1955381.18854835,20630.0,2.0461761015334502e-09,21750.0,BID
100,1712174424.4630709,1955441.10384462,20630.0,1.361667589548332e-09,21750.0,BID
101,1712174428.6429372,1955477.28082034,20630.0,8.22177613936665e-10,21750.0,BID
102,1712174429.1827722,1955478.25028228,20620.0,2.2032518992204408e-11,21750.0,BID
103,1712174430.5735257,1955478.25028228,20620.0,0.0,21750.0,BID
104,1712174436.6528182,1955502.04790727,20630.0,5.40565719915307e-10,21750.0,BID
105,1712174460.8429182,1955502.04790727,20630.0,0.0,21750.0,BID
106,1712174484.3534606,1955542.07811513,20630.0,9.092805196756027e-10,21750.0,BID
107,1712174484.3554084,1955638.75518347,20630.0,2.196005957504434e-09,21750.0,BID
108,1712174489.433074,1955640.20937639,20630.0,3.303178686306496e-11,21750.0,BID
109,1712174490.8528607,1955640.20937639,20630.0,0.0,21750.0,BID
110,1712174520.593963,1955640.20937639,20630.0,0.0,21750.0,BID
111,1712174539.0432231,1955690.20937639,20580.0,-1.1356694132802674e-09,21750.0,ASK
112,1712174544.8630784,1955694.13526102,20580.0,8.917014188335972e-11,21750.0,BID
113,1712174547.6733887,1955742.74974813,20570.0,-1.104199721066591e-09,21750.0,ASK
114,1712174547.6754456,1955833.90191147,20570.0,-2.0703744771915616e-09,21750.0,ASK
115,1712174548.4032784,1955849.00006395,20570.0,3.4293019936826664e-10,21750.0,BID
116,1712174548.4052608,1955902.77821745,20570.0,1.22148408065405e-09,21750.0,BID
117,1712174548.4829588,1955939.30787606,20570.0,8.297123192189701e-10,21750.0,BID
118,1712174550.5752132,1955939.30787606,20570.0,0.0,21750.0,BID
119,1712174570.313147,1955965.91816302,20560.0,-6.04325321868627e-10,21750.0,ASK
120,1712174570.3147862,1956027.2057846,20560.0,-1.3918550256046019e-09,21750.0,ASK
121,1712174570.3994014,1956058.40409666,20560.0,7.085203555228733e-10,21750.0,BID
122,1712174570.4930072,1956081.69937772,20560.0,5.290408271747189e-10,21750.0,BID
123,1712174573.0629184,1956088.32666275,20560.0,1.5050706386167053e-10,21750.0,BID
124,1712174573.2036583,1956110.26088799,20560.0,4.981309577038805e-10,21750.0,BID
125,1712174573.4431465,1956152.69670379,20560.0,9.63726474679314e-10,21750.0,BID
126,1712174573.4451764,1956206.09112124,20560.0,1.212598667579502e-09,21750.0,BID
127,1712174580.8402412,1956206.09112124,20560.0,0.0,21750.0,BID
128,1712174583.9033473,1956206.89753164,20560.0,-1.831147206584244e-11,21750.0,ASK
129,1712174590.8352478,1956220.68256092,20560.0,-3.1302197813765016e-10,21750.0,ASK
130,1712174590.8368802,1956227.76504958,20560.0,-1.608248024331677e-10,21750.0,ASK
131,1712174610.8831089,1956227.76504958,20560.0,-0.0,21750.0,ASK
132,1712174640.5368102,1956227.76504958,20560.0,-0.0,21750.0,ASK
133,1712174663.0334947,1956230.19695619,20570.0,-5.522168284997262e-11,21750.0,ASK
134,1712174668.8732371,1956249.6522091,20560.0,-4.4177346347650696e-10,21750.0,ASK
135,1712174668.9734635,1956475.3556261,20550.0,-5.125082706846062e-09,21750.0,ASK
136,1712174668.988773,1956507.6522091,20550.0,-7.33363549494392e-10,21750.0,ASK
137,1712174669.125087,1956512.52075827,20540.0,-1.1055090565362422e-10,21750.0,ASK
138,1712174669.1270754,1956535.51232967,20540.0,-5.22073199204764e-10,21750.0,ASK
139,1712174669.129482,1956600.24823173,20550.0,-1.469968228971155e-09,21750.0,ASK
140,1712174669.1319344,1956600.78943971,20530.0,-1.2289294050791919e-11,21750.0,ASK
141,1712174669.13437,1956605.15982082,20530.0,-9.923892578282983e-11,21750.0,ASK
142,1712174669.136134,1956625.47022489,20540.0,-4.6119151429607376e-10,21750.0,ASK
143,1712174669.1394775,1956626.44440901,20530.0,-2.2120950818733893e-11,21750.0,ASK
144,1712174669.1406362,1956633.3613765,20540.0,-1.5706466006572658e-10,21750.0,ASK
145,1712174669.1417816,1956636.28392886,20530.0,-6.636285245091476e-11,21750.0,ASK
146,1712174669.1430676,1956636.66957881,20540.0,-8.757013588752249e-12,21750.0,ASK
147,1712174669.1443574,1956649.6522091,20530.0,-2.947986117071164e-10,21750.0,ASK
148,1712174670.583381,1956649.6522091,20530.0,-0.0,21750.0,ASK
149,1712174672.0932472,1956668.7022091,20540.0,-4.32486187893708e-10,21750.0,ASK
150,1712174689.233298,1956673.56365781,20570.0,1.1036794857146244e-10,21750.0,BID
151,1712174700.8533251,1956673.56365781,20570.0,0.0,21750.0,BID
152,1712174730.8837917,1956673.56365781,20570.0,0.0,21750.0,BID
153,1712174733.553924,1956764.71336276,20550.0,-2.072313963336216e-09,21750.0,ASK
154,1712174755.9233916,1956771.58896276,20540.0,-1.5631868358149508e-10,21750.0,ASK
155,1712174756.9834082,1956786.58896276,20540.0,-3.410291834418824e-10,21750.0,ASK
156,1712174757.0034995,1956790.1670872,20540.0,-8.134965706940459e-11,21750.0,ASK
157,1712174757.0055785,1956814.49766777,20540.0,-5.53162534959139e-10,21750.0,ASK
158,1712174760.5837147,1956814.49766777,20540.0,-0.0,21750.0,ASK
159,1712174761.4844155,1956816.785561,20530.0,-5.201246645826312e-11,21750.0,ASK
160,1712174761.486554,1956822.32766777,20530.0,-1.2599304840357984e-10,21750.0,ASK
161,1712174763.204022,1956822.81475983,20530.0,-1.1073444818795563e-11,21750.0,ASK
162,1712174763.2136242,1956944.32766777,20530.0,-2.762447987229505e-09,21750.0,ASK
163,1712174764.113674,1956949.32766777,20530.0,-1.1366891114952054e-10,21750.0,ASK
164,1712174765.15389,1956950.39819091,20530.0,-2.433703993730302e-11,21750.0,ASK
165,1712174765.1566544,1956954.32766777,20520.0,-8.933187121221752e-11,21750.0,ASK
166,1712174770.5941207,1956965.55954568,20520.0,-2.5534306643820267e-10,21750.0,ASK
167,1712174770.596549,1956989.48676179,20520.0,-5.43956120413787e-10,21750.0,ASK
168,1712174770.5988672,1957130.32766777,20520.0,-3.2018464856111322e-09,21750.0,ASK
169,1712174780.0341778,1957131.30377698,20510.0,-2.2190654211291325e-11,21750.0,ASK
170,1712174780.0370908,1957144.14117597,20510.0,-2.9184263303835607e-10,21750.0,ASK
171,1712174780.0398903,1957177.00959662,20510.0,-7.47223517298401e-10,21750.0,ASK
172,1712174790.5833807,1957177.00959662,20510.0,-0.0,21750.0,ASK
173,1712174794.667818,1957186.52864661,20510.0,-2.1636741505199966e-10,21750.0,ASK
174,1712174798.4633453,1957233.21057545,20520.0,1.0610773431563731e-09,21750.0,BID
175,1712174811.2921731,1957633.21057545,20510.0,-9.091975156323633e-09,21750.0,ASK
176,1712174820.8834028,1957633.21057545,20510.0,-0.0,21750.0,ASK
177,1712174829.1534438,1957647.49057545,20520.0,3.2451449293333403e-10,21750.0,BID
178,1712174842.8503835,1957651.86803618,20540.0,9.947825274077392e-11,21750.0,BID
179,1712174848.4635916,1957656.6805157,20530.0,-1.0936410022244587e-10,21750.0,ASK
180,1712174848.4664805,1957717.86803618,20530.0,-1.3904927998866675e-09,21750.0,ASK
181,1712174849.1122725,1957723.57753618,20530.0,-1.2974898440900284e-10,21750.0,ASK
182,1712174850.863582,1957723.57753618,20530.0,-0.0,21750.0,ASK
183,1712174854.0868428,1957740.39383618,20530.0,-3.821360654552447e-10,21750.0,ASK
184,1712174880.5735705,1957740.39383618,20530.0,-0.0,21750.0,ASK
185,1712174893.5339477,1957740.66738118,20520.0,-6.216027898942274e-12,21750.0,ASK
186,1712174893.53643,1957788.47301407,20520.0,-1.0863336846466775e-09,21750.0,ASK
187,1712174908.943323,1957791.98753883,20520.0,-7.986394910938994e-11,21750.0,ASK
188,1712174910.563443,1957791.98753883,20520.0,-0.0,21750.0,ASK
189,1712174912.3006206,1957806.98753883,20520.0,-3.408513237878537e-10,21750.0,ASK
190,1712174921.0132403,1957807.86617002,20510.0,-1.9965506952580127e-11,21750.0,ASK
191,1712174930.4334748,1957810.3004446,20540.0,5.5315047533984286e-11,21750.0,BID
192,1712174933.913515,1957815.9293446,20510.0,-1.2790786776751663e-10,21750.0,ASK
193,1712174940.8797133,1957815.9293446,20510.0,-0.0,21750.0,ASK
194,1712174947.7134025,1957846.22081083,20520.0,-6.883180736770407e-10,21750.0,ASK
195,1712174954.0934289,1957860.49081083,20520.0,-3.242596062158309e-10,21750.0,ASK
196,1712174955.803554,1957875.49081083,20520.0,-3.4084751879685456e-10,21750.0,ASK
197,1712174957.5102017,1957890.49081083,20520.0,-3.4084751879685456e-10,21750.0,ASK
198,1712174970.843241,1957890.49081083,20520.0,-0.0,21750.0,ASK
199,1712174982.0935783,1957995.92291083,20520.0,-2.3956680235029984e-09,21750.0,ASK
200,1712175000.6502235,1957995.92291083,20520.0,-0.0,21750.0,ASK
201,1712175004.307234,1957996.43855892,20510.0,-1.1719356045646675e-11,21750.0,ASK
202,1712175004.87334,1957996.72430982,20510.0,-6.494383672260291e-12,21750.0,ASK
203,1712175015.1950686,1958029.59250982,20520.0,-7.470097258438193e-10,21750.0,ASK
204,1712175018.4899316,1958029.59251136,20520.0,-3.50042133796882e-17,21750.0,ASK
205,1712175018.5833893,1958171.26979221,20520.0,3.219960531040764e-09,21750.0,BID
206,1712175018.7872317,1958225.12979221,20520.0,1.224099398018786e-09,21750.0,BID
207,1712175020.476516,1958232.95979221,20520.0,-1.7795577955071475e-10,21750.0,ASK
208,1712175023.7236433,1958255.67979221,20520.0,5.163672172859254e-10,21750.0,BID
209,1712175027.0434616,1958263.39979221,20520.0,-1.754557622111716e-10,21750.0,ASK
210,1712175030.6370797,1958263.39979221,20520.0,-0.0,21750.0,ASK
211,1712175037.3235629,1958288.89979221,20510.0,-5.79477188382834e-10,21750.0,ASK
212,1712175045.034077,1958490.12214772,20510.0,-4.572696659245826e-09,21750.0,ASK
213,1712175045.0369272,1958567.20256721,20510.0,-1.751621363347673e-09,21750.0,ASK
214,1712175060.853795,1958567.20256721,20510.0,-0.0,21750.0,ASK
215,1712175063.8135676,1958581.84076721,20520.0,-3.3260008052455696e-10,21750.0,ASK
216,1712175087.3045042,1958646.3781932,20520.0,-1.466379273496639e-09,21750.0,ASK
217,1712175087.3737135,1958701.30396378,20520.0,1.247989214371745e-09,21750.0,BID
218,1712175087.3767354,1958751.44695309,20520.0,1.139317831585824e-09,21750.0,BID
219,1712175090.8637805,1958751.44695309,20520.0,0.0,21750.0,BID
220,1712175112.1134188,1958756.99835309,20520.0,-1.2612462532531039e-10,21750.0,ASK
221,1712175120.5834684,1958756.99835309,20520.0,-0.0,21750.0,ASK
222,1712175125.828348,1958761.37125179,20550.0,9.934949431622995e-11,21750.0,BID
223,1712175150.5837631,1958761.37125179,20550.0,0.0,21750.0,BID
224,1712175152.033327,1958814.09029015,20590.0,1.1977407819710883e-09,21750.0,BID
225,1712175180.8610444,1958814.09029015,20590.0,0.0,21750.0,BID
226,1712175210.8752396,1958814.09029015,20590.0,0.0,21750.0,BID
227,1712175215.9435425,1958814.5754915,20570.0,1.102317362197088e-11,21750.0,BID
228,1712175220.5235083,1959050.26793539,20540.0,-5.3546403558393435e-09,21750.0,ASK
229,1712175240.5837374,1959050.26793539,20540.0,-0.0,21750.0,ASK
230,1712175259.0738754,1959051.9042288,20580.0,3.7170462685773526e-11,21750.0,BID
231,1712175270.596236,1959051.9042288,20580.0,0.0,21750.0,BID
232,1712175300.6235657,1959051.9042288,20580.0,0.0,21750.0,BID
233,1712175304.2340934,1959054.33259208,20590.0,5.5230810577126216e-11,21750.0,BID
234,1712175306.6433444,1959078.62802453,20580.0,5.525764775388701e-10,21750.0,BID
235,1712175308.7137697,1959081.05874888,20570.0,-5.52845108638257e-11,21750.0,ASK
236,1712175321.0036662,1959094.64691312,20570.0,3.090498573155827e-10,21750.0,BID
237,1712175321.0071006,1959105.36599243,20570.0,2.4379525245061817e-10,21750.0,BID
238,1712175330.583421,1959105.36599243,20570.0,0.0,21750.0,BID
239,1712175360.8734465,1959105.36599243,20570.0,0.0,21750.0,BID
240,1712175367.7860308,1959138.857008,20540.0,-7.617022031828575e-10,21750.0,ASK
241,1712175367.7957573,1959140.31757275,20540.0,-3.3218323453086226e-11,21750.0,ASK
242,1712175370.8835084,1959147.14757275,20540.0,-1.5533796032315503e-10,21750.0,ASK
243,1712175372.4334557,1959157.36007275,20540.0,-2.3226777741851368e-10,21750.0,ASK
244,1712175372.8332715,1959167.08297017,20570.0,2.2113251151746038e-10,21750.0,BID
245,1712175381.803835,1959167.0829999,20540.0,-6.76161625117334e-16,21750.0,ASK
246,1712175390.8733392,1959167.0829999,20540.0,-0.0,21750.0,ASK
247,1712175392.6541023,1959168.56596219,20520.0,-3.372674882542756e-11,21750.0,ASK
248,1712175392.6609323,1959170.58738117,20520.0,-4.5972773995440305e-11,21750.0,ASK
249,1712175397.3336887,1959171.46347648,20530.0,-1.992488053709353e-11,21750.0,ASK
250,1712175420.5935006,1959171.46347648,20530.0,-0.0,21750.0,ASK
251,1712175446.2041602,1959186.46347648,20550.0,-3.4114164700219477e-10,21750.0,ASK
252,1712175446.2064662,1959407.18820476,20550.0,-5.019893155969618e-09,21750.0,ASK
253,1712175446.283325,1959414.47160745,20550.0,-1.6564479929566844e-10,21750.0,ASK
254,1712175446.3233814,1959507.67160745,20520.0,-2.119626766705911e-09,21750.0,ASK
255,1712175450.593251,1959507.67160745,20520.0,-0.0,21750.0,ASK
256,1712175477.705753,1959510.10588203,20540.0,5.535346837502456e-11,21750.0,BID
257,1712175480.8442044,1959510.10588203,20540.0,0.0,21750.0,BID
258,1712175494.3431609,1959571.53588203,20520.0,-1.3968677666860075e-09,21750.0,ASK
259,1712175495.853407,1959579.36588203,20520.0,-1.7804777166314703e-10,21750.0,ASK
260,1712175497.3534868,1959584.32113847,20520.0,-1.1267846323744472e-10,21750.0,ASK
261,1712175497.3568254,1959597.68588203,20520.0,-3.039032962580116e-10,21750.0,ASK
262,1712175510.8532753,1959597.68588203,20520.0,-0.0,21750.0,ASK
263,1712175519.8432512,1959602.88143591,20520.0,-1.1813780197781019e-10,21750.0,ASK
264,1712175538.2733767,1959627.23603893,20530.0,-5.537810472773904e-10,21750.0,ASK
265,1712175538.283613,1959632.42389799,20530.0,-1.1796283523979127e-10,21750.0,ASK
266,1712175538.393203,1959652.77406506,20530.0,4.627271823344232e-10,21750.0,BID
267,1712175540.563508,1959652.77406506,20530.0,0.0,21750.0,BID
268,1712175570.643622,1959652.77406506,20530.0,0.0,21750.0,BID
269,1712175600.6313622,1959652.77406506,20530.0,0.0,21750.0,BID
270,1712175600.8037486,1959674.19163276,20530.0,-4.87076312508942e-10,21750.0,ASK
271,1712175600.825612,1959677.12866808,20530.0,-6.679378132305508e-11,21750.0,ASK
272,1712175600.8286748,1959702.12196782,20530.0,-5.6839527463196e-10,21750.0,ASK
273,1712175609.373315,1959702.41408077,20540.0,6.643205265742037e-12,21750.0,BID
274,1712175617.6732602,1959702.90570686,20540.0,1.1180514349666583e-11,21750.0,BID
275,1712175630.5432718,1959702.90570686,20540.0,0.0,21750.0,BID
276,1712175631.6933725,1959713.64192245,20530.0,-2.4415629153739564e-10,21750.0,ASK
277,1712175631.7153292,1959727.26030988,20530.0,-3.0970083859984616e-10,21750.0,ASK
278,1712175635.073459,1959736.61630988,20520.0,-2.127682929336724e-10,21750.0,ASK
279,1712175653.2724423,1959762.11630988,20520.0,-5.79905030966694e-10,21750.0,ASK
280,1712175660.8733425,1959762.11630988,20520.0,-0.0,21750.0,ASK
281,1712175668.0662348,1959830.512375,20520.0,-1.555377495890445e-09,21750.0,ASK
282,1712175668.0696535,1959911.89072702,20510.0,-1.8506043756019887e-09,21750.0,ASK
283,1712175668.0728934,1959940.60897023,20520.0,-6.53074254079644e-10,21750.0,ASK
284,1712175668.0760832,1959941.58410431,20510.0,-2.2175275740150983e-11,21750.0,ASK
285,1712175668.0793276,1960110.72061428,20520.0,-3.846290292866515e-09,21750.0,ASK
286,1712175668.0809712,1960148.17446594,20520.0,-8.517285008179263e-10,21750.0,ASK
287,1712175668.0823686,1960397.03740237,20510.0,-5.659328650059348e-09,21750.0,ASK
288,1712175668.083845,1960409.77452432,20500.0,-2.896516460203814e-10,21750.0,ASK
289,1712175668.0852864,1960426.85330981,20510.0,-3.8838431073107037e-10,21750.0,ASK
290,1712175668.0867443,1960429.2923342,20500.0,-5.5465232419078615e-11,21750.0,ASK
291,1712175668.0882163,1960649.32999942,20510.0,-5.003820499491264e-09,21750.0,ASK
292,1712175668.0898385,1960698.18851187,20500.0,-1.1110789869888627e-09,21750.0,ASK
293,1712175681.1433506,1960705.16026639,20500.0,-1.5854289377937949e-10,21750.0,ASK
294,1712175690.8634,1960705.16026639,20500.0,-0.0,21750.0,ASK
295,1712175702.8534029,1960708.65029511,20510.0,-7.933095644794579e-11,21750.0,ASK
296,1712175712.1735346,1960709.52280229,20500.0,-1.9832739114632656e-11,21750.0,ASK
297,1712175720.583556,1960709.52280229,20500.0,-0.0,21750.0,ASK
298,1712175750.5633008,1960709.52280229,20500.0,-0.0,21750.0,ASK
299,1712175750.636201,1960710.0096572,20540.0,1.1066552802399498e-11,21750.0,BID
300,1712175780.8542624,1960710.0096572,20540.0,0.0,21750.0,BID
301,1712175810.843076,1960710.0096572,20540.0,0.0,21750.0,BID
302,1712175824.8330376,1960712.44393178,20540.0,5.5332752127780745e-11,21750.0,BID
303,1712175832.7835605,1960713.58473022,20540.0,2.5931140974294468e-11,21750.0,BID
304,1712175840.593265,1960713.58473022,20540.0,0.0,21750.0,BID
305,1712175848.7987127,1960759.27752229,20540.0,1.0386271697349639e-09,21750.0,BID
306,1712175848.8020172,1960769.30580229,20540.0,2.2794938987300544e-10,21750.0,BID
307,1712175855.453173,1960987.73302529,20540.0,4.964994217701834e-09,21750.0,BID
308,1712175860.213733,1960987.73302628,20540.0,2.250325685476375e-17,21750.0,BID
309,1712175870.6031384,1960987.73302628,20540.0,0.0,21750.0,BID
310,1712175900.8634872,1960987.73302628,20540.0,0.0,21750.0,BID
311,1712175911.393613,1961006.20898691,20540.0,-4.202432032004475e-10,21750.0,ASK
312,1712175911.397642,1961011.73080004,20540.0,-1.2559587475312096e-10,21750.0,ASK
313,1712175911.4932194,1961016.52007,20540.0,1.0893388383406752e-10,21750.0,BID
314,1712175930.863023,1961016.52007,20540.0,0.0,21750.0,BID
315,1712175960.5733714,1961016.52007,20540.0,0.0,21750.0,BID
316,1712175986.0628583,1961020.17022153,20560.0,-8.302305746829277e-11,21750.0,ASK
317,1712175990.583084,1961020.17022153,20560.0,-0.0,21750.0,ASK
318,1712176006.2831109,1961021.14156684,20580.0,2.209330741142156e-11,21750.0,BID
319,1712176020.8563292,1961021.14156684,20580.0,0.0,21750.0,BID
320,1712176050.865151,1961021.14156684,20580.0,0.0,21750.0,BID
321,1712176060.952925,1961021.62842175,20560.0,-1.1073539128796806e-11,21750.0,ASK
322,1712176080.5930388,1961021.62842175,20560.0,-0.0,21750.0,ASK
323,1712176092.062885,1961031.59857544,20580.0,2.2677158969082239e-10,21750.0,BID
324,1712176092.1919792,1961039.85537813,20580.0,1.8780134489132727e-10,21750.0,BID
325,1712176095.8231523,1961176.34789357,20580.0,3.1045283422298807e-09,21750.0,BID
326,1712176095.9032068,1961184.54849035,20590.0,1.865229389615588e-10,21750.0,BID
327,1712176096.1276844,1961186.92387357,20590.0,5.402819712734394e-11,21750.0,BID
328,1712176096.1293297,1961219.32879035,20600.0,7.37051275274897e-10,21750.0,BID
329,1712176110.6229887,1961219.32879035,20600.0,0.0,21750.0,BID
330,1712176112.323053,1961225.42255409,20590.0,1.3859009984239355e-10,21750.0,BID
331,1712176112.3628578,1961231.55829513,20590.0,1.3954478703684458e-10,21750.0,BID
332,1712176140.8728366,1961231.55829513,20590.0,0.0,21750.0,BID
333,1712176144.9829917,1961236.42210835,20560.0,-1.1061677614401747e-10,21750.0,ASK
334,1712176146.083019,1961242.61351208,20560.0,1.4080991382990516e-10,21750.0,BID
335,1712176148.513251,1961249.85773274,20570.0,1.6475392841732587e-10,21750.0,BID
336,1712176149.863026,1961259.02777583,20570.0,2.0855254052984308e-10,21750.0,BID
337,1712176150.0032976,1961270.37326401,20570.0,2.5802827318602984e-10,21750.0,BID
338,1712176151.903537,1961295.42347074,20560.0,-5.697120725723331e-10,21750.0,ASK
339,1712176151.92325,1961303.63347074,20560.0,-1.8671846369287616e-10,21750.0,ASK
340,1712176152.1035466,1961319.0113963,20560.0,-3.497372272083313e-10,21750.0,ASK
341,1712176153.513311,1961321.0113963,20550.0,-4.548561843939669e-11,21750.0,ASK
342,1712176153.5171251,1961326.98146694,20550.0,-1.3577617759041338e-10,21750.0,ASK
343,1712176170.8635056,1961326.98146694,20550.0,-0.0,21750.0,ASK
344,1712176200.5445273,1961352.48146694,20550.0,-5.79915757157569e-10,21750.0,ASK
345,1712176200.6446693,1961361.70105802,20550.0,-2.096700447775988e-10,21750.0,ASK
346,1712176200.7243629,1961369.67112866,20550.0,-1.8125370783716067e-10,21750.0,ASK
347,1712176200.9644651,1961369.67112866,20550.0,-0.0,21750.0,ASK
348,1712176230.856075,1961369.67112866,20550.0,-0.0,21750.0,ASK
349,1712176252.155804,1961388.18928168,20520.0,-4.217660099424953e-10,21750.0,ASK
350,1712176252.2958255,1961411.45967859,20520.0,5.300022331598824e-10,21750.0,BID
351,1712176260.5961971,1961411.45967859,20520.0,0.0,21750.0,BID
352,1712176290.6066394,1961411.45967859,20520.0,0.0,21750.0,BID
353,1712176295.1667511,1961416.61033926,20550.0,1.1730819864834942e-10,21750.0,BID
354,1712176320.8667157,1961416.61033926,20550.0,0.0,21750.0,BID
355,1712176325.8669662,1961457.88446748,20520.0,-9.40031244645677e-10,21750.0,ASK
356,1712176350.867304,1961457.88446748,20520.0,-0.0,21750.0,ASK
357,1712176361.2379267,1961460.42564328,20520.0,-5.787496128048334e-11,21750.0,ASK
358,1712176361.241587,1961499.1990988,20510.0,-8.83060604079153e-10,21750.0,ASK
359,1712176361.2452133,1961517.67455892,20520.0,-4.2077629541515244e-10,21750.0,ASK
360,1712176361.248427,1961560.72962816,20510.0,-9.805738214848462e-10,21750.0,ASK
361,1712176361.2500794,1961574.38446748,20520.0,-3.109872591146525e-10,21750.0,ASK
362,1712176370.7876174,1961597.65486439,20540.0,-5.299803815974442e-10,21750.0,ASK
363,1712176370.810727,1961599.50446748,20540.0,-4.2124479235181335e-11,21750.0,ASK
364,1712176370.8677015,1961610.30446748,20510.0,-2.4596865036022197e-10,21750.0,ASK
365,1712176380.6278152,1961610.30446748,20510.0,-0.0,21750.0,ASK
366,1712176406.2682805,1961652.74028328,20520.0,-9.664015723633812e-10,21750.0,ASK
367,1712176406.388178,1961653.22761271,20520.0,1.1098076441004608e-11,21750.0,BID
368,1712176406.408419,1961756.4551738,20520.0,2.350827372301126e-09,21750.0,BID
369,1712176406.418133,1961850.8721738,20520.0,2.15018223492657e-09,21750.0,BID
370,1712176410.6107907,1961850.8721738,20520.0,0.0,21750.0,BID
371,1712176411.7984462,1961858.8909738,20520.0,-1.8259363471110983e-10,21750.0,ASK
372,1712176416.9985554,1961859.2177738,20530.0,7.441462539032669e-12,21750.0,BID
373,1712176417.0024097,1961870.9815738,20530.0,2.6786988077715667e-10,21750.0,BID
374,1712176440.8787313,1961870.9815738,20530.0,0.0,21750.0,BID
375,1712176452.0927289,1961881.69759912,20530.0,-2.440090315501239e-10,21750.0,ASK
376,1712176452.099646,1961897.01021871,20520.0,-3.4867568572380877e-10,21750.0,ASK
377,1712176458.23324,1961900.97441871,20530.0,-9.026673360761124e-11,21750.0,ASK
378,1712176458.322208,1961902.01021871,20530.0,-2.3585662344368824e-11,21750.0,ASK
379,1712176470.8510945,1961902.01021871,20530.0,-0.0,21750.0,ASK
380,1712176484.8900666,1962107.21380298,20530.0,-4.672516185894417e-09,21750.0,ASK
381,1712176484.894472,1962117.21380298,20520.0,-2.2770148984067038e-10,21750.0,ASK
382,1712176484.8988717,1962207.380791,20510.0,-2.053115750661452e-09,21750.0,ASK
383,1712176484.9024308,1962294.71021871,20520.0,-1.988504079645526e-09,21750.0,ASK
384,1712176500.5861444,1962294.71021871,20520.0,-0.0,21750.0,ASK
385,1712176509.5335193,1962563.52434722,20510.0,-6.12864916552116e-09,21750.0,ASK
386,1712176509.543297,1962710.3757263,20510.0,-3.348040472582608e-09,21750.0,ASK
387,1712176509.5511909,1962918.61021871,20510.0,-4.747503991750725e-09,21750.0,ASK
388,1712176509.8898294,1963162.15316458,20520.0,-5.552495623078675e-09,21750.0,ASK
389,1712176509.8938217,1963382.91021871,20510.0,-5.0330038196855915e-09,21750.0,ASK
390,1712176510.5363505,1963406.12459395,20530.0,5.2926072833821e-10,21750.0,BID
391,1712176511.2097898,1963414.56751871,20530.0,1.9248885492209328e-10,21750.0,BID
392,1712176511.2196493,1963461.49781795,20530.0,1.0699561844830307e-09,21750.0,BID
393,1712176511.3197198,1963461.49781871,20530.0,1.732618546029281e-17,21750.0,BID
394,1712176518.9498696,1963466.23736821,20530.0,-1.080562106192664e-10,21750.0,ASK
395,1712176520.8396487,1963499.88736821,20530.0,-7.67180823278044e-10,21750.0,ASK
396,1712176522.229921,1963504.62691771,20530.0,-1.0805621062457467e-10,21750.0,ASK
397,1712176529.1100223,1963531.63721771,20530.0,-6.158033934923546e-10,21750.0,ASK
398,1712176530.5911431,1963531.63721771,20530.0,-0.0,21750.0,ASK
399,1712176537.0878007,1963556.31391771,20530.0,-5.622747457078826e-10,21750.0,ASK
400,1712176544.070465,1963562.30454852,20530.0,-1.3650044030530367e-10,21750.0,ASK
401,1712176544.081689,1963568.95851771,20530.0,-1.5161503905746827e-10,21750.0,ASK
402,1712176545.387951,1963605.89401771,20530.0,-8.41599519793161e-10,21750.0,ASK
403,1712176545.4207213,1964042.81508277,20510.0,-9.95553217211402e-09,21750.0,ASK
404,1712176545.4282842,1964048.49401771,20530.0,-1.2939824608769936e-10,21750.0,ASK
405,1712176558.6808298,1964075.51401771,20520.0,6.15668368504159e-10,21750.0,BID
406,1712176558.7002149,1964077.01021771,20520.0,3.409189537068243e-11,21750.0,BID
407,1712176558.7205417,1964121.61571771,20530.0,1.0163654852454604e-09,21750.0,BID
408,1712176559.1203597,1964310.56882984,20530.0,-4.305420217202562e-09,21750.0,ASK
409,1712176560.870498,1964310.56882984,20530.0,-0.0,21750.0,ASK
410,1712176566.120663,1964313.52232984,20530.0,6.727292999887402e-11,21750.0,BID
411,1712176566.1238632,1964317.87222984,20530.0,9.907923419074951e-11,21750.0,BID
412,1712176590.8907382,1964317.87222984,20530.0,0.0,21750.0,BID
413,1712176602.7912295,1964325.6657028,20520.0,-1.7751412572549728e-10,21750.0,ASK
414,1712176602.7954564,1964325.67852984,20520.0,-2.9216509639686134e-13,21750.0,ASK
415,1712176603.510934,1964336.70063407,20530.0,2.5105356829442844e-10,21750.0,BID
416,1712176603.5206916,1964339.13852984,20530.0,5.552863767245508e-11,21750.0,BID
417,1712176620.6467087,1964339.13852984,20530.0,0.0,21750.0,BID
418,1712176632.4515204,1964339.57132561,20530.0,9.857812974683476e-12,21750.0,BID
419,1712176632.455726,1964339.88952561,20530.0,7.2476588426150995e-12,21750.0,BID
420,1712176635.7620473,1964346.10872561,20530.0,-1.4165505927058174e-10,21750.0,ASK
421,1712176638.0913038,1964346.10879286,20530.0,-1.5317593189074239e-15,21750.0,ASK
422,1712176646.6711862,1964346.89702561,20530.0,1.7953620550103328e-11,21750.0,BID
423,1712176650.5915017,1964346.89702561,20530.0,0.0,21750.0,BID
424,1712176651.8421268,1964405.10702561,20530.0,-1.3258475503289319e-09,21750.0,ASK
425,1712176653.3512805,1964440.80702561,20530.0,-8.131379066605638e-10,21750.0,ASK
426,1712176666.8783083,1964490.80702561,20530.0,-1.1388486087697821e-09,21750.0,ASK
427,1712176669.781412,1964558.76702561,20530.0,-1.547923029039039e-09,21750.0,ASK
428,1712176670.0817904,1964608.66482561,20530.0,-1.136520802211607e-09,21750.0,ASK
429,1712176671.2316165,1964724.06482561,20530.0,-2.6284625890438388e-09,21750.0,ASK
430,1712176671.2714565,1964775.96062561,20530.0,-1.1820291926211867e-09,21750.0,ASK
431,1712176671.4917035,1965320.52574948,20530.0,-1.2403544674073422e-08,21750.0,ASK
432,1712176677.461788,1965322.80747135,20530.0,5.197071554912899e-11,21750.0,BID
433,1712176680.8718777,1965322.80747135,20530.0,0.0,21750.0,BID
434,1712176686.8235235,1965329.0803598,20530.0,1.4281223379338422e-10,21750.0,BID
435,1712176702.7121828,1965339.06753276,20520.0,-2.2737379934111888e-10,21750.0,ASK
436,1712176710.8819427,1965339.06753276,20520.0,-0.0,21750.0,ASK
437,1712176737.192448,1965361.06753276,20530.0,5.008610144903537e-10,21750.0,BID
438,1712176740.5924814,1965361.06753276,20530.0,0.0,21750.0,BID
439,1712176770.6056683,1965361.06753276,20530.0,0.0,21750.0,BID
440,1712176773.5129566,1965378.06753276,20540.0,-3.8702498608976734e-10,21750.0,ASK
441,1712176788.4314077,1965378.55462482,20530.0,-1.1089223392360484e-11,21750.0,ASK
442,1712176788.4351122,1965383.42554542,20530.0,-1.1089223397131079e-10,21750.0,ASK
443,1712176800.6429944,1965383.42554542,20530.0,-0.0,21750.0,ASK
444,1712176826.4735694,1965383.91263748,20530.0,-1.1097346132678972e-11,21750.0,ASK
445,1712176826.4775798,1965387.03951671,20530.0,-7.123922555163374e-11,21750.0,ASK
446,1712176830.585889,1965387.03951671,20530.0,-0.0,21750.0,ASK
447,1712176842.288046,1965393.83387469,20530.0,-1.5479458810439066e-10,21750.0,ASK
448,1712176842.290445,1965630.34851914,20530.0,-5.388468943688595e-09,21750.0,ASK
449,1712176842.3728857,1965746.94851914,20530.0,-2.65647600932348e-09,21750.0,ASK
450,1712176842.39319,1965880.43908645,20530.0,-3.041290647768029e-09,21750.0,ASK
451,1712176842.39721,1965882.68268119,20530.0,-5.111539967055861e-11,21750.0,ASK
452,1712176854.3426442,1965883.81620946,20520.0,-2.5824962733138467e-11,21750.0,ASK
453,1712176854.3465552,1965908.18268119,20520.0,-5.55136771723934e-10,21750.0,ASK
454,1712176855.8232164,1965916.40268119,20520.0,-1.8727472381258448e-10,21750.0,ASK
455,1712176860.8634915,1965916.40268119,20520.0,-0.0,21750.0,ASK
456,1712176861.9022624,1965927.04908119,20520.0,-2.42494901768807e-10,21750.0,ASK
457,1712176862.2663538,1965927.04915292,20520.0,-1.6338066454449213e-15,21750.0,ASK
458,1712176862.2683604,1965977.04908119,20510.0,-1.138857049736711e-09,21750.0,ASK
459,1712176864.943828,1965978.51106949,20530.0,3.3299961415813394e-11,21750.0,BID
460,1712176866.1334536,1966350.71106949,20510.0,-8.477664040295685e-09,21750.0,ASK
461,1712176866.2567863,1966569.07938849,20510.0,-4.973813126075687e-09,21750.0,ASK
462,1712176866.2612224,1966579.07938849,20510.0,-2.2777173670867127e-10,21750.0,ASK
463,1712176866.2636323,1967147.51623749,20510.0,-1.2947384830597236e-08,21750.0,ASK
464,1712176866.3535352,1967165.36349019,20510.0,-4.065099742907264e-10,21750.0,ASK
465,1712176866.358085,1967175.36349019,20510.0,-2.2777173670867127e-10,21750.0,ASK
466,1712176878.1745403,1967176.61349019,20500.0,-2.8471467088583912e-11,21750.0,ASK
467,1712176878.1790433,1967283.80194527,20500.0,-2.4414500568724673e-09,21750.0,ASK
468,1712176878.183406,1967827.36349019,20500.0,-1.2380795709444318e-08,21750.0,ASK
469,1712176878.27483,1968029.85905687,20500.0,-4.6122766898532045e-09,21750.0,ASK
470,1712176878.2768323,1968429.48219413,20500.0,-9.102285600269813e-09,21750.0,ASK
471,1712176878.2788095,1968752.04323068,20500.0,-7.347028748953682e-09,21750.0,ASK
472,1712176890.8835433,1968752.04323068,20500.0,-0.0,21750.0,ASK
473,1712176892.7435205,1968752.42295653,20500.0,-8.637642444840923e-12,21750.0,ASK
474,1712176893.1935568,1968760.42295653,20500.0,1.8197639051179536e-10,21750.0,BID
475,1712176897.2346845,1968762.1828324,20490.0,-4.003198232317585e-11,21750.0,ASK
476,1712176897.237017,1968791.78538153,20490.0,-6.733706300750971e-10,21750.0,ASK
477,1712176897.2390492,1968900.29192316,20490.0,-2.468203599093621e-09,21750.0,ASK
478,1712176899.5935454,1968917.65242316,20490.0,-3.9490014093390124e-10,21750.0,ASK
479,1712176903.9637077,1969088.38413048,20490.0,-3.883642480503121e-09,21750.0,ASK
480,1712176904.9635296,1969089.11619491,20490.0,-1.6652305321987063e-11,21750.0,ASK
481,1712176920.5742948,1969089.11619491,20490.0,-0.0,21750.0,ASK
482,1712176934.163734,1969099.11619491,20490.0,-2.2743475649218967e-10,21750.0,ASK
483,1712176937.1337793,1969099.62779491,20480.0,-1.1635562144080647e-11,21750.0,ASK
484,1712176937.1436307,1969109.62779491,20480.0,-2.2743475649218967e-10,21750.0,ASK
485,1712176946.5239654,1969129.15904491,20480.0,-4.4420850877380797e-10,21750.0,ASK
486,1712176946.5274577,1969129.1899742,20480.0,-7.034395537587605e-13,21750.0,ASK
487,1712176946.531617,1969129.94429491,20480.0,-1.7155874698816084e-11,21750.0,ASK
488,1712176950.624653,1969129.94429491,20480.0,-0.0,21750.0,ASK
489,1712176951.4938593,1969142.15956952,20480.0,-2.7781251680260433e-10,21750.0,ASK
490,1712176952.6207714,1969142.31178815,20480.0,-3.4619148626865544e-12,21750.0,ASK
491,1712176952.6297555,1969145.03400887,20480.0,-6.191158312829485e-11,21750.0,ASK
492,1712176960.234486,1969148.41185637,20470.0,-7.68225312442483e-11,21750.0,ASK
493,1712176960.2386124,1969153.15633056,20470.0,-1.0790378093957628e-10,21750.0,ASK
494,1712176960.2427256,1969163.00041947,20470.0,-2.2388453825121486e-10,21750.0,ASK
495,1712176960.334343,1969174.74703157,20470.0,-2.6715370513977715e-10,21750.0,ASK
496,1712176960.3536851,1969192.71344217,20470.0,-4.0861085043503927e-10,21750.0,ASK
497,1712176965.0577776,1969193.20172342,20480.0,1.1105001508354226e-11,21750.0,BID
498,1712176967.6846645,1969193.69048197,20460.0,-1.111585676340112e-11,21750.0,ASK
499,1712176967.6893742,1969199.06682605,20460.0,-1.2227442506991255e-10,21750.0,ASK
500,1712176967.6940372,1969206.34333895,20460.0,-1.6549004642622084e-10,21750.0,ASK
501,1712176967.6963148,1969240.10172342,20460.0,-7.677683926175808e-10,21750.0,ASK
502,1712176967.7245655,1969249.88167452,20450.0,-2.2242584927679327e-10,21750.0,ASK
503,1712176967.7292118,1969276.81072161,20460.0,-6.124484783165595e-10,21750.0,ASK
504,1712176967.7339466,1969277.78969471,20450.0,-2.2264827395512022e-11,21750.0,ASK
505,1712176967.736306,1969297.10172342,20450.0,-4.39214301090374e-10,21750.0,ASK
506,1712176968.4738717,1969305.29576472,20450.0,-1.8635743436210182e-10,21750.0,ASK
507,1712176980.63392,1969305.29576472,20450.0,-0.0,21750.0,ASK
508,1712176991.464333,1969305.55016786,20440.0,-5.785429457866041e-12,21750.0,ASK
509,1712176996.3255208,1969306.50404893,20440.0,-2.1692388086466124e-11,21750.0,ASK
510,1712176996.3296106,1969390.06069857,20440.0,-1.900177420609942e-09,21750.0,ASK
511,1712176996.4048388,1969623.96804646,20440.0,5.319330811977384e-09,21750.0,BID
512,1712177010.604152,1969623.96804646,20440.0,0.0,21750.0,BID
513,1712177020.174797,1969626.96804646,20430.0,-6.821345758545364e-11,21750.0,ASK
514,1712177020.1794631,1969636.96804646,20420.0,-2.2737819195151208e-10,21750.0,ASK
515,1712177020.1871524,1969665.4790352,20420.0,-6.482777070455131e-10,21750.0,ASK
516,1712177020.1908455,1969672.56919732,20420.0,-1.6121482434496283e-10,21750.0,ASK
517,1712177020.1947844,1969672.81422426,20410.0,-5.571378259984345e-12,21750.0,ASK
518,1712177020.1984515,1969673.30394022,20420.0,-1.1135072957952111e-11,21750.0,ASK
519,1712177020.2021904,1969674.28483193,20410.0,-2.2303338350057043e-11,21750.0,ASK
520,1712177020.2047544,1969674.98270528,20410.0,-1.5868118053414682e-11,21750.0,ASK
521,1712177020.206926,1969675.98270528,20420.0,-2.2737819195151208e-11,21750.0,ASK
522,1712177020.209082,1969688.85883949,20410.0,-2.9277521160023927e-10,21750.0,ASK
523,1712177020.30013,1969688.85883965,20410.0,3.6370199609242575e-18,21750.0,BID
524,1712177020.3038423,1969758.04717465,20410.0,1.573191851645182e-09,21750.0,BID
525,1712177025.26448,1969776.3893147,20420.0,4.1706026410691454e-10,21750.0,BID
526,1712177028.9344175,1969921.6493147,20420.0,3.302895616287877e-09,21750.0,BID
527,1712177029.3105128,1969921.64931492,20420.0,5.002887719175289e-18,21750.0,BID
528,1712177029.3127284,1970039.26910792,20420.0,2.674417587003578e-09,21750.0,BID
529,1712177040.868628,1970039.26910792,20420.0,0.0,21750.0,BID
530,1712177053.906623,1970049.26910792,20400.0,-2.2733435848769646e-10,21750.0,ASK
531,1712177053.911592,1970080.33650985,20410.0,-7.06268788768693e-10,21750.0,ASK
532,1712177053.9163897,1970080.82670592,20400.0,-1.114384090919398e-11,21750.0,ASK
533,1712177053.9202046,1970182.91670592,20410.0,-2.3208564657975064e-09,21750.0,ASK
534,1712177053.9223554,1970400.39071545,20400.0,-4.943931444428457e-09,21750.0,ASK
535,1712177053.9645853,1970576.6083271,20400.0,4.006031769868793e-09,21750.0,BID
536,1712177054.0125575,1970622.1783271,20460.0,1.035962671624622e-09,21750.0,BID
537,1712177054.7649806,1970664.6141429,20440.0,9.64711896184375e-10,21750.0,BID
538,1712177054.7699296,1970671.1073271,20440.0,1.4761238646016018e-10,21750.0,BID
539,1712177070.8760254,1970671.1073271,20440.0,0.0,21750.0,BID
540,1712177074.9260745,1970677.16121277,20420.0,-1.3758528707914483e-10,21750.0,ASK
541,1712177074.9312215,1970728.92544309,20420.0,-1.1764339264167295e-09,21750.0,ASK
542,1712177074.9947212,1970770.74464809,20420.0,9.50415590722058e-10,21750.0,BID
543,1712177074.9985328,1970770.74464907,20420.0,2.2271878255776042e-17,21750.0,BID
544,1712177091.634651,1970775.6442081,20410.0,-1.1135116723570396e-10,21750.0,ASK
545,1712177092.864913,1970779.67707663,20400.0,-9.165408874624096e-11,21750.0,ASK
546,1712177096.5854914,1970804.19890105,20390.0,-5.573019439668067e-10,21750.0,ASK
547,1712177096.5905468,1970823.95961499,20390.0,-4.4909726553541664e-10,21750.0,ASK
548,1712177096.5955243,1970827.58772807,20400.0,-8.245530339889892e-11,21750.0,ASK
549,1712177096.5999603,1970832.18133403,20390.0,-1.0439784118398994e-10,21750.0,ASK
550,1712177096.644674,1970997.17925006,20390.0,3.7498702290326975e-09,21750.0,BID
551,1712177096.705068,1971098.09495524,20390.0,2.29348835185745e-09,21750.0,BID
552,1712177096.725366,1971098.58823555,20430.0,1.1210669772276395e-11,21750.0,BID
553,1712177096.729297,1971111.81495524,20440.0,3.0060065961289526e-10,21750.0,BID
554,1712177100.634781,1971111.81495524,20440.0,0.0,21750.0,BID
555,1712177109.18551,1971117.48911198,20410.0,-1.2908511604306304e-10,21750.0,ASK
556,1712177117.5748675,1971122.38867101,20410.0,-1.1146328431788364e-10,21750.0,ASK
557,1712177117.5809813,1971129.20892563,20410.0,-1.5515844898595904e-10,21750.0,ASK
558,1712177117.6959257,1971133.41267886,20410.0,9.563394146156411e-11,21750.0,BID
559,1712177123.4351425,1971232.93267886,20420.0,-2.264045802331048e-09,21750.0,ASK
560,1712177123.5044792,1971387.45003486,20420.0,3.5152167528069592e-09,21750.0,BID
561,1712177123.5089145,1971387.45003545,20420.0,1.342213462373825e-17,21750.0,BID
562,1712177124.1451747,1971523.99987614,20430.0,-3.106461953605453e-09,21750.0,ASK
563,1712177124.5652008,1971548.46171514,20440.0,5.56498431523597e-10,21750.0,BID
564,1712177130.606599,1971548.46171514,20440.0,0.0,21750.0,BID
565,1712177135.3160007,1971548.46171568,20440.0,1.2286123139856628e-17,21750.0,BID
566,1712177135.3209262,1971753.98101814,20440.0,4.674545134397919e-09,21750.0,BID
567,1712177135.4156437,1971769.81632076,20440.0,3.601746207186808e-10,21750.0,BID
568,1712177135.4195652,1972021.45525962,20440.0,5.723538194193494e-09,21750.0,BID
569,1712177147.1153178,1972071.56997831,20440.0,-1.1398613736536875e-09,21750.0,ASK
570,1712177147.175279,1972205.93485131,20440.0,3.05613465887705e-09,21750.0,BID
571,1712177147.1816568,1972349.24390932,20440.0,3.25957052120217e-09,21750.0,BID
572,1712177158.6254897,1972363.89950275,20470.0,3.3334208582640006e-10,21750.0,BID
573,1712177158.6351562,1972787.67519832,20470.0,9.638795928618795e-09,21750.0,BID
574,1712177158.7656274,1972787.67519845,20470.0,2.9550244448448266e-18,21750.0,BID
575,1712177160.6252189,1972787.67519845,20470.0,0.0,21750.0,BID
576,1712177175.0476902,1972789.17677866,20480.0,3.413382927857629e-11,21750.0,BID
577,1712177175.055043,1973132.99091811,20480.0,7.815561940602999e-09,21750.0,BID
578,1712177175.2051249,1973269.5407588,20480.0,-3.1040426074398423e-09,21750.0,ASK
579,1712177183.815554,1973271.13359154,20480.0,-3.620817619619604e-11,21750.0,ASK
580,1712177190.5852473,1973271.13359154,20480.0,-0.0,21750.0,ASK
581,1712177193.5855958,1973276.01640404,20480.0,-1.1097081775380688e-10,21750.0,ASK
582,1712177193.5902636,1973280.83926095,20480.0,-1.0960821764486708e-10,21750.0,ASK
583,1712177218.0256505,1973281.17303872,20500.0,7.58570845750494e-12,21750.0,BID
584,1712177220.887927,1973281.17303872,20500.0,0.0,21750.0,BID
585,1712177233.16756,1973282.24999047,20480.0,2.4475577942872867e-11,21750.0,BID
586,1712177250.8658454,1973282.24999047,20480.0,0.0,21750.0,BID
587,1712177257.815601,1973305.58710047,20480.0,5.30375635124321e-10,21750.0,BID
588,1712177261.995693,1973305.58710122,20480.0,1.7043836332992646e-17,21750.0,BID
589,1712177267.925718,1973307.68332345,20500.0,4.7640226086259536e-11,21750.0,BID
590,1712177280.6356728,1973307.68332345,20500.0,0.0,21750.0,BID
591,1712177293.7860856,1973308.17065288,20520.0,1.1075261510840466e-11,21750.0,BID
592,1712177306.4475017,1973407.68332345,20520.0,2.261568421584021e-09,21750.0,BID
593,1712177307.8358734,1973426.15903432,20520.0,-4.198870759939167e-10,21750.0,ASK
594,1712177310.6058393,1973426.15903432,20520.0,-0.0,21750.0,ASK
595,1712177333.696035,1973428.59568149,20530.0,5.537324857562658e-11,21750.0,BID
596,1712177340.9061084,1973428.59568149,20530.0,0.0,21750.0,BID
597,1712177341.556267,1973719.98331379,20520.0,-6.621829229686185e-09,21750.0,ASK
598,1712177341.5628295,1973720.28331379,20520.0,-6.817546625204564e-12,21750.0,ASK
599,1712177341.696272,1973762.71912884,20490.0,-9.643604921188983e-10,21750.0,ASK
600,1712177341.7022078,1973853.28331379,20480.0,-2.058085177919313e-09,21750.0,ASK
601,1712177370.8960922,1973853.28331379,20480.0,-0.0,21750.0,ASK
602,1712177400.6264236,1973853.28331379,20480.0,-0.0,21750.0,ASK
603,1712177405.2163875,1973877.69361238,20510.0,5.55700937753604e-10,21750.0,BID
604,1712177409.01038,1973878.18189363,20480.0,-1.1115732464875644e-11,21750.0,ASK
605,1712177409.016734,1973883.06470613,20490.0,-1.1115732464875644e-10,21750.0,ASK
606,1712177409.019409,1973895.48121003,20480.0,-2.826619607062121e-10,21750.0,ASK
607,1712177409.021856,1973919.89150862,20480.0,-5.557009377589047e-10,21750.0,ASK
608,1712177409.0868547,1973934.14150862,20480.0,3.2440153625493075e-10,21750.0,BID
609,1712177409.096188,1974052.86400246,20480.0,2.7027199571708953e-09,21750.0,BID
610,1712177409.1335723,1974287.06962612,20480.0,5.331695727357852e-09,21750.0,BID
611,1712177409.936161,1974460.46719111,20510.0,3.947399050218513e-09,21750.0,BID
612,1712177419.5865426,1974487.5288337,20500.0,-6.16058837182213e-10,21750.0,ASK
613,1712177419.5898468,1974530.62132847,20500.0,-9.81001509082834e-10,21750.0,ASK
614,1712177428.1063714,1974533.03742603,20500.0,-5.500250948735494e-11,21750.0,ASK
615,1712177430.5963423,1974533.03742603,20500.0,-0.0,21750.0,ASK
616,1712177435.966505,1974833.33772632,20500.0,6.834175324121623e-09,21750.0,BID
617,1712177436.0063376,1974875.77353215,20500.0,-9.65745744455929e-10,21750.0,ASK
618,1712177436.0864549,1974906.31396562,20490.0,-6.950331937952737e-10,21750.0,ASK
619,1712177436.0894852,1974972.14811095,20500.0,-1.498240564740974e-09,21750.0,ASK
620,1712177460.899948,1974972.14811095,20500.0,-0.0,21750.0,ASK
621,1712177475.7566812,1974991.14811095,20490.0,-4.3230971259561555e-10,21750.0,ASK
622,1712177475.796586,1975009.97767748,20490.0,-4.284318155244328e-10,21750.0,ASK
623,1712177477.9269905,1975014.86048998,20480.0,-1.1109932992280416e-10,21750.0,ASK
624,1712177490.8865,1975014.86048998,20480.0,-0.0,21750.0,ASK
625,1712177520.6066697,1975014.86048998,20480.0,-0.0,21750.0,ASK
626,1712177550.6279905,1975014.86048998,20480.0,-0.0,21750.0,ASK
627,1712177558.3178978,1975022.61915835,20510.0,1.7653057404957494e-10,21750.0,BID
628,1712177558.3320303,1975029.4908516,20500.0,1.5634950436004528e-10,21750.0,BID
629,1712177574.1268597,1975063.5516516,20480.0,-7.74974813973568e-10,21750.0,ASK
630,1712177578.5071335,1975363.85195189,20480.0,-6.832639554934483e-09,21750.0,ASK
631,1712177578.5118897,1975412.63243969,20480.0,-1.1098873032416703e-09,21750.0,ASK
632,1712177580.883739,1975412.63243969,20480.0,-0.0,21750.0,ASK
633,1712177588.5269265,1975564.99790506,20480.0,3.4660816836756223e-09,21750.0,BID
634,1712177592.3470297,1975580.35218444,20460.0,-3.492864107757094e-10,21750.0,ASK
635,1712177599.4074185,1975585.36802229,20480.0,1.1410265218646146e-10,21750.0,BID
636,1712177599.4269378,1975627.87864561,20480.0,9.670517692003907e-10,21750.0,BID
637,1712177599.5271082,1975775.22827313,20480.0,3.3519790314891603e-09,21750.0,BID
638,1712177610.897009,1975775.22827313,20480.0,0.0,21750.0,BID
639,1712177640.6076071,1975775.22827313,20480.0,0.0,21750.0,BID
640,1712177641.9772549,1975789.90040662,20520.0,3.3371226192326365e-10,21750.0,BID
641,1712177641.9830155,1975823.96121659,20520.0,7.747005536555983e-10,21750.0,BID
642,1712177670.6072106,1975823.96121659,20520.0,0.0,21750.0,BID
643,1712177684.9307115,1975842.24301659,20520.0,-4.1580333736214247e-10,21750.0,ASK
644,1712177684.937232,1975842.24310878,20520.0,-2.0967796541502897e-15,21750.0,ASK
645,1712177695.0673006,1975851.8539892,20490.0,-2.1859095677982388e-10,21750.0,ASK
646,1712177700.8571544,1975851.8539892,20490.0,-0.0,21750.0,ASK
647,1712177701.877224,1975876.22046093,20520.0,5.54583410388088e-10,21750.0,BID
648,1712177730.9181824,1975876.22046093,20520.0,0.0,21750.0,BID
649,1712177756.2576094,1975881.09613133,20510.0,1.1096949847304659e-10,21750.0,BID
650,1712177758.3673382,1975881.8195833,20510.0,1.6465654096845506e-11,21750.0,BID
651,1712177760.6180005,1975881.8195833,20510.0,0.0,21750.0,BID
652,1712177776.3298445,1976003.96550455,20500.0,2.7800148661635593e-09,21750.0,BID
653,1712177776.3979695,1976138.40178645,20510.0,-3.059740828100472e-09,21750.0,ASK
654,1712177776.4104114,1976223.11651162,20510.0,-1.9280889033856872e-09,21750.0,ASK
655,1712177776.4656022,1976227.99688393,20480.0,-1.1107622288893224e-10,21750.0,ASK
656,1712177776.4745562,1976228.50167142,20470.0,-1.1488854577432972e-11,21750.0,ASK
657,1712177776.4798636,1976263.44179269,20460.0,-7.95229636505828e-10,21750.0,ASK
658,1712177776.4843333,1976263.9463337,20480.0,-1.1483244748563994e-11,21750.0,ASK
659,1712177776.4869647,1976264.45161487,20450.0,-1.1500090625520179e-11,21750.0,ASK
660,1712177776.4895644,1976319.38318393,20470.0,-1.2502306834814951e-09,21750.0,ASK
661,1712177776.492467,1976319.88821814,20460.0,-1.1494469869751702e-11,21750.0,ASK
662,1712177776.4951108,1976328.11651162,20450.0,-1.87274187822382e-10,21750.0,ASK
663,1712177776.5000596,1976332.11315701,20450.0,-9.096278848119244e-11,21750.0,ASK
664,1712177776.5041769,1976335.77749323,20450.0,-8.339950333453497e-11,21750.0,ASK
665,1712177776.51783,1976432.77749323,20450.0,-2.207699113146961e-09,21750.0,ASK
666,1712177789.788466,1976441.42376188,20500.0,1.9678721268600838e-10,21750.0,BID
667,1712177789.7915044,1976451.03464229,20500.0,2.1874156863777247e-10,21750.0,BID
668,1712177789.8875198,1976457.22734229,20500.0,-1.4094451853625195e-10,21750.0,ASK
669,1712177789.92745,1976457.22737098,20500.0,-6.52974980605332e-16,21750.0,ASK
670,1712177790.597736,1976457.22737098,20500.0,-0.0,21750.0,ASK
671,1712177811.387756,1976462.10304138,20510.0,1.1093944121905432e-10,21750.0,BID
672,1712177813.2213323,1976466.99780398,20480.0,-1.1137385901927263e-10,21750.0,ASK
673,1712177820.6577685,1976466.99780398,20480.0,-0.0,21750.0,ASK
674,1712177841.930019,1976521.9408266,20480.0,-1.2501502267722307e-09,21750.0,ASK
675,1712177850.6114151,1976521.9408266,20480.0,-0.0,21750.0,ASK
676,1712177880.879027,1976521.9408266,20480.0,-0.0,21750.0,ASK
677,1712177881.248602,1976543.58889092,20510.0,4.925582602028638e-10,21750.0,BID
678,1712177881.254628,1976544.09269395,20510.0,1.1463026917047584e-11,21750.0,BID
679,1712177881.265224,1976544.59625146,20520.0,1.1457440598823068e-11,21750.0,BID
680,1712177881.268082,1976545.09956369,20530.0,1.145185974241802e-11,21750.0,BID
681,1712177881.270706,1976570.14845368,20540.0,5.699372235419556e-10,21750.0,BID
682,1712177881.5478811,1976579.51754968,20490.0,-2.1317497755056164e-10,21750.0,ASK
683,1712177910.8879848,1976579.51754968,20490.0,-0.0,21750.0,ASK
684,1712177940.578057,1976579.51754968,20490.0,-0.0,21750.0,ASK
685,1712177970.5843897,1976579.51754968,20490.0,-0.0,21750.0,ASK
686,1712177973.8981707,1976625.74963474,20510.0,-1.0518900397830028e-09,21750.0,ASK
687,1712178000.768171,1976625.74963474,20510.0,-0.0,21750.0,ASK
688,1712178004.158523,1976698.27480513,20540.0,1.6511043337639767e-09,21750.0,BID
689,1712178004.1647456,1976698.77787232,20540.0,1.1452802016406995e-11,21750.0,BID
690,1712178018.5481951,1976727.01701337,20490.0,-6.42890846291393e-10,21750.0,ASK
691,1712178018.5512187,1976736.77787232,20490.0,-2.2221521751535248e-10,21750.0,ASK
692,1712178020.0783346,1976774.77787232,20490.0,-8.65106063806745e-10,21750.0,ASK
693,1712178025.298422,1976778.35738797,20490.0,-8.149107090136117e-11,21750.0,ASK
694,1712178025.3113987,1976784.27787232,20490.0,-1.347854450503253e-10,21750.0,ASK
695,1712178028.6984146,1976829.50265144,20490.0,-1.0295850171312542e-09,21750.0,ASK
696,1712178030.6286566,1976829.50265144,20490.0,-0.0,21750.0,ASK
697,1712178058.6685195,1976830.00265144,20490.0,1.1381891779513163e-11,21750.0,BID
698,1712178060.8683877,1976830.00265144,20490.0,0.0,21750.0,BID
699,1712178066.1902702,1976833.73691977,20450.0,-8.500605619161826e-11,21750.0,ASK
700,1712178066.1980588,1976834.24220094,20450.0,-1.1502108505564268e-11,21750.0,ASK
701,1712178066.2043557,1976834.74220094,20480.0,-1.1381889125086316e-11,21750.0,ASK
702,1712178073.891623,1976842.25220094,20480.0,1.7095597465900847e-10,21750.0,BID
703,1712178090.8792777,1976842.25220094,20480.0,0.0,21750.0,BID
704,1712178093.6185782,1976842.75220094,20460.0,-1.138182415909751e-11,21750.0,ASK
705,1712178120.6274216,1976842.75220094,20460.0,-0.0,21750.0,ASK
706,1712178121.559368,1976866.73833296,20450.0,-5.460117466691389e-10,21750.0,ASK
707,1712178121.562286,1976867.74361413,20450.0,-2.2883861683466688e-11,21750.0,ASK
708,1712178121.5651505,1977005.15220094,20440.0,-3.127920017640145e-09,21750.0,ASK
709,1712178141.338755,1977132.34660618,20440.0,-2.895408034665681e-09,21750.0,ASK
710,1712178150.6287055,1977132.34660618,20440.0,-0.0,21750.0,ASK
711,1712178153.299167,1977132.85238199,20430.0,-1.151174876858476e-11,21750.0,ASK
712,1712178153.3062267,1977290.1629004,20440.0,-3.5804780118698795e-09,21750.0,ASK
713,1712178153.3124738,1977290.6629004,20430.0,-1.138028800635171e-11,21750.0,ASK
714,1712178159.228654,1977292.96692634,20430.0,5.244095754030173e-11,21750.0,BID
715,1712178160.9196088,1977294.69465517,20430.0,3.9324103363460657e-11,21750.0,BID
716,1712178162.7312243,1977295.99023764,20430.0,2.9488203289580225e-11,21750.0,BID
717,1712178167.3204193,1977310.93686776,20420.0,-3.4019391098103697e-10,21750.0,ASK
718,1712178167.325588,1977311.93686776,20420.0,-2.276057601270342e-11,21750.0,ASK
719,1712178171.358599,1977312.23686776,20430.0,6.828172804870898e-12,21750.0,BID
720,1712178180.8886418,1977312.23686776,20430.0,0.0,21750.0,BID
721,1712178183.5799315,1977315.61403362,20420.0,-7.685980856760893e-11,21750.0,ASK
722,1712178183.587783,1977365.57311685,20420.0,-1.1370023660123595e-09,21750.0,ASK
723,1712178183.5935314,1977373.6125338,20410.0,-1.82966449792231e-10,21750.0,ASK
724,1712178183.5992973,1977374.1125338,20410.0,-1.1379335773415048e-11,21750.0,ASK
725,1712178183.602739,1977631.53217839,20420.0,-5.858529140925583e-09,21750.0,ASK
726,1712178183.606094,1977917.91250274,20400.0,-6.517635739355669e-09,21750.0,ASK
727,1712178183.698844,1977932.16250274,20400.0,3.2431106954232877e-10,21750.0,BID
728,1712178183.705906,1978245.80973203,20400.0,7.138194272981432e-09,21750.0,BID
729,1712178183.7118435,1978260.79963203,20400.0,3.411502106234825e-10,21750.0,BID
730,1712178183.7242742,1978526.86920801,20400.0,6.055390088329533e-09,21750.0,BID
731,1712178183.727781,1979052.85623191,20400.0,1.1970765914835456e-08,21750.0,BID
732,1712178186.6796665,1979058.92211173,20420.0,-1.3805136646928242e-10,21750.0,ASK
733,1712178186.6947284,1979125.08976043,20420.0,-1.5058877837855403e-09,21750.0,ASK
734,1712178186.698624,1979149.31950894,20420.0,-5.514368880026855e-10,21750.0,ASK
735,1712178197.5284138,1979152.31950894,20420.0,6.827601464049026e-11,21750.0,BID
736,1712178199.1203723,1979157.98095894,20420.0,-1.2884708102912342e-10,21750.0,ASK
737,1712178200.7679677,1979205.74966155,20420.0,-1.0871522129176063e-09,21750.0,ASK
738,1712178201.640967,1979210.48921105,20420.0,-1.0786585035429427e-10,21750.0,ASK
739,1712178207.3581357,1979220.90950894,20420.0,-2.3715213709795937e-10,21750.0,ASK
740,1712178210.8682745,1979220.90950894,20420.0,-0.0,21750.0,ASK
741,1712178214.3791797,1979235.00950894,20420.0,3.2061308618413984e-10,21750.0,BID
742,1712178214.5487242,1979322.37707477,20420.0,1.9866088591086197e-09,21750.0,BID
743,1712178214.5517874,1979332.90950894,20420.0,2.3949193080507274e-10,21750.0,BID
744,1712178228.5793204,1979333.90950894,20410.0,-2.273851675087349e-11,21750.0,ASK
745,1712178240.6118064,1979333.90950894,20410.0,-0.0,21750.0,ASK
746,1712178249.8270292,1979333.90950941,20400.0,-1.068318247939888e-17,21750.0,ASK
747,1712178249.8334663,1979471.88110541,20400.0,-3.1371048492037987e-09,21750.0,ASK
748,1712178249.8529017,1979472.58110541,20390.0,-1.591612663737177e-11,21750.0,ASK
749,1712178249.857926,1979472.88560953,20390.0,-6.923608766035124e-12,21750.0,ASK
750,1712178249.8623295,1979474.18395326,20380.0,-2.952086175632087e-11,21750.0,ASK
751,1712178249.865369,1979492.6826454,20390.0,-4.206107524933032e-10,21750.0,ASK
752,1712178249.8681724,1979501.8813083,20380.0,-2.0915297659863558e-10,21750.0,ASK
753,1712178249.8710198,1979502.38807632,20390.0,-1.152254854894594e-11,21750.0,ASK
754,1712178249.87388,1979505.363286,20380.0,-6.764830577356396e-11,21750.0,ASK
755,1712178249.8767543,1979506.363286,20370.0,-2.2737323769186508e-11,21750.0,ASK
756,1712178249.8796415,1979508.063286,20370.0,-3.865345040655828e-11,21750.0,ASK
757,1712178249.882522,1979508.55420401,20370.0,-1.116216173766732e-11,21750.0,ASK
758,1712178249.8854074,1979512.49122069,20370.0,-8.951722294098972e-11,21750.0,ASK
759,1712178249.8883524,1979706.88668857,20370.0,-4.4200326924489e-09,21750.0,ASK
760,1712178249.891404,1979707.37760658,20370.0,-1.116216173766732e-11,21750.0,ASK
761,1712178249.8942828,1979752.57627633,20370.0,-1.0276967880425272e-09,21750.0,ASK
762,1712178249.8971758,1979757.48786768,20360.0,-1.1167644274388692e-10,21750.0,ASK
763,1712178249.9028926,1979760.71309126,20350.0,-7.333295276971448e-11,21750.0,ASK
764,1712178249.911528,1979761.41309126,20370.0,-1.591612663737177e-11,21750.0,ASK
765,1712178249.91525,1979786.67104803,20360.0,-5.742983408279675e-10,21750.0,ASK
766,1712178249.9202905,1979816.67104803,20370.0,-6.82119713075595e-10,21750.0,ASK
767,1712178249.925871,1979840.24898728,20360.0,-5.360992385383883e-10,21750.0,ASK
768,1712178249.929103,1979845.24898728,20350.0,-1.1368661884593256e-10,21750.0,ASK
769,1712178249.931976,1979845.50426464,20370.0,-5.804323982038013e-12,21750.0,ASK
770,1712178249.93489,1979866.38724597,20360.0,-4.748231077696416e-10,21750.0,ASK
771,1712178249.9378512,1979967.08724597,20350.0,-2.2896485035560228e-09,21750.0,ASK
772,1712178249.9434702,1980229.35618857,20350.0,-5.9632938624957414e-09,21750.0,ASK
773,1712178249.9464147,1980231.81439899,20340.0,-5.5893126214517397e-11,21750.0,ASK
774,1712178249.94937,1980396.46148519,20340.0,-3.743634106584186e-09,21750.0,ASK
775,1712178249.9523137,1980483.25851846,20340.0,-1.973532247662334e-09,21750.0,ASK
776,1712178249.9640503,1980483.95851846,20340.0,-1.591612663737177e-11,21750.0,ASK
777,1712178249.9670644,1980494.7421879,20330.0,-2.451917834788847e-10,21750.0,ASK
778,1712178249.970011,1980631.7421879,20360.0,3.115013356378552e-09,21750.0,BID
779,1712178249.972968,1980636.99334383,20360.0,1.1939723254529468e-10,21750.0,BID
780,1712178249.9759238,1980677.09334383,20350.0,-9.117666831412027e-10,21750.0,ASK
781,1712178249.9791954,1980797.25851846,20350.0,-2.732234481343259e-09,21750.0,ASK
782,1712178249.982155,1980832.01434464,20360.0,7.90254472722555e-10,21750.0,BID
783,1712178249.9924462,1980867.05745523,20360.0,7.967865513633849e-10,21750.0,BID
784,1712178250.0070426,1980934.37745523,20360.0,1.5306766361431183e-09,21750.0,BID
785,1712178250.0100353,1981032.65745523,20370.0,2.234624180030992e-09,21750.0,BID
786,1712178250.0132024,1981177.84745523,20370.0,3.301232038052213e-09,21750.0,BID
787,1712178250.0271835,1981178.56134022,20370.0,1.6231834150770395e-11,21750.0,BID
788,1712178250.030204,1981210.1276863,20380.0,7.17734231032116e-10,21750.0,BID
789,1712178250.0332017,1981216.30953857,20380.0,1.4055877655439986e-10,21750.0,BID
790,1712178250.0369382,1981266.95798659,20370.0,1.1516101610372572e-09,21750.0,BID
791,1712178250.0399332,1981285.9600728,20390.0,4.3205658644823277e-10,21750.0,BID
792,1712178250.0429504,1981312.49152897,20380.0,6.03254309003114e-10,21750.0,BID
793,1712178250.0492585,1981358.42784276,20390.0,1.044468839407004e-09,21750.0,BID
794,1712178250.0557334,1981366.23816648,20370.0,1.7758585916605739e-10,21750.0,BID
795,1712178250.0622084,1981373.99152897,20400.0,1.7629071323190904e-10,21750.0,BID
796,1712178250.070594,1981448.29152897,20400.0,1.6893831560516163e-09,21750.0,BID
797,1712178250.0771637,1981732.79152897,20400.0,6.468768612333563e-09,21750.0,BID
798,1712178255.1970763,1981803.59152897,20390.0,-1.609802522859464e-09,21750.0,ASK
799,1712178265.1869452,1981807.02290152,20410.0,7.802022863864976e-11,21750.0,BID
800,1712178265.1902232,1982031.42102431,20410.0,5.1022127710747355e-09,21750.0,BID
801,1712178270.5963416,1982031.42102431,20410.0,0.0,21750.0,BID
1002,1712178273.5564892,1982031.91074027,20420.0,1.1120935137601939e-11,21750.0,BID
802,1712178273.5564892,1982031.91074027,20420.0,1.112093513760194e-11,21750.0,BID
803,1712178273.776195,1982032.40045623,20420.0,1.1120935132314602e-11,21750.0,BID
804,1712178276.7065048,1982032.90672766,20410.0,-1.1496892473017144e-11,21750.0,ASK
805,1712178277.4861856,1982080.67543027,20380.0,-1.084777067942673e-09,21750.0,ASK
806,1712178282.7959194,1982151.27194592,20370.0,-1.603172727534628e-09,21750.0,ASK
807,1712178289.3098402,1982151.77871394,20390.0,1.1508169506101091e-11,21750.0,BID
808,1712178291.3144274,1982250.10871394,20360.0,-2.232971030465251e-09,21750.0,ASK
809,1712178291.3178456,1982486.71945904,20330.0,-5.3731815245078556e-09,21750.0,ASK
810,1712178291.320986,1982505.30843251,20360.0,-4.2213606472203485e-10,21750.0,ASK
811,1712178291.3241482,1982691.82176817,20330.0,-4.235521970142673e-09,21750.0,ASK
812,1712178300.8656232,1982691.82176817,20330.0,-0.0,21750.0,ASK
813,1712178301.005428,1982694.1809863,20380.0,5.359755748328845e-11,21750.0,BID
814,1712178305.5719874,1982698.1809863,20360.0,-9.087342420607688e-11,21750.0,ASK
815,1712178316.7412171,1982900.0030206,20360.0,4.585064834265673e-09,21750.0,BID
816,1712178316.7444625,1982911.97620067,20360.0,2.720109679004357e-10,21750.0,BID
817,1712178319.8155828,1982932.60524784,20340.0,-4.686580386127486e-10,21750.0,ASK
818,1712178330.8021438,1982981.76945584,20350.0,-1.1169299823363163e-09,21750.0,ASK
819,1712178330.815179,1982981.76945629,20350.0,-1.0219370921034165e-17,21750.0,ASK
820,1712178330.8965602,1982981.76945629,20350.0,-0.0,21750.0,ASK
821,1712178332.5448546,1983025.58338468,20390.0,9.952469679448795e-10,21750.0,BID
1022,1712178336.2452424,1983026.09089941,20360.0,1.152835444440652e-11,21750.0,BID
822,1712178336.2452424,1983026.09089941,20360.0,1.1528354444406519e-11,21750.0,BID
823,1712178354.377392,1983026.59841414,20360.0,1.152835444969534e-11,21750.0,BID
824,1712178359.8621614,1983031.59841414,20360.0,1.1357655025616471e-10,21750.0,BID
825,1712178360.598833,1983031.59841414,20360.0,0.0,21750.0,BID
826,1712178381.0853665,1983033.9569047,20370.0,5.357260813799048e-11,21750.0,BID
827,1712178389.513739,1983279.77794699,20350.0,5.583772347528254e-09,21750.0,BID
1027,1712178389.513739,1983279.77794699,20350.0,5.5837723475282544e-09,21750.0,BID
828,1712178390.6738598,1983279.77794699,20350.0,0.0,21750.0,BID
829,1712178396.233791,1983361.31164229,20350.0,-1.851807991765432e-09,21750.0,ASK
1029,1712178396.233791,1983361.31164229,20350.0,-1.8518079917654321e-09,21750.0,ASK
830,1712178420.6232023,1983361.31164229,20350.0,-0.0,21750.0,ASK
831,1712178423.1172698,1983371.13965129,20360.0,-2.2320710142412008e-10,21750.0,ASK
832,1712178423.1231964,1983371.13965211,20360.0,-1.8623956672801608e-17,21750.0,ASK
833,1712178423.173766,1983417.24608349,20330.0,-1.047138123862751e-09,21750.0,ASK
834,1712178423.1844668,1983466.91029194,20340.0,-1.1279399533345403e-09,21750.0,ASK
835,1712178423.188068,1983573.01978567,20320.0,-2.409887142912381e-09,21750.0,ASK
836,1712178423.1912134,1983578.52730087,20340.0,-1.2508296480526348e-10,21750.0,ASK
837,1712178423.194356,1983579.02730087,20330.0,-1.1355662241880167e-11,21750.0,ASK
838,1712178423.5537112,1983598.81562463,20320.0,-4.4941904190380596e-10,21750.0,ASK
839,1712178423.5607822,1983603.73688447,20320.0,-1.1176832909557106e-10,21750.0,ASK
1040,1712178423.5677342,1983904.03718476,20330.0,-6.820217562454058e-09,21750.0,ASK
840,1712178423.5677342,1983904.03718476,20330.0,-6.8202175624540585e-09,21750.0,ASK
841,1712178423.5735176,1983909.08186517,20320.0,-1.1457137370984983e-10,21750.0,ASK
842,1712178423.576897,1984009.02385411,20320.0,-2.2698149403661156e-09,21750.0,ASK
843,1712178423.5800383,1984014.93325833,20310.0,-1.3421039674747428e-10,21750.0,ASK
844,1712178423.58323,1984015.63325833,20320.0,-1.5897927137574654e-11,21750.0,ASK
845,1712178423.586406,1984057.30434151,20310.0,-9.464054916907702e-10,21750.0,ASK
846,1712178423.589618,1984070.91121627,20300.0,-3.090301478844185e-10,21750.0,ASK
847,1712178423.607047,1984085.15704587,20300.0,-3.2354165858918965e-10,21750.0,ASK
848,1712178429.5117257,1984095.95194282,20310.0,-2.4516640740052126e-10,21750.0,ASK
849,1712178438.2326186,1984115.43925885,20310.0,-4.4258275767138956e-10,21750.0,ASK
850,1712178441.7728164,1984118.44597344,20310.0,-6.828647068642277e-11,21750.0,ASK
851,1712178442.882432,1984147.6180441,20340.0,6.625363626208521e-10,21750.0,BID
852,1712178445.0125844,1984156.24586064,20340.0,1.959491410253009e-10,21750.0,BID
853,1712178448.152847,1984158.94286064,20340.0,6.12524421310518e-11,21750.0,BID
854,1712178450.5783632,1984158.94286064,20340.0,0.0,21750.0,BID
855,1712178459.164737,1984197.24286064,20330.0,8.69523567182445e-10,21750.0,BID
856,1712178460.3024795,1984294.34473907,20310.0,-2.204500566905051e-09,21750.0,ASK
857,1712178460.3099468,1984339.27242286,20320.0,-1.0199916416256438e-09,21750.0,ASK
858,1712178466.815384,1984358.73070552,20320.0,-4.4176071409248326e-10,21750.0,ASK
859,1712178467.0320108,1984362.27070552,20320.0,8.036849681082259e-11,21750.0,BID
860,1712178467.812322,1984371.71070552,20320.0,2.1431599149200288e-10,21750.0,BID
861,1712178471.604585,1984378.39477534,20320.0,1.5174820452642272e-10,21750.0,BID
862,1712178473.3039148,1984381.99177534,20320.0,8.166256582264507e-11,21750.0,BID
863,1712178473.481994,1984398.29849271,20320.0,3.7021083699033614e-10,21750.0,BID
864,1712178480.8723404,1984398.29849271,20320.0,0.0,21750.0,BID
865,1712178491.8613975,1984427.39849271,20340.0,6.60583354169051e-10,21750.0,BID
866,1712178497.5314658,1984452.75059977,20340.0,5.75504464505904e-10,21750.0,BID
867,1712178497.631389,1984473.96841548,20340.0,4.816541536054679e-10,21750.0,BID
868,1712178498.5714903,1984488.74633432,20340.0,3.3546553934357125e-10,21750.0,BID
869,1712178500.0313797,1984498.40605406,20340.0,2.1928007100479908e-10,21750.0,BID
870,1712178500.611884,1984513.95734451,20340.0,3.530214297977344e-10,21750.0,BID
871,1712178502.0912178,1984587.72768789,20340.0,1.6746206483996331e-09,21750.0,BID
872,1712178503.0014637,1984637.07783538,20340.0,1.1202709951182712e-09,21750.0,BID
873,1712178503.8814662,1984643.21869083,20340.0,1.3940023679089208e-10,21750.0,BID
874,1712178504.7513554,1984653.95452879,20340.0,2.4370844843338904e-10,21750.0,BID
875,1712178505.471379,1984666.39341634,20340.0,2.823684556690673e-10,21750.0,BID
876,1712178506.131392,1984677.67025999,20340.0,2.559895258699311e-10,21750.0,BID
877,1712178506.4362793,1984683.72100266,20340.0,1.37354635331846e-10,21750.0,BID
878,1712178506.7816858,1984698.91186652,20340.0,3.4483958080619717e-10,21750.0,BID
879,1712178507.08127,1984726.65736799,20340.0,6.29835615949296e-10,21750.0,BID
880,1712178508.0012858,1984749.65766297,20340.0,5.221172510282845e-10,21750.0,BID
881,1712178509.351722,1984762.52025958,20340.0,2.919868457752939e-10,21750.0,BID
882,1712178510.8713224,1984762.52025958,20340.0,0.0,21750.0,BID
883,1712178511.0818758,1984776.4540465,20340.0,3.1625017322778707e-10,21750.0,BID
884,1712178511.3015318,1984804.22234378,20340.0,6.30247101928651e-10,21750.0,BID
885,1712178511.4614758,1984825.41978327,20340.0,4.811106951214449e-10,21750.0,BID
886,1712178511.6013162,1984852.58498187,20340.0,6.16558787100453e-10,21750.0,BID
887,1712178511.6410358,1984873.05457089,20340.0,4.6459093358996045e-10,21750.0,BID
888,1712178512.2615814,1984882.18040891,20340.0,2.0712587835938764e-10,21750.0,BID
889,1712178512.6911862,1984928.89530663,20340.0,1.0602713089658166e-09,21750.0,BID
890,1712178513.4971116,1984934.30336956,20340.0,1.2274486815954944e-10,21750.0,BID
891,1712178513.9709582,1984956.5666162,20340.0,5.053009384306025e-10,21750.0,BID
892,1712178514.011367,1985224.5666162,20340.0,6.082700052242945e-09,21750.0,BID
893,1712178514.031156,1985226.035243,20340.0,3.333289669046317e-11,21750.0,BID
894,1712178514.0370824,1985227.43540128,20340.0,3.177889120579926e-11,21750.0,BID
895,1712178514.1311836,1985264.80019936,20340.0,-8.48055444898948e-10,21750.0,ASK
896,1712178514.1415665,1985363.35019936,20320.0,-2.236754067719498e-09,21750.0,ASK
897,1712178514.1476688,1985367.25019936,20330.0,-8.851690374849712e-11,21750.0,ASK
898,1712178514.1565168,1985371.46494931,20330.0,-9.566067067522448e-11,21750.0,ASK
899,1712178514.1598296,1985372.44920127,20320.0,-2.2339214358937028e-11,21750.0,ASK
900,1712178514.163154,1985795.43540128,20310.0,-9.60036634663618e-09,21750.0,ASK
901,1712178525.491125,1985800.84346421,20330.0,-1.2274486815954944e-10,21750.0,ASK
902,1712178526.8008657,1985824.63033385,20330.0,-5.398820641862032e-10,21750.0,ASK
903,1712178529.7211194,1985850.72194279,20320.0,-5.92191906952991e-10,21750.0,ASK
904,1712178529.7286122,1985940.14793202,20320.0,-2.029669661793939e-09,21750.0,ASK
905,1712178540.5907943,1985940.14793202,20320.0,-0.0,21750.0,ASK
906,1712178541.060964,1985945.07161493,20320.0,-1.1169039163162187e-10,21750.0,ASK
907,1712178541.0677907,1986137.73566676,20320.0,-4.370452727339712e-09,21750.0,ASK
908,1712178541.187205,1986281.03268226,20320.0,3.250595148720768e-09,21750.0,BID
909,1712178541.200848,1986296.01088226,20370.0,3.3977026029967717e-10,21750.0,BID
910,1712178541.2207303,1986296.74182025,20340.0,1.658083021251589e-11,21750.0,BID
911,1712178541.2254398,1986308.42120369,20340.0,2.6493885457565576e-10,21750.0,BID
912,1712178545.1269794,1986357.66010369,20340.0,1.116950893288573e-09,21750.0,BID
913,1712178553.4663246,1986365.26510369,20340.0,1.7251424267072112e-10,21750.0,BID
914,1712178570.6106577,1986365.26510369,20340.0,0.0,21750.0,BID
915,1712178572.0204997,1986365.26547509,20340.0,8.423300402989385e-15,21750.0,BID
916,1712178600.5127914,1986371.52310388,20340.0,-1.4192222757161472e-10,21750.0,ASK
917,1712178600.6057482,1986371.52310388,20340.0,-0.0,21750.0,ASK
918,1712178602.5598035,1986431.20201788,20370.0,1.3544009681733627e-09,21750.0,BID
919,1712178602.6399102,1986570.08650888,20370.0,3.151955631671249e-09,21750.0,BID
920,1712178604.606384,1986619.06350888,20370.0,1.1115231791655747e-09,21750.0,BID
921,1712178604.799693,1986619.57281903,20340.0,-1.1558691567626166e-11,21750.0,ASK
922,1712178606.5300684,1986642.35370127,20370.0,5.170075474518413e-10,21750.0,BID
923,1712178606.5411465,1986711.11370127,20370.0,1.5604943912273455e-09,21750.0,BID
924,1712178606.6018946,1986711.39610503,20340.0,-6.409096622090631e-12,21750.0,ASK
925,1712178606.9106495,1986760.37710503,20370.0,1.1116139583560159e-09,21750.0,BID
926,1712178607.829725,1986775.09906629,20370.0,3.3411195424970616e-10,21750.0,BID
927,1712178609.219727,1986783.48562888,20370.0,1.9033135374351479e-10,21750.0,BID
928,1712178609.3080692,1986865.52394003,20370.0,1.861842996148988e-09,21750.0,BID
929,1712178610.3900652,1986866.03095672,20380.0,1.1506641957182544e-11,21750.0,BID
930,1712178610.4012756,1986908.03011673,20380.0,-9.53162501915401e-10,21750.0,ASK
931,1712178624.749452,1986908.53663634,20400.0,1.1495360828224011e-11,21750.0,BID
932,1712178624.757095,1986909.04315595,20400.0,1.1495360828224011e-11,21750.0,BID
933,1712178626.1512806,1986913.92915595,20420.0,1.1088678876443811e-10,21750.0,BID
934,1712178628.0641797,1986919.04015595,20420.0,1.1599311858077663e-10,21750.0,BID
935,1712178630.1929646,1987255.71598484,20420.0,7.640790323509358e-09,21750.0,BID
936,1712178630.5996568,1987255.71598484,20420.0,0.0,21750.0,BID
937,1712178633.0147412,1987308.91598484,20420.0,-1.206869514051838e-09,21750.0,ASK
938,1712178634.1296804,1987335.11598484,20420.0,-5.943605501580946e-10,21750.0,ASK
939,1712178635.2994225,1987335.62176066,20430.0,1.1473786054529576e-11,21750.0,BID
940,1712178635.30418,1987356.78298484,20430.0,4.800533147135658e-10,21750.0,BID
941,1712178637.569445,1987378.41798484,20430.0,4.90801164220782e-10,21750.0,BID
942,1712178639.9193356,1987393.70298484,20430.0,3.467481301164912e-10,21750.0,BID
943,1712178643.4190798,1987411.06298484,20430.0,3.9382057827221583e-10,21750.0,BID
944,1712178645.6891465,1987411.06348484,20430.0,1.1342760449945706e-14,21750.0,BID
945,1712178646.6994765,1987426.63948484,20440.0,3.5334961561557315e-10,21750.0,BID
946,1712178648.729082,1987460.52253359,20430.0,7.68654484577751e-10,21750.0,BID
947,1712178648.8289874,1987467.86253359,20440.0,1.6651169611371058e-10,21750.0,BID
948,1712178653.2297454,1987469.33024396,20440.0,3.329576881522796e-11,21750.0,BID
949,1712178659.8167691,1987474.27823359,20440.0,1.1224770376605004e-10,21750.0,BID
950,1712178659.8306382,1987493.40576988,20440.0,4.3391805314232916e-10,21750.0,BID
951,1712178660.606306,1987493.40576988,20440.0,0.0,21750.0,BID
952,1712178665.1390316,1987494.21929007,20450.0,1.8453093569046847e-11,21750.0,BID
953,1712178665.1438606,1987802.47905251,20450.0,6.992261912230871e-09,21750.0,BID
954,1712178665.2390964,1987849.47905251,20450.0,-1.0661018722438682e-09,21750.0,ASK
955,1712178665.2471662,1987933.28363046,20450.0,-1.900940796915311e-09,21750.0,ASK
956,1712178665.2798204,1987935.73101176,20430.0,-5.5513995445526577e-11,21750.0,ASK
957,1712178665.2878315,1987940.93994033,20440.0,-1.1815422342601928e-10,21750.0,ASK
958,1712178665.292505,1987994.13624916,20420.0,-1.2066528604241676e-09,21750.0,ASK
959,1712178665.2962017,1987996.58363046,20430.0,-5.5513995450807886e-11,21750.0,ASK
960,1712178665.299832,1987997.08363046,20430.0,-1.1341509279190088e-11,21750.0,ASK
961,1712178665.5390751,1988002.38563046,20420.0,-1.2026536439446142e-10,21750.0,ASK
962,1712178684.2114909,1988030.87305044,20450.0,6.461806760892613e-10,21750.0,BID
963,1712178684.2213724,1988051.18863046,20450.0,4.608186786170143e-10,21750.0,BID
964,1712178690.6087494,1988051.18863046,20450.0,0.0,21750.0,BID
965,1712178691.9987395,1988059.76589482,20450.0,1.9450792861575284e-10,21750.0,BID
966,1712178706.1480775,1988081.03738335,20460.0,4.823767810977852e-10,21750.0,BID
967,1712178708.2984614,1988083.48237112,20450.0,-5.544535957683761e-11,21750.0,ASK
968,1712178708.3060036,1988087.20538335,20450.0,-8.442731466125413e-11,21750.0,ASK
969,1712178708.8785355,1988090.92545669,20450.0,-8.436066900798139e-11,21750.0,ASK
970,1712178718.4383595,1988091.42545669,20420.0,-1.1338576057225642e-11,21750.0,ASK
971,1712178718.4465594,1988112.21960577,20420.0,-4.715520817790652e-10,21750.0,ASK
972,1712178720.6286366,1988124.63861084,20420.0,-2.8162766708512843e-10,21750.0,ASK
973,1712178720.6381109,1988131.38433994,20420.0,-1.5297392492265386e-10,21750.0,ASK
974,1712178720.8838336,1988131.38433994,20420.0,-0.0,21750.0,ASK
975,1712178730.609764,1988136.10941953,20450.0,1.0714736617465512e-10,21750.0,BID
976,1712178732.247947,1988156.10941953,20450.0,-4.5352618568231854e-10,21750.0,ASK
977,1712178733.8379462,1988171.74352465,20450.0,-3.5452380308347435e-10,21750.0,ASK
978,1712178744.2377715,1988358.76736956,20430.0,-4.241010550680387e-09,21750.0,ASK
979,1712178750.897422,1988358.76736956,20430.0,-0.0,21750.0,ASK
980,1712178753.4478078,1988377.60296896,20420.0,-4.270768808856716e-10,21750.0,ASK
981,1712178753.455962,1988380.05154878,20420.0,-5.551890385103574e-11,21750.0,ASK
982,1712178755.7776933,1988399.20731008,20420.0,-4.34336206311605e-10,21750.0,ASK
983,1712178758.7477171,1988416.44749525,20430.0,-3.909025856772771e-10,21750.0,ASK
984,1712178763.8275795,1988448.15493612,20430.0,-7.18931989363834e-10,21750.0,ASK
985,1712178763.9334214,1988514.3906882,20430.0,1.5018241681935307e-09,21750.0,BID
986,1712178772.4176238,1988525.16258039,20430.0,2.4424102573067117e-10,21750.0,BID
987,1712178780.5979288,1988525.16258039,20430.0,0.0,21750.0,BID
988,1712178784.8285255,1988525.66258039,20430.0,-1.1336086514377288e-11,21750.0,ASK
989,1712178785.3674886,1988550.81458039,20430.0,5.702504960192773e-10,21750.0,BID
990,1712178790.5937088,1988593.83958039,20420.0,-9.75470244560054e-10,21750.0,ASK
991,1712178799.4477909,1988615.35158039,20420.0,-4.877237861969333e-10,21750.0,ASK
992,1712178803.257263,1988615.66129476,20420.0,-7.021897784805456e-12,21750.0,ASK
993,1712178808.3096654,1988622.67129476,20440.0,1.589319329317807e-10,21750.0,BID
994,1712178810.6171553,1988622.67129476,20440.0,0.0,21750.0,BID
995,1712178818.0610387,1988638.18746141,20430.0,-3.5176933187524164e-10,21750.0,ASK
996,1712178818.7019331,1988673.14746141,20440.0,7.925833822074832e-10,21750.0,BID
997,1712178819.988201,1988675.07946141,20440.0,4.3800660596399057e-11,21750.0,BID
998,1712178820.5468009,1988675.07999863,20440.0,1.217939840075799e-14,21750.0,BID
999,1712178822.496893,1988729.75318569,20440.0,-1.2395039907316236e-09,21750.0,ASK
1000,1712178825.1467805,1988795.17374643,20440.0,-1.483159304845742e-09,21750.0,ASK
1201,1712178825.7869294,1988828.24057336,20440.0,-7.496629727380275e-10,21750.0,ASK
1202,1712178825.78825,1988870.67637919,20440.0,-9.620684928951535e-10,21750.0,ASK
1203,1712178825.9932818,1988879.78637919,20440.0,2.0653417081849343e-10,21750.0,BID
1204,1712178826.1867716,1988888.32637918,20440.0,1.9361161545061584e-10,21750.0,BID
1205,1712178826.3668237,1988910.96637918,20440.0,5.13274821890729e-10,21750.0,BID
1206,1712178826.9874709,1988938.96033034,20450.0,6.346550483914083e-10,21750.0,BID
1207,1712178826.9960678,1988940.31387918,20450.0,3.0686507938468244e-11,21750.0,BID
1208,1712178831.4499886,1988955.79938825,20450.0,3.510742893020392e-10,21750.0,BID
1209,1712178834.2966642,1988966.69208825,20440.0,2.4695002881450143e-10,21750.0,BID
1210,1712178840.867631,1988966.69208825,20440.0,0.0,21750.0,BID
1211,1712178870.8791752,1988966.69208825,20440.0,0.0,21750.0,BID
1212,1712178877.6962976,1988977.77996517,20440.0,2.5133484478915856e-10,21750.0,BID
1213,1712178900.6143675,1988977.77996517,20440.0,0.0,21750.0,BID
1214,1712178926.376751,1988993.46893753,20420.0,-3.55833796140571e-10,21750.0,ASK
1215,1712178926.3795404,1989027.53285195,20420.0,-7.72586738084759e-10,21750.0,ASK
1216,1712178926.3822114,1989028.03285195,20410.0,-1.1340251865317973e-11,21750.0,ASK
1217,1712178926.3849251,1989028.53285195,20420.0,-1.1340251865317973e-11,21750.0,ASK
1218,1712178926.3876038,1989029.51420621,20410.0,-2.225760895241644e-11,21750.0,ASK
1219,1712178926.3901815,1989030.01420621,20390.0,-1.1340251865317973e-11,21750.0,ASK
1220,1712178926.391747,1989050.83061481,20410.0,-4.72126632915108e-10,21750.0,ASK
1221,1712178926.392944,1989052.30745484,20380.0,-3.3495475808522383e-11,21750.0,ASK
1222,1712178926.3941944,1989137.20745484,20370.0,-1.925574766728879e-09,21750.0,ASK
1223,1712178926.3954237,1989137.70745484,20370.0,-1.1340251865317973e-11,21750.0,ASK
1224,1712178926.3966455,1989138.20745484,20370.0,-1.1340251865317973e-11,21750.0,ASK
1225,1712178926.399245,1989141.27996517,20370.0,-6.968608200212944e-11,21750.0,ASK
1226,1712178927.7657735,1989151.77996517,20420.0,2.3814528917167737e-10,21750.0,BID
1227,1712178930.6503978,1989151.77996517,20420.0,0.0,21750.0,BID
1228,1712178936.915666,1989204.17996517,20410.0,-1.1883627582839546e-09,21750.0,ASK
1229,1712178937.1356745,1989230.37996517,20410.0,-5.94181379139337e-10,21750.0,ASK
1230,1712178960.8655157,1989230.37996517,20410.0,-0.0,21750.0,ASK
1231,1712178961.9663763,1989234.838878,20420.0,1.0111857207527019e-10,21750.0,BID
1232,1712178963.1358087,1989281.838878,20400.0,-1.065859116083654e-09,21750.0,ASK
1233,1712178963.5064998,1989283.69574348,20370.0,-4.2109723388949176e-11,21750.0,ASK
1234,1712178963.512154,1989301.8112061,20350.0,-4.108198079924832e-10,21750.0,ASK
1235,1712178963.51359,1989302.3112061,20360.0,-1.1338926766847384e-11,21750.0,ASK
1236,1712178963.5148711,1989302.8112061,20350.0,-1.1338926766847384e-11,21750.0,ASK
1237,1712178963.5162332,1989305.338878,20360.0,-5.732217312669991e-11,21750.0,ASK
1238,1712178964.4477177,1989353.138878,20380.0,-1.0840013989116659e-09,21750.0,ASK
1239,1712178969.8282452,1989400.138878,20390.0,-1.065859116083654e-09,21750.0,ASK
1240,1712178969.9253376,1989475.508878,20390.0,-1.709229820837109e-09,21750.0,ASK
1241,1712178990.845297,1989475.508878,20390.0,-0.0,21750.0,ASK
1242,1712179003.6685855,1989478.12939216,20390.0,5.942090207224936e-11,21750.0,BID
1243,1712179007.2651782,1989499.92513233,20360.0,-4.942245922529854e-10,21750.0,ASK
1244,1712179009.6751084,1989519.54129848,20360.0,-4.448021329601092e-10,21750.0,ASK
1245,1712179011.4850109,1989523.88784712,20360.0,-9.855922361577539e-11,21750.0,ASK
1246,1712179016.2152903,1989566.32365295,20360.0,-9.622439371098098e-10,21750.0,ASK
1247,1712179016.2251997,1989643.07519799,20360.0,-1.7403630597719783e-09,21750.0,ASK
1248,1712179016.2842278,1989820.91949799,20360.0,4.0326699605844835e-09,21750.0,BID
1249,1712179016.2953289,1989857.91949799,20360.0,8.38985497660753e-10,21750.0,BID
1250,1712179016.3052132,1990015.04698268,20360.0,3.562910295642305e-09,21750.0,BID
1251,1712179017.9850624,1990018.48003809,20380.0,7.784550544854169e-11,21750.0,BID
1252,1712179018.005221,1990026.72664026,20350.0,-1.8699404393918336e-10,21750.0,ASK
1253,1712179020.6058018,1990026.72664026,20350.0,-0.0,21750.0,ASK
1254,1712179032.6253364,1990028.72853741,20380.0,4.538203696572882e-11,21750.0,BID
1255,1712179032.627762,1990035.52499649,20380.0,1.5407242935026003e-10,21750.0,BID
1256,1712179037.5552323,1990038.9580519,20370.0,-7.782570024764207e-11,21750.0,ASK
1257,1712179037.5646627,1990121.46651262,20370.0,-1.8704267671658993e-09,21750.0,ASK
1258,1712179037.7468796,1990306.90922099,20370.0,4.203896212388036e-09,21750.0,BID
1259,1712179038.6050937,1990308.82540722,20360.0,-4.3439012002321824e-11,21750.0,ASK
1260,1712179043.4048266,1990315.13426133,20370.0,-1.430186612888763e-10,21750.0,ASK
1261,1712179043.804935,1990330.07459086,20370.0,-3.3869002062809213e-10,21750.0,ASK
1262,1712179050.6146514,1990330.07459086,20370.0,-0.0,21750.0,ASK
1263,1712179077.2445345,1990334.20281114,20380.0,9.357164291915772e-11,21750.0,BID
1264,1712179077.2590926,1990590.19609086,20380.0,5.802430619979569e-09,21750.0,BID
1265,1712179080.874498,1990590.19609086,20380.0,0.0,21750.0,BID
1266,1712179101.7346356,1990591.19609086,20380.0,-2.266361635344062e-11,21750.0,ASK
1267,1712179110.871815,1990591.19609086,20380.0,-0.0,21750.0,ASK
1268,1712179111.1977189,1990637.77439148,20390.0,1.055632248065905e-09,21750.0,BID
1269,1712179111.2009532,1990748.39869148,20390.0,2.507145536556821e-09,21750.0,BID
1270,1712179122.554219,1991048.69899177,20410.0,6.8058876530587555e-09,21750.0,BID
1271,1712179122.6358857,1991090.13480757,20420.0,-9.390849988338043e-10,21750.0,ASK
1272,1712179122.6741483,1991238.11465622,20420.0,-3.353756968796605e-09,21750.0,ASK
1273,1712179122.7341597,1991308.91465622,20380.0,-1.604583296692495e-09,21750.0,ASK
1274,1712179122.7759695,1991357.01465622,20390.0,-1.0901194430933291e-09,21750.0,ASK
1275,1712179140.59752,1991357.01465622,20390.0,-0.0,21750.0,ASK
1276,1712179146.903991,1991358.01465622,20400.0,2.265558259254877e-11,21750.0,BID
1277,1712179148.5140154,1991364.55381143,20400.0,1.4814837094344566e-10,21750.0,BID
1278,1712179156.104983,1991369.18756316,20390.0,-1.0498034503167699e-10,21750.0,ASK
1279,1712179170.596647,1991369.18756316,20390.0,-0.0,21750.0,ASK
1280,1712179187.083949,1991382.14681806,20400.0,-2.9359781825168125e-10,21750.0,ASK
1281,1712179200.6236703,1991382.14681806,20400.0,-0.0,21750.0,ASK
1282,1712179206.998591,1991382.64681806,20380.0,-1.13298256885494e-11,21750.0,ASK
1283,1712179210.6287072,1991432.3196264,20380.0,-1.125568519907027e-09,21750.0,ASK
1284,1712179220.463704,1991503.1196264,20370.0,-1.60430331749965e-09,21750.0,ASK
1285,1712179221.743717,1991558.28631761,20370.0,-1.2500579904441251e-09,21750.0,ASK
1286,1712179221.7535102,1991558.78631761,20370.0,-1.13298256885494e-11,21750.0,ASK
1287,1712179222.143497,1991605.48631761,20360.0,-1.058205719309458e-09,21750.0,ASK
1288,1712179222.1540658,1991605.98631761,20360.0,-1.13298256885494e-11,21750.0,ASK
1289,1712179222.373607,1991608.37768548,20360.0,-5.418756225199731e-11,21750.0,ASK
1290,1712179222.6742518,1991608.87768548,20330.0,-1.13298256885494e-11,21750.0,ASK
1291,1712179222.6773376,1991610.93829757,20340.0,-4.6692751581293286e-11,21750.0,ASK
1292,1712179222.6805515,1991611.93829757,20330.0,-2.26596513770988e-11,21750.0,ASK
1293,1712179222.6837995,1991612.43829757,20350.0,-1.13298256885494e-11,21750.0,ASK
1294,1712179222.685241,1991631.47768548,20320.0,-4.314258924723259e-10,21750.0,ASK
1295,1712179222.6866453,1991631.97768548,20340.0,-1.13298256885494e-11,21750.0,ASK
1296,1712179230.5733092,1991631.97768548,20340.0,-0.0,21750.0,ASK
1297,1712179260.883964,1991631.97768548,20340.0,-0.0,21750.0,ASK
1298,1712179266.213436,1991662.95197399,20380.0,7.017856694131113e-10,21750.0,BID
1299,1712179290.8846755,1991662.95197399,20380.0,0.0,21750.0,BID
1300,1712179292.663201,1991678.6366243,20380.0,3.553626545985997e-10,21750.0,BID
1301,1712179304.5535738,1991681.08880674,20370.0,5.5558399087943607e-11,21750.0,BID
1302,1712179305.9941816,1991716.98546732,20370.0,8.13300414287647e-10,21750.0,BID
1303,1712179306.013018,1991718.52411047,20370.0,3.486059959412451e-11,21750.0,BID
1304,1712179307.4830573,1991719.0147876,20380.0,1.1117131973152178e-11,21750.0,BID
1305,1712179310.2065167,1991743.63180929,20380.0,5.5774084874687e-10,21750.0,BID
1306,1712179310.2101123,1991751.82611744,20380.0,1.8565610575997224e-10,21750.0,BID
1307,1712179312.3830657,1991759.48381125,20380.0,1.7349818750745066e-10,21750.0,BID
1308,1712179312.5435195,1991767.09658192,20380.0,1.7248037672067e-10,21750.0,BID
1309,1712179312.549016,1991865.23200881,20380.0,2.223426415050648e-09,21750.0,BID
1310,1712179320.6028872,1991865.23200881,20380.0,0.0,21750.0,BID
1311,1712179320.813356,1991885.55856505,20390.0,4.6048998877643277e-10,21750.0,BID
1312,1712179325.9127688,1991892.23627071,20400.0,1.5128074663118138e-10,21750.0,BID
1313,1712179329.9029765,1991893.08639666,20390.0,-1.925926283730256e-11,21750.0,ASK
1314,1712179350.5910013,1991893.08639666,20390.0,-0.0,21750.0,ASK
1315,1712179367.9836524,1991902.51622363,20410.0,-2.136262034182888e-10,21750.0,ASK
1316,1712179367.987357,1992333.76177663,20410.0,-9.769569528871268e-09,21750.0,ASK
1317,1712179367.9942536,1992630.17060447,20390.0,-6.714936843771014e-09,21750.0,ASK
1318,1712179367.9972465,1992679.19021231,20400.0,-1.1105052880899424e-09,21750.0,ASK
1319,1712179367.999923,1992826.32115885,20390.0,-3.3331497613637594e-09,21750.0,ASK
1320,1712179368.0025704,1993209.55710157,20410.0,-8.68194503646077e-09,21750.0,ASK
1321,1712179368.0052624,1993574.03792429,20390.0,-8.257060773681418e-09,21750.0,ASK
1322,1712179380.633068,1993574.03792429,20390.0,-0.0,21750.0,ASK
1323,1712179392.2326217,1993578.93029219,20440.0,1.107471745234871e-10,21750.0,BID
1324,1712179393.6047778,1993584.80113367,20440.0,1.328966094218599e-10,21750.0,BID
1325,1712179396.3325813,1993589.69589627,20430.0,-1.1080138268188979e-10,21750.0,ASK
1326,1712179396.3354983,1993594.18141764,20430.0,-1.0153750252289792e-10,21750.0,ASK
1327,1712179398.4159975,1993600.07907746,20440.0,1.3350368874639651e-10,21750.0,BID
1328,1712179399.603246,1993614.55800185,20430.0,-3.2775539351520416e-10,21750.0,ASK
1329,1712179409.7124977,1993639.01984139,20440.0,-5.53735873508153e-10,21750.0,ASK
1330,1712179410.6027436,1993639.01984139,20440.0,-0.0,21750.0,ASK
1331,1712179421.4027371,1993669.69426277,20440.0,-6.943474915871195e-10,21750.0,ASK
1332,1712179421.4051027,1993767.07242323,20440.0,-2.20425613291954e-09,21750.0,ASK
1333,1712179421.522328,1993847.07242323,20440.0,1.8108833623545598e-09,21750.0,BID
1334,1712179421.6225295,1993883.44263917,20440.0,8.23277736638633e-10,21750.0,BID
1335,1712179421.6424656,1993976.38874656,20440.0,2.1039319933544914e-09,21750.0,BID
1336,1712179425.5527382,1994098.20874656,20430.0,-2.7575226400216117e-09,21750.0,ASK
1337,1712179425.5564802,1994488.55384525,20430.0,-8.83586805993256e-09,21750.0,ASK
1338,1712179425.6723912,1994542.53285016,20430.0,1.2218710238492894e-09,21750.0,BID
1339,1712179425.7059937,1994550.58084247,20450.0,1.8217469218218247e-10,21750.0,BID
1340,1712179425.7076864,1994561.31285016,20460.0,2.429301771311829e-10,21750.0,BID
1341,1712179429.1323974,1994569.09135016,20460.0,1.7607445292627414e-10,21750.0,BID
1342,1712179433.342237,1994569.09137939,20460.0,6.616520668517221e-16,21750.0,BID
1343,1712179434.6943514,1994573.97893569,20460.0,-1.1063492982348916e-10,21750.0,ASK
1344,1712179434.69808,1994583.76130605,20450.0,-2.2143414661875016e-10,21750.0,ASK
1345,1712179440.8723943,1994583.76130605,20450.0,-0.0,21750.0,ASK
1346,1712179449.4025557,1994589.45282063,20450.0,-1.2877708764257778e-10,21750.0,ASK
1347,1712179449.406341,1994598.11695703,20450.0,-1.9603608790522567e-10,21750.0,ASK
1348,1712179452.7722452,1994599.92847855,20440.0,-4.09877656034426e-11,21750.0,ASK
1349,1712179452.782093,1994720.76754103,20440.0,-2.734123284897941e-09,21750.0,ASK
1350,1712179452.8320863,1994763.20334686,20440.0,-9.601590946820588e-10,21750.0,ASK
1351,1712179452.8819654,1994917.61804452,20440.0,-3.493810790470518e-09,21750.0,ASK
1352,1712179454.162404,1995217.52019679,20440.0,6.785632401345266e-09,21750.0,BID
1353,1712179454.1663826,1995262.60794565,20450.0,1.0201623671279668e-09,21750.0,BID
1354,1712179470.8821254,1995262.60794565,20450.0,0.0,21750.0,BID
1355,1712179484.8120966,1995262.90794565,20440.0,6.785715839641816e-12,21750.0,BID
1356,1712179500.5821965,1995262.90794565,20440.0,0.0,21750.0,BID
1357,1712179512.931905,1995265.54193099,20440.0,5.9670449833245e-11,21750.0,BID
1358,1712179521.3882532,1995293.81093306,20440.0,-6.404075391581266e-10,21750.0,ASK
1359,1712179530.611816,1995293.81093306,20440.0,-0.0,21750.0,ASK
1360,1712179534.252061,1995332.21911257,20440.0,-8.700885760375852e-10,21750.0,ASK
1361,1712179534.261665,1995493.81093306,20450.0,-3.660657671973884e-09,21750.0,ASK
1362,1712179534.5215952,1995503.98410021,20460.0,2.3046019447632487e-10,21750.0,BID
1363,1712179538.0917244,1995506.42908798,20460.0,5.5388095825383195e-11,21750.0,BID
1364,1712179541.661658,1995543.81093306,20460.0,8.468382717011594e-10,21750.0,BID
1365,1712179550.092442,1995563.34173461,20460.0,-4.4244552921703803e-10,21750.0,ASK
1366,1712179550.095544,1995628.15315935,20460.0,-1.4682205973427095e-09,21750.0,ASK
1367,1712179554.2917402,1995630.58315935,20470.0,5.504856691713699e-11,21750.0,BID
1368,1712179560.8718684,1995630.58315935,20470.0,0.0,21750.0,BID
1369,1712179570.3917885,1995667.96500475,20470.0,-8.467061598504428e-10,21750.0,ASK
1370,1712179570.4514174,1995710.40081058,20470.0,-9.61179358856812e-10,21750.0,ASK
1371,1712179570.511513,1995730.23655829,20470.0,-4.4928359184960877e-10,21750.0,ASK
1372,1712179590.8519697,1995730.23655829,20470.0,-0.0,21750.0,ASK
1373,1712179599.933349,1995730.53655829,20470.0,-6.794745133413163e-12,21750.0,ASK
1374,1712179606.3621926,1995736.39871479,20470.0,1.3277286447551366e-10,21750.0,BID
1375,1712179607.3214004,1995738.23291117,20470.0,4.154298975173254e-11,21750.0,BID
1376,1712179608.4314442,1995744.15491116,20470.0,1.3412826868646356e-10,21750.0,BID
1377,1712179612.1414318,1995772.70244484,20470.0,6.4657738504309e-10,21750.0,BID
1378,1712179613.2018886,1995777.94214209,20480.0,1.1867469128319414e-10,21750.0,BID
1379,1712179613.2158854,1995778.95122413,20480.0,2.285485093262295e-11,21750.0,BID
1380,1712179616.3615086,1995782.35410501,20480.0,7.707236098045302e-11,21750.0,BID
1381,1712179620.58147,1995782.35410501,20480.0,0.0,21750.0,BID
1382,1712179634.8613343,1995782.85839979,20490.0,1.1421572334565542e-11,21750.0,BID
1383,1712179643.7529042,1995783.36244858,20500.0,1.1416001004708745e-11,21750.0,BID
1384,1712179643.7552068,1995783.86649737,20500.0,1.1416000999435455e-11,21750.0,BID
1385,1712179650.0142262,1995789.48185573,20510.0,1.271800229301744e-10,21750.0,BID
1386,1712179650.611451,1995789.48185573,20510.0,0.0,21750.0,BID
1387,1712179651.4062445,1995793.46437231,20520.0,9.019813887407888e-11,21750.0,BID
1388,1712179651.409485,1995796.47895057,20510.0,6.827576058496456e-11,21750.0,BID
1389,1712179651.4126678,1995797.43881353,20520.0,2.173948326609807e-11,21750.0,BID
1390,1712179652.2655995,1995847.96131353,20520.0,-1.1442602635067316e-09,21750.0,ASK
1391,1712179680.8419003,1995847.96131353,20520.0,-0.0,21750.0,ASK
1392,1712179710.850881,1995847.96131353,20520.0,-0.0,21750.0,ASK
1393,1712179718.6710095,1995848.7889959,20520.0,-1.8745278003521936e-11,21750.0,ASK
1394,1712179720.6112542,1995861.46421162,20550.0,2.8706717827903416e-10,21750.0,BID
1395,1712179720.6208642,1995863.38024042,20550.0,4.339405287633977e-11,21750.0,BID
1396,1712179739.2810118,1995863.68024042,20530.0,-6.794373786836771e-12,21750.0,ASK
1397,1712179739.2829113,1995863.98024042,20540.0,-6.7943737921098986e-12,21750.0,ASK
1398,1712179739.2847016,1995915.99105215,20520.0,-1.177936320233989e-09,21750.0,ASK
1399,1712179740.5729764,1995915.99105215,20520.0,-0.0,21750.0,ASK
1400,1712179748.011179,1995928.57816428,20520.0,-2.8506280049212527e-10,21750.0,ASK
1401,1712179752.2107568,1995930.47364201,20520.0,-4.2927256421610785e-11,21750.0,ASK
1402,1712179753.9145672,1995934.25646086,20520.0,-8.567024143247364e-11,21750.0,ASK
1403,1712179766.440652,1995935.85006682,20520.0,-3.609070715795111e-11,21750.0,ASK
1404,1712179770.600881,1995935.85006682,20520.0,-0.0,21750.0,ASK
1405,1712179789.3606384,1995937.84208347,20530.0,-4.5113175957347005e-11,21750.0,ASK
1406,1712179791.051149,1996314.95566675,20560.0,8.540486565759072e-09,21750.0,BID
1407,1712179800.3905313,1996317.38875675,20550.0,-5.5102158551544646e-11,21750.0,ASK
1408,1712179800.7106848,1996317.38875675,20550.0,-0.0,21750.0,ASK
1409,1712179801.6905973,1996320.12282776,20560.0,6.198165963113044e-11,21750.0,BID
1410,1712179804.5004332,1996320.12282778,20550.0,-4.539332556547436e-19,21750.0,ASK
1411,1712179804.5605626,1996323.04111571,20550.0,6.615787538967844e-11,21750.0,BID
1412,1712179805.0014155,1996328.77147037,20550.0,1.2990770568753123e-10,21750.0,BID
1413,1712179810.6405177,1996332.53609365,20520.0,-8.534438129792347e-11,21750.0,ASK
1414,1712179810.650424,1996338.98357619,20530.0,-1.4616506550453094e-10,21750.0,ASK
1415,1712179830.6203184,1996338.98357619,20530.0,-0.0,21750.0,ASK
1416,1712179840.7705195,1996410.51646863,20550.0,1.621641424957326e-09,21750.0,BID
1417,1712179856.4904437,1996412.92646863,20540.0,5.4634388476153856e-11,21750.0,BID
1418,1712179860.8803685,1996412.92646863,20540.0,0.0,21750.0,BID
1419,1712179863.1804786,1996413.59524294,20560.0,1.5160504921746966e-11,21750.0,BID
1420,1712179877.690424,1996415.52250705,20570.0,4.368932328854856e-11,21750.0,BID
1421,1712179890.84019,1996415.52250705,20570.0,0.0,21750.0,BID
1422,1712179901.6801422,1996429.72250705,20580.0,-3.21900686318046e-10,21750.0,ASK
1423,1712179902.3849142,1996433.30677197,20590.0,8.125192518679625e-11,21750.0,BID
1424,1712179902.3899934,1996457.92666537,20590.0,5.581099001804685e-10,21750.0,BID
1425,1712179914.4900336,1996494.95235698,20600.0,8.393377141351071e-10,21750.0,BID
1426,1712179914.5700114,1996521.50948319,20600.0,6.02025151667951e-10,21750.0,BID
1427,1712179918.0614247,1996577.54874511,20600.0,1.270357526256025e-09,21750.0,BID
1428,1712179920.594832,1996577.54874511,20600.0,0.0,21750.0,BID
1429,1712179922.460523,1996578.50444163,20600.0,2.1663105239864427e-11,21750.0,BID
1430,1712179922.4649286,1996626.47744511,20600.0,1.0874207461592056e-09,21750.0,BID
1431,1712179922.94494,1996626.47746229,20600.0,3.89427469586656e-16,21750.0,BID
1432,1712179926.4501894,1996920.56844511,20600.0,-6.666262538905033e-09,21750.0,ASK
1433,1712179926.4598837,1996982.83779587,20600.0,-1.4114810196236975e-09,21750.0,ASK
1434,1712179926.57984,1997360.769933,20600.0,8.566719128349643e-09,21750.0,BID
1435,1712179947.5300667,1997365.61959352,20620.0,1.0992894083570468e-10,21750.0,BID
1436,1712179950.609817,1997365.61959352,20620.0,0.0,21750.0,BID
1437,1712179951.2901034,1997416.00327655,20620.0,1.1416443440424423e-09,21750.0,BID
