,time,acc_trade_volume,trade_price,dev,high,ask_bid
0,1712173460.2929044,726457.33934227,13860.0,0.0,14340.0,ASK
1,1712173470.7253306,726457.33934227,13860.0,-0.0,14340.0,ASK
2,1712173500.5348103,726457.33934227,13860.0,-0.0,14340.0,ASK
3,1712173530.5033948,726457.33934227,13860.0,-0.0,14340.0,ASK
4,1712173543.622429,726457.70265162,13900.0,3.067849001207202e-11,14340.0,BID
5,1712173555.044655,726462.79815162,13870.0,-4.3027311535669276e-10,14340.0,ASK
6,1712173560.7421913,726462.79815162,13870.0,-0.0,14340.0,ASK
7,1712173590.7421708,726462.79815162,13870.0,-0.0,14340.0,ASK
8,1712173620.5133967,726462.79815162,13870.0,-0.0,14340.0,ASK
9,1712173650.5133238,726462.79815162,13870.0,-0.0,14340.0,ASK
10,1712173680.7369518,726462.79815162,13870.0,-0.0,14340.0,ASK
11,1712173710.7359407,726462.79815162,13870.0,-0.0,14340.0,ASK
12,1712173740.493775,726462.79815162,13870.0,-0.0,14340.0,ASK
13,1712173770.5134764,726462.79815162,13870.0,-0.0,14340.0,ASK
14,1712173790.6419928,726592.8072255,13890.0,-1.0978128064280121e-08,14340.0,ASK
15,1712173800.5237868,726592.8072255,13890.0,-0.0,14340.0,ASK
16,1712173830.473254,726592.8072255,13890.0,-0.0,14340.0,ASK
17,1712173860.7521954,726592.8072255,13890.0,-0.0,14340.0,ASK
18,1712173890.7422743,726592.8072255,13890.0,-0.0,14340.0,ASK
19,1712173920.4930348,726592.8072255,13890.0,-0.0,14340.0,ASK
20,1712173950.5031042,726592.8072255,13890.0,-0.0,14340.0,ASK
21,1712173980.7329965,726592.8072255,13890.0,-0.0,14340.0,ASK
22,1712173994.1516595,726593.28958692,13890.0,-4.074777271315265e-11,14340.0,ASK
23,1712174010.7432733,726593.28958692,13890.0,-0.0,14340.0,ASK
24,1712174040.4918487,726593.28958692,13890.0,-0.0,14340.0,ASK
25,1712174070.5133317,726593.28958692,13890.0,-0.0,14340.0,ASK
26,1712174100.751494,726593.28958692,13890.0,-0.0,14340.0,ASK
27,1712174103.4140165,726594.00952932,13890.0,-6.085525397715173e-11,14340.0,ASK
28,1712174103.415474,726597.60924134,13890.0,-3.0427627151925646e-10,14340.0,ASK
29,1712174130.7241757,726597.60924134,13890.0,-0.0,14340.0,ASK
30,1712174160.535277,726597.60924134,13890.0,-0.0,14340.0,ASK
31,1712174190.545217,726597.60924134,13890.0,-0.0,14340.0,ASK
32,1712174220.5436263,726597.60924134,13890.0,-0.0,14340.0,ASK
33,1712174250.535784,726597.60924134,13890.0,-0.0,14340.0,ASK
34,1712174280.7362084,726597.60924134,13890.0,-0.0,14340.0,ASK
35,1712174310.7539244,726597.60924134,13890.0,-0.0,14340.0,ASK
36,1712174340.462743,726597.60924134,13890.0,-0.0,14340.0,ASK
37,1712174356.3995943,726650.84058351,13900.0,4.4995133189001565e-09,14340.0,BID
38,1712174356.413689,726881.50973287,13900.0,1.9497891044893628e-08,14340.0,BID
39,1712174370.495666,726881.50973287,13900.0,0.0,14340.0,BID
40,1712174382.3729186,726909.70853793,13890.0,-2.382780238040406e-09,14340.0,ASK
41,1712174392.6527133,727121.50973287,13890.0,-1.7897059844289656e-08,14340.0,ASK
42,1712174392.7728004,727144.07361058,13890.0,1.906632631642477e-09,14340.0,BID
43,1712174392.7926967,727165.2189803,13890.0,1.786769651685939e-09,14340.0,BID
44,1712174400.5828235,727165.2189803,13890.0,0.0,14340.0,BID
45,1712174430.4860575,727165.2189803,13890.0,0.0,14340.0,BID
46,1712174440.1230576,727168.81869232,13890.0,-3.0423141029997955e-10,14340.0,ASK
47,1712174440.1238282,727204.84174707,13880.0,-3.044505974072024e-09,14340.0,ASK
48,1712174440.1245902,727205.25737207,13890.0,-3.512674880929575e-11,14340.0,ASK
49,1712174440.2230227,727231.64623659,13880.0,2.230267705996646e-09,14340.0,BID
50,1712174442.07294,727287.26027837,13880.0,4.700247761242673e-09,14340.0,BID
51,1712174442.1744998,727343.12259711,13880.0,4.721231009141995e-09,14340.0,BID
52,1712174442.212837,727740.11747565,13880.0,3.355221504065433e-08,14340.0,BID
53,1712174460.7252252,727740.11747565,13880.0,0.0,14340.0,BID
54,1712174490.7261393,727740.11747565,13880.0,0.0,14340.0,BID
55,1712174517.3834147,727742.25796697,13910.0,1.807827435483176e-10,14340.0,BID
56,1712174520.4964254,727742.25796697,13910.0,0.0,14340.0,BID
57,1712174550.4831111,727742.25796697,13910.0,0.0,14340.0,BID
58,1712174570.0932765,727742.61896697,13870.0,-3.0489451512630395e-11,14340.0,ASK
59,1712174570.094959,727745.25796697,13870.0,-2.2288549178209576e-10,14340.0,ASK
60,1712174573.1840496,727777.77185816,13870.0,-2.7460684455239153e-09,14340.0,ASK
61,1712174580.7146575,727777.77185816,13870.0,-0.0,14340.0,ASK
62,1712174581.7562194,727793.49207302,13870.0,-1.32764761640442e-09,14340.0,ASK
63,1712174610.7380588,727793.49207302,13870.0,-0.0,14340.0,ASK
64,1712174622.413057,727805.16306773,13870.0,-9.856533844814987e-10,14340.0,ASK
65,1712174626.2835543,727949.16030476,13870.0,-1.2161034047269896e-08,14340.0,ASK
66,1712174626.285443,727954.16306773,13870.0,-4.2249957057531486e-10,14340.0,ASK
67,1712174626.3830771,728006.07366589,13870.0,-4.384018503817585e-09,14340.0,ASK
68,1712174626.503422,728299.51316307,13870.0,-2.4781917970250284e-08,14340.0,ASK
69,1712174640.4633062,728299.51316307,13870.0,-0.0,14340.0,ASK
70,1712174651.9532232,728310.38524593,13860.0,-9.176387679956694e-10,14340.0,ASK
71,1712174668.4005263,728314.87118613,13860.0,-3.786277837776319e-10,14340.0,ASK
72,1712174669.6845343,728315.28965654,13860.0,-3.5320248793233096e-11,14340.0,ASK
73,1712174669.6864688,728315.8055333,13860.0,-4.3541658078122317e-11,14340.0,ASK
74,1712174669.687967,728374.2148402,13840.0,-4.929933400335994e-09,14340.0,ASK
75,1712174669.6888168,728446.36491235,13860.0,-6.089698190351955e-09,14340.0,ASK
76,1712174669.6896806,728447.08693401,13850.0,-6.094095079461741e-11,14340.0,ASK
77,1712174669.6905406,728447.57709401,13850.0,-4.13710807987032e-11,14340.0,ASK
78,1712174669.6914294,728521.64790325,13840.0,-6.251814579607155e-09,14340.0,ASK
79,1712174670.5009267,728521.64790325,13840.0,-0.0,14340.0,ASK
80,1712174692.553272,728557.38296052,13840.0,3.0153708948019362e-09,14340.0,BID
81,1712174698.2732522,728797.38296052,13840.0,2.025151406037459e-08,14340.0,BID
82,1712174698.333291,729177.21892916,13840.0,3.2051056081458297e-08,14340.0,BID
83,1712174700.725183,729177.21892916,13840.0,0.0,14340.0,BID
84,1712174730.7480087,729177.21892916,13840.0,0.0,14340.0,BID
85,1712174760.501275,729177.21892916,13840.0,0.0,14340.0,BID
86,1712174762.1432135,729178.21892916,13840.0,-8.439660415298596e-11,14340.0,ASK
87,1712174763.8536923,729179.38655921,13840.0,-9.85440111254712e-11,14340.0,ASK
88,1712174766.184466,729201.66349342,13830.0,-1.880097598261642e-09,14340.0,ASK
89,1712174766.186252,729202.38655921,13830.0,-6.102429725703527e-11,14340.0,ASK
90,1712174767.223927,729204.38655921,13830.0,-1.6879320830597195e-10,14340.0,ASK
91,1712174768.8137252,729206.38655921,13830.0,-1.6879320830597195e-10,14340.0,ASK
92,1712174768.8743668,729206.74955921,13830.0,-3.0635967308555715e-11,14340.0,ASK
93,1712174768.876747,729389.08859041,13830.0,-1.5388795037819e-08,14340.0,ASK
94,1712174768.8792243,729461.3951703,13830.0,-6.102429800639242e-09,14340.0,ASK
95,1712174768.881513,729623.81810954,13830.0,-1.3707944508402873e-08,14340.0,ASK
96,1712174790.496279,729623.81810954,13830.0,-0.0,14340.0,ASK
97,1712174800.3242476,729631.05399955,13820.0,-6.10366376346539e-10,14340.0,ASK
98,1712174800.3264413,729693.16560542,13820.0,-5.239277511415895e-09,14340.0,ASK
99,1712174801.915497,729694.02315325,13820.0,-7.233641760852263e-11,14340.0,ASK
100,1712174820.756131,729694.02315325,13820.0,-0.0,14340.0,ASK
101,1712174847.8114378,729824.93807796,13820.0,-1.1042114926686943e-08,14340.0,ASK
102,1712174847.8134816,729827.96941555,13820.0,-2.5568038269144634e-10,14340.0,ASK
103,1712174847.815974,729828.38845025,13820.0,-3.5343787778226054e-11,14340.0,ASK
104,1712174847.8175986,729829.11256321,13810.0,-6.107583639631288e-11,14340.0,ASK
105,1712174847.8192775,729829.83615221,13820.0,-6.103164261856959e-11,14340.0,ASK
106,1712174847.8209188,729929.04548334,13810.0,-8.367883482832082e-09,14340.0,ASK
107,1712174847.8225656,729930.52560661,13820.0,-1.2484207808002148e-10,14340.0,ASK
108,1712174847.824299,729937.76673622,13810.0,-6.10758364866489e-10,14340.0,ASK
109,1712174847.8260677,729938.18641784,13820.0,-3.5398352713271645e-11,14340.0,ASK
110,1712174847.8278096,730125.19702477,13810.0,-1.5773546207997732e-08,14340.0,ASK
111,1712174850.743399,730125.19702477,13810.0,-0.0,14340.0,ASK
112,1712174880.4888864,730125.19702477,13810.0,-0.0,14340.0,ASK
113,1712174890.8637388,730259.20667774,13810.0,-1.1297466723885016e-08,14340.0,ASK
114,1712174890.865811,730304.81993893,13810.0,-3.84535209995164e-09,14340.0,ASK
115,1712174896.543516,730318.56226012,13830.0,1.1585241280136883e-09,14340.0,BID
116,1712174910.4758625,730318.56226012,13830.0,0.0,14340.0,BID
117,1712174940.755715,730318.56226012,13830.0,0.0,14340.0,BID
118,1712174944.7536786,730321.49830313,13830.0,2.474626352384905e-10,14340.0,BID
119,1712174970.727226,730321.49830313,13830.0,0.0,14340.0,BID
120,1712175000.55616,730321.49830313,13830.0,0.0,14340.0,BID
121,1712175030.5209842,730321.49830313,13830.0,0.0,14340.0,BID
122,1712175060.735207,730321.49830313,13830.0,0.0,14340.0,BID
123,1712175090.7351916,730321.49830313,13830.0,0.0,14340.0,BID
124,1712175120.5278466,730321.49830313,13830.0,0.0,14340.0,BID
125,1712175150.514828,730321.49830313,13830.0,0.0,14340.0,BID
126,1712175166.8041203,730321.85841832,13890.0,3.0353643383850294e-11,14340.0,BID
127,1712175180.7333968,730321.85841832,13890.0,0.0,14340.0,BID
128,1712175210.749862,730321.85841832,13890.0,0.0,14340.0,BID
129,1712175240.5041168,730321.85841832,13890.0,0.0,14340.0,BID
130,1712175270.5134065,730321.85841832,13890.0,0.0,14340.0,BID
131,1712175297.983297,730322.85841832,13890.0,8.428867050323568e-11,14340.0,BID
132,1712175300.5369987,730322.85841832,13890.0,0.0,14340.0,BID
133,1712175300.638177,730323.5711613,13890.0,6.010558306593467e-11,14340.0,BID
134,1712175330.496344,730323.5711613,13890.0,0.0,14340.0,BID
135,1712175360.7470627,730323.5711613,13890.0,0.0,14340.0,BID
136,1712175378.8539038,730325.5711613,13870.0,-1.6865976817305992e-10,14340.0,ASK
137,1712175384.9635358,730329.5711613,13860.0,-3.3731953634611984e-10,14340.0,ASK
138,1712175390.7458384,730329.5711613,13860.0,-0.0,14340.0,ASK
139,1712175394.146526,730367.57691111,13870.0,3.2049979944508032e-09,14340.0,BID
140,1712175420.5068676,730367.57691111,13870.0,0.0,14340.0,BID
141,1712175450.5059674,730367.57691111,13870.0,0.0,14340.0,BID
142,1712175459.8535104,730369.57691111,13860.0,-1.6865108800618422e-10,14340.0,ASK
143,1712175480.7278905,730369.57691111,13860.0,-0.0,14340.0,ASK
144,1712175494.1909883,730378.93180003,13860.0,-7.88854253325066e-10,14340.0,ASK
145,1712175494.2632146,730441.72698326,13860.0,-5.295225609028645e-09,14340.0,ASK
146,1712175510.7406056,730441.72698326,13860.0,-0.0,14340.0,ASK
147,1712175540.4887986,730441.72698326,13860.0,-0.0,14340.0,ASK
148,1712175570.5582583,730441.72698326,13860.0,-0.0,14340.0,ASK
149,1712175576.4333296,730448.4831593,13860.0,5.69668850718213e-10,14340.0,BID
150,1712175585.629848,730452.4831593,13850.0,-3.3727294691075315e-10,14340.0,ASK
151,1712175585.631049,730456.4831593,13840.0,-3.3727294691075315e-10,14340.0,ASK
152,1712175585.6322353,730549.9702773,13840.0,-7.882668946507584e-09,14340.0,ASK
153,1712175600.5373728,730549.9702773,13840.0,-0.0,14340.0,ASK
154,1712175630.4648285,730549.9702773,13840.0,-0.0,14340.0,ASK
155,1712175633.7634118,730556.05489101,13850.0,-5.147947971588826e-10,14340.0,ASK
156,1712175639.1235485,730556.78451528,13840.0,-6.173058734258002e-11,14340.0,ASK
157,1712175639.1257582,730559.78451528,13840.0,-2.5381798501411736e-10,14340.0,ASK
158,1712175655.7736084,730565.26432019,13840.0,-4.6362434683414135e-10,14340.0,ASK
159,1712175656.563493,730568.26432019,13840.0,2.5381798501411736e-10,14340.0,BID
160,1712175660.7441792,730568.26432019,13840.0,0.0,14340.0,BID
161,1712175666.0631838,730571.26432019,13840.0,-2.53812546699064e-10,14340.0,ASK
162,1712175690.7447743,730571.26432019,13840.0,-0.0,14340.0,ASK
163,1712175698.3334572,730577.26432019,13840.0,5.07623310236402e-10,14340.0,BID
164,1712175712.6936853,730583.26432019,13840.0,-5.07623310236402e-10,14340.0,ASK
165,1712175720.4940712,730583.26432019,13840.0,-0.0,14340.0,ASK
166,1712175729.1833403,730583.98634185,13850.0,6.108497921858405e-11,14340.0,BID
167,1712175750.4859412,730583.98634185,13850.0,0.0,14340.0,BID
168,1712175780.7335632,730583.98634185,13850.0,0.0,14340.0,BID
169,1712175810.7160378,730583.98634185,13850.0,0.0,14340.0,BID
170,1712175817.4038565,730587.98634185,13850.0,-3.38410498838777e-10,14340.0,ASK
171,1712175817.4062057,730615.86634185,13850.0,-2.35872117690667e-09,14340.0,ASK
172,1712175817.422986,730625.16987476,13850.0,-7.87103303254888e-10,14340.0,ASK
173,1712175837.805213,730644.53248639,13850.0,-1.638127765132466e-09,14340.0,ASK
174,1712175840.506165,730644.53248639,13850.0,-0.0,14340.0,ASK
175,1712175840.8261125,730653.9780338,13850.0,-7.990614135189884e-10,14340.0,ASK
176,1712175843.4087472,730655.1583657,13860.0,9.985209279088256e-11,14340.0,BID
177,1712175843.4107676,730655.87986643,13860.0,6.103652526083678e-11,14340.0,BID
178,1712175845.0130508,730673.59872124,13860.0,-1.498955280806857e-09,14340.0,ASK
179,1712175845.073362,730686.91484455,13850.0,-1.1264990638196863e-09,14340.0,ASK
180,1712175870.5240574,730686.91484455,13850.0,-0.0,14340.0,ASK
181,1712175900.7397096,730686.91484455,13850.0,-0.0,14340.0,ASK
182,1712175914.823317,730798.71809755,13870.0,9.460110482272329e-09,14340.0,BID
183,1712175914.9032938,730798.71809826,13870.0,6.007731918762908e-17,14340.0,BID
184,1712175915.0848064,730807.75552988,13870.0,-7.646924334280943e-10,14340.0,ASK
185,1712175915.1121895,730837.42489336,13870.0,-2.51044087651836e-09,14340.0,ASK
186,1712175915.1719172,730860.24811139,13870.0,-1.931161735742437e-09,14340.0,ASK
187,1712175930.7454326,730860.24811139,13870.0,-0.0,14340.0,ASK
188,1712175960.4830945,730860.24811139,13870.0,-0.0,14340.0,ASK
189,1712175973.753241,730863.84782341,13890.0,3.0452376479212715e-10,14340.0,BID
190,1712175987.0731728,730899.84494364,13890.0,3.045237650550781e-09,14340.0,BID
191,1712175990.5057085,730899.84494364,13890.0,0.0,14340.0,BID
192,1712176020.7358494,730899.84494364,13890.0,0.0,14340.0,BID
193,1712176027.1130352,730901.84494364,13870.0,1.6918553196997052e-10,14340.0,BID
194,1712176038.412925,730904.84494364,13870.0,2.537782979549558e-10,14340.0,BID
195,1712176050.7410798,730904.84494364,13870.0,0.0,14340.0,BID
196,1712176050.7434385,730906.84494364,13860.0,-1.6918453944746203e-10,14340.0,ASK
197,1712176050.7445557,730913.18639471,13860.0,-5.364377393467e-10,14340.0,ASK
198,1712176050.8631926,730923.006961,13860.0,-8.30743992448383e-10,14340.0,ASK
199,1712176080.5094116,730923.006961,13860.0,-0.0,14340.0,ASK
200,1712176096.9252906,730932.16896072,13860.0,-7.750178482575109e-10,14340.0,ASK
201,1712176110.5358477,730932.16896072,13860.0,-0.0,14340.0,ASK
202,1712176114.413107,730944.61274248,13860.0,-1.052614021473777e-09,14340.0,ASK
203,1712176120.473625,730956.28533244,13860.0,-9.873792465804047e-10,14340.0,ASK
204,1712176120.6954308,730966.82980552,13860.0,-8.91952336278667e-10,14340.0,ASK
205,1712176120.7352316,730975.70820589,13860.0,-7.51019979129872e-10,14340.0,ASK
206,1712176121.0330498,730988.14985994,13860.0,-1.052434039418819e-09,14340.0,ASK
207,1712176133.4333558,731000.75792119,13860.0,-1.066510351210006e-09,14340.0,ASK
208,1712176134.9230812,731010.12453404,13860.0,-7.92317657905614e-10,14340.0,ASK
209,1712176137.5929716,731029.16201689,13860.0,-1.6103722942027003e-09,14340.0,ASK
210,1712176138.383001,731110.6725064,13860.0,-6.8949364276747264e-09,14340.0,ASK
211,1712176138.842944,731355.71194714,13860.0,-2.0727778428660092e-08,14340.0,ASK
212,1712176138.9229703,731419.09783401,13860.0,-5.361784268594301e-09,14340.0,ASK
213,1712176140.7497313,731419.09783401,13860.0,-0.0,14340.0,ASK
214,1712176151.3434317,731519.23769414,13850.0,-8.465953636646773e-09,14340.0,ASK
215,1712176153.4137204,731528.5590859,13850.0,-7.8804254735242e-10,14340.0,ASK
216,1712176156.8472853,731538.04076155,13850.0,-8.0159315527635e-10,14340.0,ASK
217,1712176160.6033158,731557.05786404,13850.0,-1.6077305058662555e-09,14340.0,ASK
218,1712176161.1035488,731569.65001649,13850.0,-1.064556897611694e-09,14340.0,ASK
219,1712176170.739049,731569.65001649,13850.0,-0.0,14340.0,ASK
220,1712176200.8364851,731569.65001649,13850.0,-0.0,14340.0,ASK
221,1712176204.096378,731585.84340104,13850.0,-1.3756259386892447e-09,14340.0,ASK
222,1712176204.8148096,731597.83974034,13850.0,-1.019087483509344e-09,14340.0,ASK
223,1712176205.283604,731606.88774003,13850.0,-7.686264121223722e-10,14340.0,ASK
224,1712176206.5445254,732062.16857418,13850.0,-3.86760484143249e-08,14340.0,ASK
225,1712176206.5648985,732062.89059584,13850.0,-6.13356473332623e-11,14340.0,ASK
226,1712176206.567612,732135.68468513,13850.0,-6.1838485402342915e-09,14340.0,ASK
227,1712176206.5699708,732185.24549725,13840.0,-4.210184627218024e-09,14340.0,ASK
228,1712176230.427964,732197.27785898,13840.0,-1.022147584308072e-09,14340.0,ASK
229,1712176230.7349274,732197.27785898,13840.0,-0.0,14340.0,ASK
230,1712176231.5552237,732199.27785898,13840.0,-1.6977438408459578e-10,14340.0,ASK
231,1712176231.5565598,732244.59451168,13840.0,-3.84680340045526e-09,14340.0,ASK
232,1712176233.7827168,732347.91051168,13830.0,-8.770205133041338e-09,14340.0,ASK
233,1712176240.6456356,732367.5156975,13830.0,-1.664229173729193e-09,14340.0,ASK
234,1712176240.6484487,732447.28872839,13830.0,-6.771708592958601e-09,14340.0,ASK
235,1712176240.6551278,732448.01179418,13830.0,-6.137902457679571e-11,14340.0,ASK
236,1712176252.0554328,732479.20060536,13830.0,-2.647530604203296e-09,14340.0,ASK
237,1712176257.5957365,732501.36660536,13830.0,-1.8816094988068874e-09,14340.0,ASK
238,1712176260.507445,732501.36660536,13830.0,-0.0,14340.0,ASK
239,1712176266.486055,732512.44960536,13830.0,-9.40468966938615e-10,14340.0,ASK
240,1712176278.05572,732519.49160536,13830.0,-5.97562254355953e-10,14340.0,ASK
241,1712176283.196756,732520.31837407,13830.0,-7.015702559110999e-11,14340.0,ASK
242,1712176283.2002423,732523.31837407,13830.0,-2.5457068490392874e-10,14340.0,ASK
243,1712176290.5096302,732523.31837407,13830.0,-0.0,14340.0,ASK
244,1712176312.107573,732525.31837407,13820.0,-1.6970941788939154e-10,14340.0,ASK
245,1712176312.1170554,732622.66022983,13820.0,-8.259914838648411e-09,14340.0,ASK
246,1712176312.1193423,732697.20660926,13810.0,-6.325611329422255e-09,14340.0,ASK
247,1712176312.1215973,732697.93019826,13820.0,-6.139993398573626e-11,14340.0,ASK
248,1712176312.1238682,732809.44140697,13810.0,-9.462251159160637e-09,14340.0,ASK
249,1712176320.7557185,732809.44140697,13810.0,-0.0,14340.0,ASK
250,1712176350.7511766,732809.44140697,13810.0,-0.0,14340.0,ASK
251,1712176365.5859034,732810.44140697,13800.0,-8.482626022440617e-11,14340.0,ASK
252,1712176365.5888212,732830.84033793,13800.0,-1.7303650259114335e-09,14340.0,ASK
253,1712176365.5900772,732833.84033793,13810.0,-2.544787806732185e-10,14340.0,ASK
254,1712176365.5913775,732834.26206711,13810.0,-3.577370916949473e-11,14340.0,ASK
255,1712176365.5926542,732868.29756368,13810.0,-2.887103888908368e-09,14340.0,ASK
256,1712176365.593933,732882.44182218,13800.0,-1.1998045521989111e-09,14340.0,ASK
257,1712176365.595235,732882.80460277,13810.0,-3.077332073815036e-11,14340.0,ASK
258,1712176365.596538,732919.96394855,13800.0,-3.152088334905821e-09,14340.0,ASK
259,1712176365.6038687,732952.3617904,13800.0,-2.7481877634727116e-09,14340.0,ASK
260,1712176380.5378437,732952.3617904,13800.0,-0.0,14340.0,ASK
261,1712176394.1785474,732957.3617904,13800.0,-4.2406034097474865e-10,14340.0,ASK
262,1712176410.5188143,732957.3617904,13800.0,-0.0,14340.0,ASK
263,1712176438.9687312,732957.72306207,13840.0,3.064001820415937e-11,14340.0,BID
264,1712176440.7489047,732957.72306207,13840.0,0.0,14340.0,BID
265,1712176449.2590733,732958.72306207,13810.0,-8.481153590985958e-11,14340.0,ASK
266,1712176457.5272565,732959.72306207,13810.0,-8.481153590985958e-11,14340.0,ASK
267,1712176457.529807,732996.95186207,13810.0,-3.1574317080844403e-09,14340.0,ASK
268,1712176457.6791792,732999.3599019,13800.0,-2.042295565180624e-10,14340.0,ASK
269,1712176457.682021,733106.95369422,13810.0,-9.12519478102534e-09,14340.0,ASK
270,1712176470.7381806,733106.95369422,13810.0,-0.0,14340.0,ASK
271,1712176488.1292408,733186.41399409,13800.0,-6.737972386509627e-09,14340.0,ASK
272,1712176495.0798786,733186.83391447,13810.0,3.5607868703795416e-11,14340.0,BID
273,1712176497.4497485,733209.27470834,13800.0,-1.902905597815806e-09,14340.0,ASK
274,1712176497.4528468,733209.99691446,13800.0,-6.124070639164322e-11,14340.0,ASK
275,1712176500.5003326,733209.99691446,13800.0,-0.0,14340.0,ASK
276,1712176505.7101562,733358.99691446,13800.0,-1.2663491083941078e-08,14340.0,ASK
277,1712176505.7507925,733360.99691446,13800.0,-1.6997974609316883e-10,14340.0,ASK
278,1712176505.760815,733485.65382312,13800.0,-1.0594574841399814e-08,14340.0,ASK
279,1712176505.763135,733548.12734894,13800.0,-5.3096170282101275e-09,14340.0,ASK
280,1712176506.043624,733553.01768562,13800.0,-4.15629093587677e-10,14340.0,ASK
281,1712176506.0503285,733553.24129851,13800.0,-1.9004831132401908e-11,14340.0,ASK
282,1712176506.0517778,733560.24129851,13800.0,-5.949291113260909e-10,14340.0,ASK
283,1712176507.6795998,733579.81611535,13800.0,-1.6636611981419391e-09,14340.0,ASK
284,1712176507.9457414,733655.35096183,13800.0,-6.419697012928825e-09,14340.0,ASK
285,1712176507.9488823,733657.81611535,13800.0,-2.0951308470475915e-10,14340.0,ASK
286,1712176511.780176,733686.35096183,13800.0,-2.425172979739357e-09,14340.0,ASK
287,1712176511.7833257,733729.61260657,13800.0,-3.6768016942396222e-09,14340.0,ASK
288,1712176511.7863884,733739.61260657,13800.0,-8.49898730465844e-10,14340.0,ASK
289,1712176514.689929,733741.61260657,13800.0,-1.6997974609316883e-10,14340.0,ASK
290,1712176514.6997185,734052.44159951,13800.0,-2.6417316649169967e-08,14340.0,ASK
291,1712176530.514716,734052.44159951,13800.0,-0.0,14340.0,ASK
292,1712176546.5105536,734062.44159951,13800.0,8.490598000491693e-10,14340.0,BID
293,1712176552.7703602,734081.66582797,13800.0,1.6322519572340735e-09,14340.0,BID
294,1712176560.2907274,734087.16380556,13800.0,4.668111753202476e-10,14340.0,BID
295,1712176560.7529843,734087.16380556,13800.0,0.0,14340.0,BID
296,1712176566.2605574,734096.34181254,13790.0,-7.79235974616123e-10,14340.0,ASK
297,1712176566.2621,734097.79213886,13790.0,-1.2313636783607948e-10,14340.0,ASK
298,1712176574.7039025,734101.79213886,13790.0,-3.3961010328946327e-10,14340.0,ASK
299,1712176575.1654737,734124.87228996,13790.0,-1.959563124757026e-09,14340.0,ASK
300,1712176575.16863,734128.36386543,13790.0,-2.9644357649913604e-10,14340.0,ASK
301,1712176575.1713605,734129.36386543,13790.0,-8.490252582236583e-11,14340.0,ASK
302,1712176576.4757783,734168.38115907,13790.0,-3.312666780784407e-09,14340.0,ASK
303,1712176576.8105834,734197.32787662,13790.0,-2.457649434265573e-09,14340.0,ASK
304,1712176577.9812975,734199.32787662,13790.0,-1.6980505164473166e-10,14340.0,ASK
305,1712176577.9853191,734275.32787662,13790.0,-6.452591962499803e-09,14340.0,ASK
306,1712176579.5815244,734275.69287662,13780.0,-3.0989421924372806e-11,14340.0,ASK
307,1712176579.5833724,734276.39287662,13780.0,-5.943176808158646e-11,14340.0,ASK
308,1712176579.5925426,734276.75787662,13780.0,-3.0989421924372806e-11,14340.0,ASK
309,1712176579.59508,734278.48356602,13780.0,-1.4651538884381824e-10,14340.0,ASK
310,1712176579.5975838,734287.54452595,13790.0,-7.692983844279684e-10,14340.0,ASK
311,1712176579.6001265,734287.99606906,13780.0,-3.833715056293045e-11,14340.0,ASK
312,1712176579.6026716,734289.09309157,13770.0,-9.313998197457375e-11,14340.0,ASK
313,1712176579.6044714,734289.49621203,13780.0,-3.422594526371572e-11,14340.0,ASK
314,1712176579.605937,734347.59352502,13770.0,-4.932608616352915e-09,14340.0,ASK
315,1712176579.6074393,734350.0143855,13780.0,-2.0553716941003243e-10,14340.0,ASK
316,1712176579.608923,734350.59831513,13780.0,-4.9577100489215486e-11,14340.0,ASK
317,1712176579.610422,734353.32787662,13770.0,-2.31746664889033e-10,14340.0,ASK
318,1712176579.6204996,734360.58477066,13780.0,6.16128633624488e-10,14340.0,BID
319,1712176590.7669346,734360.58477066,13780.0,0.0,14340.0,BID
320,1712176605.1408908,734370.58477066,13780.0,8.48753652307793e-10,14340.0,BID
321,1712176614.671107,734381.95968419,13780.0,9.654499403237671e-10,14340.0,BID
322,1712176620.5613892,734381.95968419,13780.0,0.0,14340.0,BID
323,1712176623.3910775,734454.52862469,13780.0,6.159161352007611e-09,14340.0,BID
324,1712176650.5049102,734454.52862469,13780.0,0.0,14340.0,BID
325,1712176660.1419146,734550.28183384,13800.0,8.126195732126081e-09,14340.0,BID
326,1712176672.7816403,734551.0059468,13810.0,6.145259984211603e-11,14340.0,BID
327,1712176680.746369,734551.0059468,13810.0,0.0,14340.0,BID
328,1712176681.5620651,734557.10304308,13810.0,5.173779616159282e-10,14340.0,BID
329,1712176696.6420157,734560.10304308,13810.0,-2.5456935786775216e-10,14340.0,ASK
330,1712176696.6456668,734569.48820603,13810.0,-7.963916352242601e-10,14340.0,ASK
331,1712176710.7576125,734569.48820603,13810.0,-0.0,14340.0,ASK
332,1712176713.3422213,734570.48820603,13810.0,8.485461477676589e-11,14340.0,BID
333,1712176717.96261,734571.48820603,13800.0,-8.485461477676589e-11,14340.0,ASK
334,1712176717.966237,734580.83214062,13800.0,-7.92875970133487e-10,14340.0,ASK
335,1712176718.141976,734591.2668368,13800.0,-8.85432124670518e-10,14340.0,ASK
336,1712176718.2231812,734592.2668368,13800.0,-8.485461477676589e-11,14340.0,ASK
337,1712176718.2266724,734611.77267628,13800.0,-1.655160494970349e-09,14340.0,ASK
338,1712176728.8621569,734612.49678924,13810.0,6.14443262794223e-11,14340.0,BID
339,1712176736.6784394,734637.85910808,13800.0,-2.152109795013225e-09,14340.0,ASK
340,1712176736.6815534,734648.72867329,13800.0,-9.223327686817451e-10,14340.0,ASK
341,1712176736.719355,734657.85700105,13790.0,-7.745807356334478e-10,14340.0,ASK
342,1712176736.7392786,734660.98796988,13790.0,-2.656771539448392e-10,14340.0,ASK
343,1712176736.8124335,734667.0025093,13790.0,5.10361425545693e-10,14340.0,BID
344,1712176740.5024922,734667.0025093,13790.0,0.0,14340.0,BID
345,1712176741.7030196,734668.22214146,13800.0,1.034796023679461e-10,14340.0,BID
346,1712176741.8068843,734677.08425227,13800.0,-7.51905150429714e-10,14340.0,ASK
347,1712176744.298113,734680.71269929,13780.0,-3.0785532486117125e-10,14340.0,ASK
348,1712176744.3010375,734718.78307617,13800.0,-3.230078371684993e-09,14340.0,ASK
349,1712176744.3038523,734935.189035,13780.0,-1.836094791821794e-08,14340.0,ASK
350,1712176770.521944,734935.189035,13780.0,-0.0,14340.0,ASK
351,1712176800.5529523,734935.189035,13780.0,-0.0,14340.0,ASK
352,1712176828.9328828,734950.40101526,13780.0,-1.293550308972436e-09,14340.0,ASK
353,1712176830.4880204,734950.40101526,13780.0,-0.0,14340.0,ASK
354,1712176858.1332436,734950.77879303,13780.0,-3.2123749316922006e-11,14340.0,ASK
355,1712176860.738747,734950.77879303,13780.0,-0.0,14340.0,ASK
356,1712176889.593769,734956.95971714,13780.0,-5.255851047053416e-10,14340.0,ASK
357,1712176889.597469,734959.77879303,13780.0,-2.397156590908803e-10,14340.0,ASK
358,1712176890.7597384,734959.77879303,13780.0,-0.0,14340.0,ASK
359,1712176892.2435884,734960.95971714,13780.0,-1.0041695472584827e-10,14340.0,ASK
360,1712176892.43369,734961.95971714,13770.0,-8.503252145982932e-11,14340.0,ASK
361,1712176908.1138215,734962.39513078,13780.0,3.702431968656257e-11,14340.0,BID
362,1712176915.523064,734998.7059514,13770.0,-3.0876006335976782e-09,14340.0,ASK
363,1712176915.5251358,735058.32163781,13770.0,-5.069272133999955e-09,14340.0,ASK
364,1712176915.527145,735059.04785422,13770.0,-6.175201247238794e-11,14340.0,ASK
365,1712176919.4539788,735086.11897038,13770.0,-2.301925265818372e-09,14340.0,ASK
366,1712176919.45815,735090.2849112,13770.0,-3.5424045217759473e-10,14340.0,ASK
367,1712176920.4869635,735090.2849112,13770.0,-0.0,14340.0,ASK
368,1712176924.7536418,735125.26512941,13770.0,-2.974001696311406e-09,14340.0,ASK
369,1712176925.4000285,735150.83525624,13770.0,-2.173960154023034e-09,14340.0,ASK
370,1712176927.7952733,735179.37878628,13770.0,-2.426757496150856e-09,14340.0,ASK
371,1712176927.798938,735191.93597478,13770.0,-1.0676062589335227e-09,14340.0,ASK
372,1712176927.80185,735193.93597478,13770.0,-1.7003905913136946e-10,14340.0,ASK
373,1712176927.9338048,735203.93597478,13770.0,-8.50195295656847e-10,14340.0,ASK
374,1712176927.937906,735320.63572723,13770.0,-9.921758053729957e-09,14340.0,ASK
375,1712176945.7637925,735335.6778009,13760.0,-1.2788700271123543e-09,14340.0,ASK
376,1712176950.5418427,735335.6778009,13760.0,-0.0,14340.0,ASK
377,1712176958.5238175,735340.75762673,13780.0,4.317603691170038e-10,14340.0,BID
378,1712176965.7541342,735375.95371532,13760.0,-2.9914955176495483e-09,14340.0,ASK
379,1712176967.9443116,735379.95371532,13770.0,3.399804509530457e-10,14340.0,BID
380,1712176967.9690464,735408.50680712,13760.0,-2.426873256573147e-09,14340.0,ASK
381,1712176967.9738357,735409.14073788,13760.0,-5.388101641191029e-11,14340.0,ASK
382,1712176971.0246823,735443.77890986,13760.0,-2.944075332480985e-09,14340.0,ASK
383,1712176972.3881402,735454.48134678,13760.0,-9.096548325914519e-10,14340.0,ASK
384,1712176980.534165,735454.48134678,13760.0,-0.0,14340.0,ASK
385,1712176980.74378,735464.6707835,13760.0,-8.65931995725491e-10,14340.0,ASK
386,1712176980.884137,735487.82423415,13760.0,-1.967656729248003e-09,14340.0,ASK
387,1712176980.9238892,735505.335874,13760.0,-1.488197008376108e-09,14340.0,ASK
388,1712176980.9440114,735511.35041342,13760.0,-5.111354303947382e-10,14340.0,ASK
389,1712176981.0041647,735525.93648328,13760.0,-1.239572405304161e-09,14340.0,ASK
390,1712176981.014012,735532.42599493,13760.0,-5.515001396783399e-10,14340.0,ASK
391,1712176982.8145473,735533.15273911,13760.0,-6.176112139779352e-11,14340.0,ASK
392,1712176982.8240469,735543.87948329,13760.0,-9.11594158799127e-10,14340.0,ASK
393,1712176982.8272593,735546.82601815,13760.0,-2.504062669867553e-10,14340.0,ASK
394,1712176988.9841309,735555.42567658,13760.0,7.30827384434101e-10,14340.0,BID
395,1712176995.2145302,735813.97536109,13760.0,2.197240637088343e-08,14340.0,BID
396,1712176995.2241774,735827.37787174,13770.0,1.1389896334617563e-09,14340.0,BID
397,1712176995.705252,735839.36739133,13760.0,-1.0189089850211484e-09,14340.0,ASK
398,1712177008.5352008,735839.75235433,13760.0,-3.2715427564622475e-11,14340.0,ASK
399,1712177010.5212672,735839.75235433,13760.0,-0.0,14340.0,ASK
400,1712177011.1151223,735839.82958173,13760.0,-6.5600840312889536e-12,14340.0,ASK
401,1712177011.119141,735848.44685733,13760.0,-7.31994759863467e-10,14340.0,ASK
402,1712177013.464569,735848.88258717,13770.0,3.701308561609152e-11,14340.0,BID
403,1712177032.7946055,735850.33607554,13770.0,1.2346661749931216e-10,14340.0,BID
404,1712177033.5444374,735851.06229195,13770.0,6.168847687726488e-11,14340.0,BID
405,1712177040.7549727,735851.06229195,13770.0,0.0,14340.0,BID
406,1712177048.2547069,735851.78850836,13770.0,6.168766126705442e-11,14340.0,BID
407,1712177070.751846,735851.78850836,13770.0,0.0,14340.0,BID
408,1712177091.3151,735855.78850836,13770.0,3.3977535078068407e-10,14340.0,BID
409,1712177100.5485566,735855.78850836,13770.0,0.0,14340.0,BID
410,1712177121.1453884,735856.2242382,13770.0,3.703351156010328e-11,14340.0,BID
411,1712177130.5095425,735856.2242382,13770.0,0.0,14340.0,BID
412,1712177139.606359,735883.90018756,13770.0,2.352230611512477e-09,14340.0,BID
413,1712177139.6104677,735895.4013332,13770.0,9.775038424174884e-10,14340.0,BID
414,1712177139.6783743,735904.88645289,13770.0,8.0615803267829e-10,14340.0,BID
415,1712177139.6865726,735996.14166465,13770.0,7.755950835491034e-09,14340.0,BID
416,1712177139.6897864,736453.94547125,13770.0,3.8909600315554594e-08,14340.0,BID
417,1712177139.693039,736606.88386911,13770.0,1.299851999447043e-08,14340.0,BID
418,1712177139.6965077,736811.59997231,13770.0,1.7399203848534582e-08,14340.0,BID
419,1712177139.6996891,736839.81690488,13770.0,2.398209784629514e-09,14340.0,BID
420,1712177160.541582,736839.81690488,13770.0,0.0,14340.0,BID
421,1712177190.4991958,736839.81690488,13770.0,0.0,14340.0,BID
422,1712177206.545547,736858.2068326,13780.0,-1.5611971437869179e-09,14340.0,ASK
423,1712177220.7410586,736858.2068326,13780.0,-0.0,14340.0,ASK
424,1712177250.7464054,736858.2068326,13780.0,-0.0,14340.0,ASK
425,1712177280.5592716,736858.2068326,13780.0,-0.0,14340.0,ASK
426,1712177305.546765,736890.3185118,13800.0,2.72603482282077e-09,14340.0,BID
427,1712177305.551108,736933.4928059,13800.0,3.6651658243731315e-09,14340.0,BID
428,1712177305.5552728,736942.9779256,13800.0,8.05213780307826e-10,14340.0,BID
429,1712177305.6268024,736955.48691193,13800.0,1.0619168222665087e-09,14340.0,BID
430,1712177305.6310945,736971.68115048,13800.0,1.3747664188278687e-09,14340.0,BID
431,1712177305.6353147,737239.92655585,13800.0,2.277197375894753e-08,14340.0,BID
432,1712177305.639512,737378.02615702,13800.0,1.1723595002974429e-08,14340.0,BID
433,1712177305.642319,737409.26695622,13800.0,2.6521038025253034e-09,14340.0,BID
434,1712177310.5160437,737409.26695622,13800.0,0.0,14340.0,BID
435,1712177315.506145,737416.30569444,13820.0,5.971492858535624e-10,14340.0,BID
436,1712177333.3564026,737444.41475042,13800.0,-2.3847033629946684e-09,14340.0,ASK
437,1712177336.1513376,737445.41475042,13820.0,8.483754718379996e-11,14340.0,BID
438,1712177340.782822,737445.41475042,13820.0,0.0,14340.0,BID
439,1712177355.6301105,737448.72475042,13810.0,-2.8080039377935656e-10,14340.0,ASK
440,1712177359.746074,737449.41475042,13810.0,-5.853542952516559e-11,14340.0,ASK
441,1712177365.3571248,737453.88669828,13810.0,3.7937302720968437e-10,14340.0,BID
442,1712177367.6878982,737463.24401261,13800.0,-7.93817990527531e-10,14340.0,ASK
443,1712177367.726892,737504.45423,13800.0,-3.4960257616465126e-09,14340.0,ASK
444,1712177369.956118,737572.953513,13810.0,5.811065148144627e-09,14340.0,BID
445,1712177369.9759018,737576.86552616,13810.0,-3.31871551602304e-10,14340.0,ASK
446,1712177370.7700944,737576.86552616,13810.0,-0.0,14340.0,ASK
447,1712177375.7833252,737611.02155651,13800.0,-2.8971451278533274e-09,14340.0,ASK
448,1712177396.3966787,737632.12751602,13810.0,1.7902264149656091e-09,14340.0,BID
449,1712177396.408214,737790.06996709,13810.0,1.3396820353821866e-08,14340.0,BID
450,1712177396.410775,737827.53359283,13810.0,3.1776983353117723e-09,14340.0,BID
451,1712177400.1721995,737937.56529783,13820.0,9.332987902391197e-09,14340.0,BID
452,1712177400.543472,737937.56529783,13820.0,0.0,14340.0,BID
453,1712177424.016219,737946.98893154,13800.0,-8.02247215873523e-10,14340.0,ASK
454,1712177425.522824,737968.154247,13800.0,-1.801833127573896e-09,14340.0,ASK
455,1712177425.5963097,737976.90133802,13800.0,-7.44652183405918e-10,14340.0,ASK
456,1712177425.7362194,737985.78354725,13800.0,-7.561549870073433e-10,14340.0,ASK
457,1712177425.8167503,738012.92832537,13800.0,-2.3108732090377788e-09,14340.0,ASK
458,1712177425.8968077,738034.11928539,13800.0,-1.8040162851100407e-09,14340.0,ASK
459,1712177425.9021332,738051.78339777,13800.0,-1.503770776094231e-09,14340.0,ASK
460,1712177425.9074204,738052.78339777,13800.0,-8.513140902546792e-11,14340.0,ASK
461,1712177426.061424,738096.78339777,13800.0,-3.745781997120589e-09,14340.0,ASK
462,1712177428.2198226,738115.44499754,13800.0,-1.5886882830856602e-09,14340.0,ASK
463,1712177428.3856375,738129.28789184,13800.0,-1.1784650967499195e-09,14340.0,ASK
464,1712177428.408626,738143.20976057,13800.0,-1.1851883012514103e-09,14340.0,ASK
465,1712177428.4277172,738170.61729263,13800.0,-2.3332418221830148e-09,14340.0,ASK
466,1712177428.4338517,738174.01139263,13790.0,-2.8894451537624247e-10,14340.0,ASK
467,1712177430.5302436,738174.01139263,13790.0,-0.0,14340.0,ASK
468,1712177434.5363588,738176.65512722,13790.0,2.2500235021484719e-10,14340.0,BID
469,1712177460.7724197,738176.65512722,13790.0,0.0,14340.0,BID
470,1712177465.9615953,738219.5220791,13790.0,3.6482992769340063e-09,14340.0,BID
471,1712177465.9655166,738302.80296775,13790.0,7.0878285606678525e-09,14340.0,BID
472,1712177466.106798,738336.24060414,13790.0,-2.845793771512136e-09,14340.0,ASK
473,1712177490.769893,738336.24060414,13790.0,-0.0,14340.0,ASK
474,1712177491.6169636,738481.16814037,13800.0,1.2332111124741392e-08,14340.0,BID
475,1712177520.520332,738481.16814037,13800.0,0.0,14340.0,BID
476,1712177524.9367642,738484.79132877,13800.0,3.0825031861909577e-10,14340.0,BID
477,1712177550.5436313,738484.79132877,13800.0,0.0,14340.0,BID
478,1712177580.7541325,738484.79132877,13800.0,0.0,14340.0,BID
479,1712177610.767026,738484.79132877,13800.0,0.0,14340.0,BID
480,1712177640.526093,738484.79132877,13800.0,0.0,14340.0,BID
481,1712177653.797251,738534.42576612,13820.0,4.2227354351417244e-09,14340.0,BID
482,1712177670.5230358,738534.42576612,13820.0,0.0,14340.0,BID
483,1712177685.027602,738541.65119964,13840.0,6.14680357419464e-10,14340.0,BID
484,1712177700.7465942,738541.65119964,13840.0,0.0,14340.0,BID
485,1712177702.1174202,738542.65119964,13840.0,8.518593735400517e-11,14340.0,BID
486,1712177704.8975675,738546.2639164,13840.0,3.077526635968881e-10,14340.0,BID
487,1712177720.7473133,738549.8766324,13840.0,-3.077525988491325e-10,14340.0,ASK
488,1712177721.0249834,738549.87663316,13840.0,-6.47477555303252e-17,14340.0,ASK
489,1712177730.7973828,738549.87663316,13840.0,-0.0,14340.0,ASK
490,1712177737.1178226,738558.71509525,13850.0,7.52905376554361e-10,14340.0,BID
491,1712177749.6276033,738574.39777725,13830.0,-1.335931011112815e-09,14340.0,ASK
492,1712177750.0377772,738574.39777782,13830.0,-4.855290809142557e-17,14340.0,ASK
493,1712177760.5275795,738574.39777782,13830.0,-0.0,14340.0,ASK
494,1712177790.5082695,738574.39777782,13830.0,-0.0,14340.0,ASK
495,1712177794.9776504,738591.76269724,13810.0,-1.4791898389015619e-09,14340.0,ASK
496,1712177797.694049,738600.86196332,13810.0,-7.750995902469799e-10,14340.0,ASK
497,1712177798.5910554,738614.73337476,13810.0,-1.181603574250067e-09,14340.0,ASK
498,1712177798.595332,738629.00274116,13810.0,-1.2155024319955075e-09,14340.0,ASK
499,1712177798.7129648,738639.98834526,13810.0,-9.357828600277728e-10,14340.0,ASK
500,1712177799.7974994,738652.82160038,13810.0,-1.0931706686555823e-09,14340.0,ASK
501,1712177800.2980025,738719.22037014,13810.0,-5.656023110109698e-09,14340.0,ASK
502,1712177800.302712,738723.21147438,13810.0,-3.3997283229159616e-10,14340.0,ASK
503,1712177820.5601568,738723.21147438,13810.0,-0.0,14340.0,ASK
504,1712177850.5339186,738723.21147438,13810.0,-0.0,14340.0,ASK
505,1712177880.7578971,738723.21147438,13810.0,-0.0,14340.0,ASK
506,1712177909.2977796,738744.90344834,13830.0,1.847456391433633e-09,14340.0,BID
507,1712177910.76169,738744.90344834,13830.0,0.0,14340.0,BID
508,1712177920.8978553,738745.62651413,13830.0,6.158030558148319e-11,14340.0,BID
509,1712177940.496793,738745.62651413,13830.0,0.0,14340.0,BID
510,1712177943.0683246,738745.62651462,13810.0,-4.173041696465291e-17,14340.0,ASK
511,1712177943.0733726,738756.3227347,13810.0,-9.109488364944539e-10,14340.0,ASK
512,1712177953.498212,738758.14223979,13830.0,1.5495904461902947e-10,14340.0,BID
513,1712177953.502007,738936.95988752,13840.0,1.5229092794062067e-08,14340.0,BID
514,1712177963.468213,738939.12535103,13840.0,1.8442276338992296e-10,14340.0,BID
515,1712177970.4981596,738939.12535103,13840.0,0.0,14340.0,BID
516,1712177996.7281408,738939.84789438,13840.0,6.152172946603814e-11,14340.0,BID
517,1712178000.6728346,738939.84789438,13840.0,0.0,14340.0,BID
518,1712178013.7484307,738948.8834291,13810.0,-7.695598502799067e-10,14340.0,ASK
519,1712178014.209448,738959.70596907,13810.0,-9.21759751575436e-10,14340.0,ASK
520,1712178014.2117014,738969.72467219,13810.0,-8.53296668315901e-10,14340.0,ASK
521,1712178014.7681544,738989.10754066,13810.0,-1.65084611147658e-09,14340.0,ASK
522,1712178015.328219,739073.97426662,13810.0,-7.228130591830377e-09,14340.0,ASK
523,1712178015.338113,739153.10754066,13810.0,-6.739810360884473e-09,14340.0,ASK
524,1712178015.520315,739153.49974103,13810.0,-3.340385128658016e-11,14340.0,ASK
525,1712178015.522525,739225.58368966,13810.0,-6.139416695738348e-09,14340.0,ASK
526,1712178016.079027,739235.58368966,13800.0,-8.51703716628954e-10,14340.0,ASK
527,1712178016.0838008,739235.58369,13810.0,-2.896211291981367e-17,14340.0,ASK
528,1712178016.0884063,739246.73892188,13800.0,-9.5009524520743e-10,14340.0,ASK
529,1712178016.1190307,739247.42368965,13800.0,5.832192547357591e-11,14340.0,BID
530,1712178027.7183194,739255.42368965,13800.0,-6.813629733031633e-10,14340.0,ASK
531,1712178028.8280828,739255.87093602,13800.0,-3.809213955967036e-11,14340.0,ASK
532,1712178030.534994,739255.87093602,13800.0,-0.0,14340.0,ASK
533,1712178051.488581,739274.73130866,13800.0,1.605748120734895e-09,14340.0,BID
534,1712178060.7485387,739274.73130866,13800.0,0.0,14340.0,BID
535,1712178066.809765,739284.73130866,13800.0,-8.51368406066559e-10,14340.0,ASK
536,1712178074.0282874,739292.73130866,13800.0,-6.81094724853247e-10,14340.0,ASK
537,1712178082.8486035,739304.73130866,13800.0,-1.021642087279871e-09,14340.0,ASK
538,1712178082.8548756,739306.73130866,13800.0,-1.7027368121331183e-10,14340.0,ASK
539,1712178090.762431,739306.73130866,13800.0,-0.0,14340.0,ASK
540,1712178112.1193967,739308.2935188,13800.0,-1.3299663548911247e-10,14340.0,ASK
541,1712178112.1233785,739312.85722163,13800.0,-3.8852463327488716e-10,14340.0,ASK
542,1712178112.1272953,739316.85722163,13790.0,-3.4053455954329767e-10,14340.0,ASK
543,1712178112.1311378,739326.85722163,13790.0,-8.51336398858244e-10,14340.0,ASK
544,1712178112.1336598,739337.53476364,13790.0,-9.090180163428007e-10,14340.0,ASK
545,1712178120.5462594,739337.53476364,13790.0,-0.0,14340.0,ASK
546,1712178127.0288742,739340.96647263,13800.0,2.9214331103578046e-10,14340.0,BID
547,1712178137.4986117,739559.96647263,13780.0,-1.864359282882316e-08,14340.0,ASK
548,1712178143.2887287,739642.9301562,13780.0,-7.062744913501913e-09,14340.0,ASK
549,1712178143.2937346,739680.96647263,13780.0,-3.238052950825038e-09,14340.0,ASK
550,1712178145.3189826,739775.5197138,13780.0,-8.049370452142523e-09,14340.0,ASK
551,1712178146.9945748,739848.5197138,13780.0,-6.214530942941053e-09,14340.0,ASK
552,1712178150.543383,739848.5197138,13780.0,-0.0,14340.0,ASK
553,1712178152.7986178,739881.5197138,13780.0,-2.807625500249414e-09,14340.0,ASK
554,1712178155.6783805,739900.74394226,13780.0,-1.6355889105119791e-09,14340.0,ASK
555,1712178158.1086953,739945.74394226,13780.0,-3.828580227612837e-09,14340.0,ASK
556,1712178163.018622,739948.74394226,13780.0,-2.5523868184085577e-10,14340.0,ASK
557,1712178163.0215416,739980.86503342,13780.0,-2.7328483223221e-09,14340.0,ASK
558,1712178163.4990509,739982.1362954,13770.0,-1.0815841067828206e-10,14340.0,ASK
559,1712178163.5040095,740058.86503342,13770.0,-6.528047317183969e-09,14340.0,ASK
560,1712178169.3154104,740060.47479903,13770.0,-1.3695815078623739e-10,14340.0,ASK
561,1712178169.3178377,740077.78016583,13770.0,-1.4723330036057783e-09,14340.0,ASK
562,1712178169.3201177,740078.78503341,13770.0,-8.549369217313533e-11,14340.0,ASK
563,1712178169.7606556,740102.6695323,13770.0,-2.032082671039676e-09,14340.0,ASK
564,1712178169.7637565,740133.95962072,13770.0,-2.66214697433788e-09,14340.0,ASK
565,1712178171.9787023,740177.95962072,13770.0,-3.743500666999218e-09,14340.0,ASK
566,1712178176.3149836,740206.95962072,13770.0,-2.4673072577949396e-09,14340.0,ASK
567,1712178178.178871,740215.31282124,13770.0,-7.106866299624141e-10,14340.0,ASK
568,1712178180.7635462,740215.31282124,13770.0,-0.0,14340.0,ASK
569,1712178185.8286805,740247.91281479,13770.0,-2.7724014730354073e-09,14340.0,ASK
570,1712178189.6287928,740271.91281479,13760.0,-2.0410321631146068e-09,14340.0,ASK
571,1712178194.5576725,740272.63955897,13760.0,-6.180451023587946e-11,14340.0,ASK
572,1712178194.5617623,740274.91112092,13760.0,-1.9318045835064674e-10,14340.0,ASK
573,1712178194.565713,740319.25041479,13760.0,-3.770746869938158e-09,14340.0,ASK
574,1712178195.4784985,740325.78321394,13760.0,-5.55568882511525e-10,14340.0,ASK
575,1712178199.1783078,740344.78321394,13750.0,-1.615817129132397e-09,14340.0,ASK
576,1712178204.580193,740347.60139575,13750.0,-2.3966665481882366e-10,14340.0,ASK
577,1712178204.5893445,740369.57375467,13750.0,-1.868595468969919e-09,14340.0,ASK
578,1712178205.479143,740384.57375467,13750.0,-1.275645101946629e-09,14340.0,ASK
579,1712178207.7381816,740393.87750765,13750.0,-7.912191279073387e-10,14340.0,ASK
580,1712178210.7479095,740393.87750765,13750.0,-0.0,14340.0,ASK
581,1712178213.0181327,740409.87750765,13750.0,-1.3604038867124895e-09,14340.0,ASK
582,1712178214.571076,740420.32866846,13750.0,-8.88612486667526e-10,14340.0,ASK
583,1712178214.5735643,740425.55450441,13750.0,-4.4432797110614635e-10,14340.0,ASK
584,1712178216.5479248,740434.874123,13750.0,-7.924028345273001e-10,14340.0,ASK
585,1712178216.5576522,740435.55450441,13750.0,-5.7849594668005805e-11,14340.0,ASK
586,1712178222.127912,740442.14685027,13750.0,-5.605158081536665e-10,14340.0,ASK
587,1712178222.1310043,740473.82723169,13750.0,-2.693632126024703e-09,14340.0,ASK
588,1712178222.134007,740474.55450441,13750.0,-6.183653968332366e-11,14340.0,ASK
589,1712178222.1480927,740475.55450441,13750.0,-8.502524291953058e-11,14340.0,ASK
590,1712178222.1510534,740497.32518655,13750.0,-1.851057537479142e-09,14340.0,ASK
591,1712178222.1540062,740507.32518655,13750.0,-8.502524291953056e-10,14340.0,ASK
592,1712178222.156953,740638.17954929,13750.0,-1.1125923979044498e-08,14340.0,ASK
593,1712178222.249726,740638.54454929,13740.0,-3.1034213664836805e-11,14340.0,ASK
594,1712178222.2561429,740661.97141329,13740.0,-1.9918748024459784e-09,14340.0,ASK
595,1712178222.269032,740666.49197986,13740.0,-3.8436227074734955e-10,14340.0,ASK
596,1712178227.9777236,740681.49197986,13740.0,-1.2753786437929587e-09,14340.0,ASK
597,1712178229.9079676,740947.49197986,13740.0,-2.2616714616595137e-08,14340.0,ASK
598,1712178240.5075269,740974.34839899,13740.0,-2.283473560476606e-09,14340.0,ASK
599,1712178240.5233526,740974.34839899,13740.0,-0.0,14340.0,ASK
600,1712178243.656024,740993.83271612,13740.0,-1.655535779305802e-09,14340.0,ASK
601,1712178243.7018275,741013.1164599,13740.0,-1.638493541941276e-09,14340.0,ASK
602,1712178243.8671415,741033.34960127,13740.0,-1.719161582219969e-09,14340.0,ASK
603,1712178244.367045,741054.86013823,13740.0,-1.827698827298448e-09,14340.0,ASK
604,1712178245.0872,741135.42939562,13740.0,-6.845776910263799e-09,14340.0,ASK
605,1712178255.507353,741158.4090129,13740.0,-1.952523064974416e-09,14340.0,ASK
606,1712178256.5068245,741169.87111992,13740.0,-9.73907792164845e-10,14340.0,ASK
607,1712178259.7965777,741668.44661849,13740.0,-4.236276647819618e-08,14340.0,ASK
608,1712178270.5120344,741668.44661849,13740.0,-0.0,14340.0,ASK
609,1712178282.5560532,741770.44661849,13750.0,-8.659678619411432e-09,14340.0,ASK
610,1712178282.5768542,741782.44661849,13750.0,-1.0187857199307562e-09,14340.0,ASK
611,1712178282.5818796,741797.47807297,13750.0,-1.276152597836159e-09,14340.0,ASK
612,1712178286.6160717,741817.48746892,13750.0,-1.698773904849171e-09,14340.0,ASK
613,1712178286.69579,741833.57716283,13750.0,-1.3659958661383047e-09,14340.0,ASK
614,1712178286.7449129,741849.73146642,13750.0,-1.3714811510724532e-09,14340.0,ASK
615,1712178286.8162813,741859.29632073,13750.0,-8.12044748688075e-10,14340.0,ASK
616,1712178286.8358743,741959.21032754,13750.0,-8.482580279919004e-09,14340.0,ASK
617,1712178294.1289284,741969.9507784,13740.0,-9.118514968155983e-10,14340.0,ASK
618,1712178295.7165194,741978.53470576,13740.0,-7.28765217942103e-10,14340.0,ASK
619,1712178297.788572,742056.53950488,13740.0,-6.622514619127935e-09,14340.0,ASK
620,1712178300.7502234,742056.53950488,13740.0,-0.0,14340.0,ASK
621,1712178302.410136,742081.3850972,13740.0,-2.110051320622665e-09,14340.0,ASK
622,1712178303.0553703,742142.8097062,13740.0,-5.216582308419337e-09,14340.0,ASK
623,1712178303.3560488,742160.2097062,13740.0,-1.4777225878091947e-09,14340.0,ASK
624,1712178305.0255346,742214.57208399,13740.0,-4.616811125693856e-09,14340.0,ASK
625,1712178306.305325,742236.26202089,13740.0,-1.8420522807649887e-09,14340.0,ASK
626,1712178306.3198416,742257.90069236,13740.0,-1.8376984828359447e-09,14340.0,ASK
627,1712178306.4590583,742275.0505322,13740.0,-1.4564773395899708e-09,14340.0,ASK
628,1712178306.5353675,742403.14369124,13740.0,-1.0878514623962451e-08,14340.0,ASK
629,1712178309.1655176,742413.86637203,13740.0,-9.106406669672651e-10,14340.0,ASK
630,1712178309.2060432,742419.77237769,13740.0,-5.015768946800916e-10,14340.0,ASK
631,1712178309.213544,742424.61890596,13740.0,-4.1159909753434916e-10,14340.0,ASK
632,1712178310.1683545,742436.89854213,13740.0,-1.0428675711774735e-09,14340.0,ASK
633,1712178310.405921,742447.64706018,13740.0,-9.128349372335847e-10,14340.0,ASK
634,1712178312.7360785,742458.4796442,13740.0,-9.199743730257851e-10,14340.0,ASK
635,1712178313.3454103,742458.73745527,13740.0,-2.1895013886786084e-11,14340.0,ASK
636,1712178313.3498693,742470.9763314,13740.0,-1.0394059601509011e-09,14340.0,ASK
637,1712178313.9923935,742477.9965407,13740.0,-5.96202405386119e-10,14340.0,ASK
638,1712178313.9970653,742480.26301524,13740.0,-1.9248394381851988e-10,14340.0,ASK
639,1712178314.070793,742486.37449106,13740.0,-5.19026773802106e-10,14340.0,ASK
640,1712178314.075157,742489.60645168,13740.0,-2.7447937993986195e-10,14340.0,ASK
641,1712178316.3473744,742490.18954928,13740.0,-4.9520488187287945e-11,14340.0,ASK
642,1712178316.3518903,742498.60645168,13740.0,-7.14818781368169e-10,14340.0,ASK
643,1712178318.6526852,742508.00542024,13740.0,-7.98222307083885e-10,14340.0,ASK
644,1712178325.1253333,742558.9886686,13730.0,-4.329833201226527e-09,14340.0,ASK
645,1712178325.1283324,742580.83863217,13730.0,-1.8556427994352862e-09,14340.0,ASK
646,1712178325.1308842,742657.00542024,13730.0,-6.468585239756313e-09,14340.0,ASK
647,1712178325.404907,742726.50442024,13730.0,-5.902312766088713e-09,14340.0,ASK
648,1712178330.758226,742726.50442024,13730.0,-0.0,14340.0,ASK
649,1712178334.6562276,742726.50505605,13730.0,-5.3955008393005474e-14,14340.0,ASK
650,1712178335.4206789,742726.97847192,13730.0,4.017419358802727e-11,14340.0,BID
651,1712178337.364812,742770.67839908,13730.0,3.7083871598040037e-09,14340.0,BID
652,1712178341.1782691,742821.69880724,13720.0,-4.329605077286474e-09,14340.0,ASK
653,1712178341.184712,742906.13612502,13720.0,-7.1653726999956355e-09,14340.0,ASK
654,1712178341.1910176,742916.13612502,13720.0,-8.48602595201574e-10,14340.0,ASK
655,1712178341.193786,742938.00201422,13720.0,-1.8555450321518062e-09,14340.0,ASK
656,1712178343.384621,742947.98370264,13710.0,-8.470486697752547e-10,14340.0,ASK
657,1712178343.3878188,742948.71309724,13710.0,-6.189661504111312e-11,14340.0,ASK
658,1712178360.5050085,742948.71309724,13710.0,-0.0,14340.0,ASK
659,1712178365.9440882,742963.30098929,13710.0,-1.2376120828337506e-09,14340.0,ASK
660,1712178383.5274277,742969.26555029,13710.0,-5.060232648472052e-10,14340.0,ASK
661,1712178383.5334127,742995.75359199,13710.0,-2.2472006473622203e-09,14340.0,ASK
662,1712178390.5563076,742995.75359199,13710.0,-0.0,14340.0,ASK
663,1712178416.5057836,743041.38040939,13710.0,-3.87069021787467e-09,14340.0,ASK
664,1712178418.123017,743051.78845646,13710.0,-8.82952795676487e-10,14340.0,ASK
665,1712178420.534874,743051.78845646,13710.0,-0.0,14340.0,ASK
666,1712178422.8329298,743076.93800131,13710.0,-2.1333890661657904e-09,14340.0,ASK
667,1712178430.6929142,743093.21334461,13710.0,-1.380607070677869e-09,14340.0,ASK
668,1712178433.0886664,743126.8850518,13710.0,-2.856308230903626e-09,14340.0,ASK
669,1712178433.122589,743140.83931875,13710.0,-1.1837144852861163e-09,14340.0,ASK
670,1712178435.4295654,743158.23931875,13710.0,-1.476009604656783e-09,14340.0,ASK
671,1712178435.4888222,743171.88819893,13710.0,-1.1578090941620983e-09,14340.0,ASK
672,1712178436.8624537,743194.15857037,13710.0,-1.8891541462538544e-09,14340.0,ASK
673,1712178445.3526351,743220.40448355,13710.0,-2.2263919503751984e-09,14340.0,ASK
674,1712178447.614673,743232.58901324,13710.0,-1.033590968423909e-09,14340.0,ASK
675,1712178450.492252,743232.58901324,13710.0,-0.0,14340.0,ASK
676,1712178452.035059,743242.85113106,13710.0,-8.703333437284107e-10,14340.0,ASK
677,1712178453.3022554,743275.12282993,13710.0,-2.736972628625088e-09,14340.0,ASK
678,1712178453.3822298,743301.09794163,13710.0,-2.2029571493835113e-09,14340.0,ASK
679,1712178453.3850813,743327.09991819,13710.0,-2.2052355663555126e-09,14340.0,ASK
680,1712178455.3378842,743356.09991819,13710.0,-2.459498849126853e-09,14340.0,ASK
681,1712178455.7055657,743363.32914769,13710.0,-6.13113159833257e-10,14340.0,ASK
682,1712178455.708259,743389.71532053,13710.0,-2.2378193700999142e-09,14340.0,ASK
683,1712178459.1586702,743399.31756627,13710.0,-8.14369391261683e-10,14340.0,ASK
684,1712178461.3543065,743408.91860195,13710.0,-8.142667657063346e-10,14340.0,ASK
685,1712178461.5933137,743417.24183167,13710.0,-7.05895652322798e-10,14340.0,ASK
686,1712178468.0424273,743427.46885441,13710.0,-8.673569192717916e-10,14340.0,ASK
687,1712178469.9521096,743436.46885441,13710.0,-7.63292746280747e-10,14340.0,ASK
688,1712178476.381945,743447.07191153,13710.0,-8.99248509788098e-10,14340.0,ASK
689,1712178477.8123288,743472.4836218,13710.0,-2.155174902185026e-09,14340.0,ASK
690,1712178477.8938246,743486.0072803,13710.0,-1.1469456040298243e-09,14340.0,ASK
691,1712178478.7718737,743501.74220164,13710.0,-1.334483480236904e-09,14340.0,ASK
692,1712178480.747194,743501.74220164,13710.0,-0.0,14340.0,ASK
693,1712178485.8118436,743513.90586986,13710.0,-1.0312816658677e-09,14340.0,ASK
694,1712178487.311966,743539.19098008,13710.0,-2.143767004979996e-09,14340.0,ASK
695,1712178487.3180528,743543.90586986,13710.0,-3.9974613732481876e-10,14340.0,ASK
696,1712178491.291717,743545.89676423,13710.0,-1.6879553316902958e-10,14340.0,ASK
697,1712178491.297793,743546.76117706,13710.0,-7.32881797808979e-11,14340.0,ASK
698,1712178491.3020153,743549.76117706,13710.0,-2.5435131423048155e-10,14340.0,ASK
699,1712178501.112544,743550.13387779,13700.0,-3.1598973495825205e-11,14340.0,ASK
700,1712178501.1174774,743631.59373179,13700.0,-6.906473640642337e-09,14340.0,ASK
701,1712178501.1222732,743858.57936389,13700.0,-1.9244697945359408e-08,14340.0,ASK
702,1712178501.1258285,744110.44649966,13700.0,-2.1354245664858665e-08,14340.0,ASK
703,1712178510.751362,744110.44649966,13700.0,-0.0,14340.0,ASK
704,1712178524.2509887,744124.32271133,13700.0,1.1756462897154703e-09,14340.0,BID
705,1712178526.6813092,744134.32271133,13700.0,8.47238653945911e-10,14340.0,BID
706,1712178533.581168,744140.24596309,13700.0,5.018407848090741e-10,14340.0,BID
707,1712178533.584488,744207.31541205,13700.0,5.682382965777601e-09,14340.0,BID
708,1712178536.1513665,744210.52003195,13700.0,2.715077850462427e-10,14340.0,BID
709,1712178536.165991,744218.5538938,13700.0,6.80659829981454e-10,14340.0,BID
710,1712178540.5180795,744218.5538938,13700.0,0.0,14340.0,BID
711,1712178549.9308245,744228.66796679,13700.0,8.56795846068107e-10,14340.0,BID
712,1712178554.9107325,744240.16638607,13690.0,-9.740682992019134e-10,14340.0,ASK
713,1712178566.4246795,744252.66340579,13690.0,-1.0586629733557815e-09,14340.0,ASK
714,1712178566.4295037,744272.27260958,13690.0,-1.661159096688427e-09,14340.0,ASK
715,1712178566.4397504,744458.72890175,13690.0,-1.5795315770621206e-08,14340.0,ASK
716,1712178566.5205407,744459.14448826,13690.0,3.520567785888834e-11,14340.0,BID
717,1712178570.3824773,744459.56448826,13680.0,-3.5579558862170907e-11,14340.0,ASK
718,1712178570.3853476,744460.43267701,13680.0,-7.354707795127822e-11,14340.0,ASK
719,1712178570.5182245,744460.43267701,13680.0,-0.0,14340.0,ASK
720,1712178575.1800847,744607.10161587,13700.0,1.24213159142453e-08,14340.0,BID
721,1712178591.589727,744607.46578192,13730.0,3.084103278625995e-11,14340.0,BID
722,1712178600.5262651,744607.46578192,13730.0,0.0,14340.0,BID
723,1712178602.810288,744710.09405477,13730.0,8.694737836843548e-09,14340.0,BID
724,1712178603.000149,744720.99371499,13730.0,-9.234267077875359e-10,14340.0,ASK
725,1712178606.59875,744741.57371499,13750.0,1.743551749570101e-09,14340.0,BID
726,1712178614.1894794,744742.30811499,13750.0,6.221887292544221e-11,14340.0,BID
727,1712178615.6398177,744742.70359799,13710.0,-3.350559166775563e-11,14340.0,ASK
728,1712178615.6463149,744750.82160819,13720.0,-6.877634055951581e-10,14340.0,ASK
729,1712178615.6513224,744764.12629681,13710.0,-1.1271823673886248e-09,14340.0,ASK
730,1712178630.514563,744764.12629681,13710.0,-0.0,14340.0,ASK
731,1712178651.682064,744825.14609103,13710.0,-5.1686969977356196e-09,14340.0,ASK
732,1712178660.4990034,744825.14609103,13710.0,-0.0,14340.0,ASK
733,1712178662.3476164,744826.43020462,13710.0,-1.0876345692862923e-10,14340.0,ASK
734,1712178662.3518822,745370.0098618,13710.0,-4.60407888291994e-08,14340.0,ASK
735,1712178662.354879,746122.81500441,13710.0,-6.37620303531049e-08,14340.0,ASK
736,1712178662.3577845,746282.18040799,13700.0,-1.3498130027477937e-08,14340.0,ASK
737,1712178690.5302951,746282.18040799,13700.0,-0.0,14340.0,ASK
738,1712178720.7629611,746282.18040799,13700.0,-0.0,14340.0,ASK
739,1712178728.358177,746311.37748829,13720.0,-2.468794043636841e-09,14340.0,ASK
740,1712178750.7675824,746311.37748829,13720.0,-0.0,14340.0,ASK
741,1712178780.5125384,746311.37748829,13720.0,-0.0,14340.0,ASK
742,1712178786.857833,746354.98213946,13760.0,3.686918546835915e-09,14340.0,BID
743,1712178786.8634157,746489.33053964,13770.0,1.1359604883187073e-08,14340.0,BID
744,1712178786.8685284,746592.35583205,13780.0,8.711131752843285e-09,14340.0,BID
745,1712178810.5271275,746592.35583205,13780.0,0.0,14340.0,BID
746,1712178835.9268527,746599.61272609,13770.0,6.133938727316167e-10,14340.0,BID
747,1712178840.7452807,746599.61272609,13770.0,0.0,14340.0,BID
748,1712178870.7515392,746599.61272609,13770.0,0.0,14340.0,BID
749,1712178900.5305555,746599.61272609,13770.0,0.0,14340.0,BID
750,1712178930.525694,746599.61272609,13770.0,0.0,14340.0,BID
751,1712178936.8557496,746601.97004976,13750.0,1.9961601440621435e-10,14340.0,BID
752,1712178936.8756402,746606.88545337,13750.0,-4.1623188633578527e-10,14340.0,ASK
753,1712178950.246368,746611.61089005,13740.0,-4.001456602661274e-10,14340.0,ASK
754,1712178950.2523692,746614.13679388,13730.0,-2.1389122832849432e-10,14340.0,ASK
755,1712178950.2574203,746644.11457772,13740.0,-2.538491343879964e-09,14340.0,ASK
756,1712178950.2623043,746648.90685177,13720.0,-4.058053876901389e-10,14340.0,ASK
757,1712178950.2651756,746887.86379713,13710.0,-2.023465579020374e-08,14340.0,ASK
758,1712178960.7379148,746887.86379713,13710.0,-0.0,14340.0,ASK
759,1712178962.2057528,746890.86379713,13720.0,2.539522441504157e-10,14340.0,BID
760,1712178968.615492,746903.94816403,13720.0,1.1076014458501352e-09,14340.0,BID
761,1712178980.0652456,746906.94816403,13720.0,2.539522441504157e-10,14340.0,BID
762,1712178990.746432,746906.94816403,13720.0,0.0,14340.0,BID
763,1712179005.8051968,746942.51004169,13710.0,-3.010272824066727e-09,14340.0,ASK
764,1712179008.2913585,746962.51004169,13720.0,1.692977436595665e-09,14340.0,BID
765,1712179020.5151565,746962.51004169,13720.0,0.0,14340.0,BID
766,1712179023.8852303,746969.78045895,13720.0,6.153929268762358e-10,14340.0,BID
767,1712179024.2286685,746980.70544074,13720.0,9.247277397418407e-10,14340.0,BID
768,1712179030.0353198,746984.44097402,13720.0,3.16188284172983e-10,14340.0,BID
769,1712179030.0420125,747248.98667462,13720.0,2.239205084971478e-08,14340.0,BID
770,1712179030.1376948,747322.23384327,13720.0,6.199890307383144e-09,14340.0,BID
771,1712179030.1425512,747329.52247301,13720.0,6.16934493333161e-10,14340.0,BID
772,1712179050.531215,747329.52247301,13720.0,0.0,14340.0,BID
773,1712179071.4050827,747350.12807301,13740.0,1.743385243954997e-09,14340.0,BID
774,1712179080.757702,747350.12807301,13740.0,0.0,14340.0,BID
775,1712179082.2849953,747353.12807301,13720.0,-2.538159748379446e-10,14340.0,ASK
776,1712179082.293723,747384.29486979,13720.0,-2.636876969093762e-09,14340.0,ASK
777,1712179084.794828,747414.90046979,13740.0,2.5893967331675673e-09,14340.0,BID
778,1712179084.800278,747634.29486979,13740.0,1.856193450332781e-08,14340.0,BID
779,1712179108.8250778,747665.35064262,13710.0,-2.6274837517335833e-09,14340.0,ASK
780,1712179108.8310838,747776.6610361,13720.0,-9.417452010240628e-09,14340.0,ASK
781,1712179110.7353144,747776.6610361,13720.0,-0.0,14340.0,ASK
782,1712179131.3544953,747934.59407878,13740.0,1.3355358683977506e-08,14340.0,BID
783,1712179136.3548355,747952.63480661,13740.0,1.5255856975832702e-09,14340.0,BID
784,1712179140.4647708,748011.65509862,13740.0,-4.990957915147365e-09,14340.0,ASK
785,1712179140.4679818,748329.19904403,13740.0,-2.6852602956993012e-08,14340.0,ASK
786,1712179140.516815,748329.19904403,13740.0,-0.0,14340.0,ASK
787,1712179170.5184162,748329.19904403,13740.0,-0.0,14340.0,ASK
788,1712179200.5344822,748329.19904403,13740.0,-0.0,14340.0,ASK
789,1712179203.8842008,748329.92737614,13730.0,-6.170140935874055e-11,14340.0,ASK
790,1712179203.8903818,748431.77783134,13730.0,-8.628366844653108e-09,14340.0,ASK
791,1712179204.6638083,748453.61189247,13740.0,1.8496951120046239e-09,14340.0,BID
792,1712179214.78358,748454.61189247,13730.0,8.471603615039426e-11,14340.0,BID
793,1712179230.4901724,748454.61189247,13730.0,0.0,14340.0,BID
794,1712179260.7641308,748454.61189247,13730.0,0.0,14340.0,BID
795,1712179290.7563274,748454.61189247,13730.0,0.0,14340.0,BID
796,1712179296.1871493,748460.68132547,13730.0,-5.141033015683111e-10,14340.0,ASK
797,1712179296.3839445,748467.9699552,13720.0,-6.173737494325058e-10,14340.0,ASK
798,1712179296.39017,748896.02534447,13710.0,-3.6257866077452934e-08,14340.0,ASK
799,1712179296.395387,748897.23923266,13730.0,-1.0282079499255052e-10,14340.0,ASK
800,1712179296.400007,748900.23923266,13720.0,-2.541110355317382e-10,14340.0,ASK
801,1712179296.4030068,749046.01182741,13720.0,-1.2347475001350834e-08,14340.0,ASK
1002,1712179296.4059894,749342.53655179,13700.0,-2.511673492432141e-08,14340.0,ASK
802,1712179296.4059894,749342.53655179,13700.0,-2.5116734924321412e-08,14340.0,ASK
803,1712179296.7430904,749349.81987298,13730.0,6.16924096570722e-10,14340.0,BID
804,1712179298.6934874,749353.46153357,13730.0,3.0846204785641616e-10,14340.0,BID
805,1712179320.5219994,749353.46153357,13730.0,0.0,14340.0,BID
806,1712179334.9829836,749364.37062452,13750.0,9.230766855438532e-10,14340.0,BID
807,1712179346.3830502,749500.44077126,13750.0,1.151362479508408e-08,14340.0,BID
1007,1712179346.3830502,749500.44077126,13750.0,1.1513624795084081e-08,14340.0,BID
808,1712179350.5139096,749500.44077126,13750.0,0.0,14340.0,BID
809,1712179354.052796,749798.71211253,13750.0,2.5234022536988564e-08,14340.0,BID
810,1712179380.544804,749798.71211253,13750.0,0.0,14340.0,BID
811,1712179395.402783,749805.97427665,13770.0,6.14172488847603e-10,14340.0,BID
812,1712179408.2524638,749813.23644077,13770.0,6.14172488847603e-10,14340.0,BID
813,1712179410.5212102,749813.23644077,13770.0,0.0,14340.0,BID
814,1712179429.7326994,749820.49860489,13790.0,6.141621007192306e-10,14340.0,BID
815,1712179440.7519412,749820.49860489,13790.0,0.0,14340.0,BID
816,1712179451.1325765,750060.49860489,13780.0,2.029665721995985e-08,14340.0,BID
817,1712179451.1434083,750092.9446025,13780.0,2.743938715206658e-09,14340.0,BID
818,1712179451.452301,750105.77607679,13760.0,-1.0851501470449487e-09,14340.0,ASK
819,1712179453.962522,750106.1757861,13760.0,-3.380317855572392e-11,14340.0,ASK
820,1712179455.492275,750106.57549541,13760.0,-3.380317855572392e-11,14340.0,ASK
821,1712179456.032297,750121.09982365,13770.0,1.228313798486096e-09,14340.0,BID
822,1712179456.9124706,750121.49953296,13760.0,-3.380317855572392e-11,14340.0,ASK
823,1712179458.3222563,750121.89924227,13760.0,-3.380317855572392e-11,14340.0,ASK
1024,1712179458.702236,750377.4762236,13760.0,-2.1613993264024572e-08,14340.0,ASK
824,1712179458.702236,750377.4762236,13760.0,-2.161399326402457e-08,14340.0,ASK
825,1712179459.46498,750390.59605278,13760.0,1.1095361485511416e-09,14340.0,BID
826,1712179459.5821404,750580.20546086,13760.0,-1.6035154839496502e-08,14340.0,ASK
827,1712179460.1622586,751079.47871939,13760.0,4.2223242447811865e-08,14340.0,BID
828,1712179461.772598,751130.90633081,13760.0,-4.349202502641651e-09,14340.0,ASK
829,1712179462.9988785,751396.87154642,13760.0,-2.2492520056952928e-08,14340.0,ASK
830,1712179470.7632864,751396.87154642,13760.0,-0.0,14340.0,ASK
831,1712179493.0024586,751397.27212909,13730.0,-3.3814992348979995e-11,14340.0,ASK
832,1712179500.5056722,751397.27212909,13730.0,-0.0,14340.0,ASK
833,1712179511.8919785,751752.60153542,13760.0,3.018259993742717e-08,14340.0,BID
834,1712179530.5217888,751752.60153542,13760.0,0.0,14340.0,BID
835,1712179557.7620113,752049.60153542,13760.0,-2.5217475978590722e-08,14340.0,ASK
1035,1712179557.7620113,752049.60153542,13760.0,-2.521747597859072e-08,14340.0,ASK
836,1712179557.76919,752087.96123095,13760.0,-3.2570191938440133e-09,14340.0,ASK
1036,1712179557.76919,752087.96123095,13760.0,-3.257019193844013e-09,14340.0,ASK
837,1712179560.7518637,752087.96123095,13760.0,-0.0,14340.0,ASK
838,1712179590.7308574,752087.96123095,13760.0,-0.0,14340.0,ASK
839,1712179620.495279,752087.96123095,13760.0,-0.0,14340.0,ASK
840,1712179650.5208344,752087.96123095,13760.0,-0.0,14340.0,ASK
841,1712179680.722164,752087.96123095,13760.0,-0.0,14340.0,ASK
842,1712179710.7219374,752087.96123095,13760.0,-0.0,14340.0,ASK
843,1712179713.031158,752187.96123095,13790.0,8.487407209738013e-09,14340.0,BID
844,1712179715.4610963,752309.81605498,13790.0,1.0342315120142015e-08,14340.0,BID
845,1712179717.5222344,752346.11548395,13780.0,-3.0808803514910397e-09,14340.0,ASK
846,1712179720.8810427,752346.55007407,13790.0,3.688543317641022e-11,14340.0,BID
847,1712179740.503085,752346.55007407,13790.0,0.0,14340.0,BID
848,1712179748.4412498,752361.0533373,13790.0,1.2305786051130202e-09,14340.0,BID
849,1712179758.7785597,752362.0533373,13790.0,8.484839484745219e-11,14340.0,BID
850,1712179770.546389,752362.0533373,13790.0,0.0,14340.0,BID
851,1712179778.7008054,752365.21267077,13770.0,-2.680595111917306e-10,14340.0,ASK
852,1712179792.9244366,752491.9297298,13790.0,1.0751544028287042e-08,14340.0,BID
853,1712179796.2346983,752646.69542893,13770.0,-1.31313829487751e-08,14340.0,ASK
854,1712179796.2434227,752647.16717752,13770.0,-4.0026384565220406e-11,14340.0,ASK
855,1712179800.615786,752647.16717752,13770.0,-0.0,14340.0,ASK
856,1712179807.2104714,752647.89234068,13790.0,6.160085290170921e-11,14340.0,BID
857,1712179814.180982,752743.38451914,13770.0,-8.111829120649654e-09,14340.0,ASK
858,1712179814.188712,752744.38451914,13770.0,-8.494757635095182e-11,14340.0,ASK
859,1712179814.2805145,752826.3582574,13770.0,6.963470389613027e-09,14340.0,BID
860,1712179830.5339022,752826.3582574,13770.0,0.0,14340.0,BID
861,1712179860.757274,752826.3582574,13770.0,0.0,14340.0,BID
862,1712179877.310728,752827.82934528,13790.0,1.2493916199469956e-10,14340.0,BID
863,1712179877.3178988,753153.0588254,13790.0,2.7621666424903292e-08,14340.0,BID
1063,1712179877.3178988,753153.0588254,13790.0,2.762166642490329e-08,14340.0,BID
864,1712179877.3503008,753243.51191111,13790.0,7.682160177068267e-09,14340.0,BID
865,1712179877.4703314,753252.3029945,13800.0,7.46624730398839e-10,14340.0,BID
866,1712179878.3802,753337.2878877,13800.0,7.2177478199698675e-09,14340.0,BID
1066,1712179878.3802,753337.2878877,13800.0,7.217747819969867e-09,14340.0,BID
867,1712179878.4628408,753526.3477027,13800.0,1.6056807465162904e-08,14340.0,BID
868,1712179878.4686058,753587.18916032,13800.0,5.167251279205302e-09,14340.0,BID
869,1712179878.540181,753685.91909726,13800.0,8.385111286044981e-09,14340.0,BID
870,1712179878.8602047,753746.76055488,13800.0,5.167251279205302e-09,14340.0,BID
871,1712179890.714676,753746.76055488,13800.0,0.0,14340.0,BID
872,1712179908.6502624,753754.00168449,13810.0,6.143250260092236e-10,14340.0,BID
873,1712179911.8858297,753757.45922149,13810.0,2.9333151342750907e-10,14340.0,BID
874,1712179911.900422,753790.46048204,13810.0,2.799770386342129e-09,14340.0,BID
875,1712179920.5098147,753790.46048204,13810.0,0.0,14340.0,BID
876,1712179941.8951268,754033.73190604,13810.0,2.0637674045101352e-08,14340.0,BID
877,1712179944.9600365,754233.32795104,13810.0,1.6932519445444842e-08,14340.0,BID
878,1712179950.535723,754233.32795104,13810.0,0.0,14340.0,BID
879,1712179973.4733095,754234.32795104,13800.0,-8.478994991551867e-11,14340.0,ASK
880,1712179977.8497355,754237.94851584,13800.0,3.0698750805692675e-10,14340.0,BID
881,1712179980.5205345,754237.94851584,13800.0,0.0,14340.0,BID
882,1712180010.5256565,754237.94851584,13800.0,0.0,14340.0,BID
883,1712180040.7693994,754237.94851584,13800.0,0.0,14340.0,BID
884,1712180042.3499932,754266.62235096,13800.0,-2.4312398991458367e-09,14340.0,ASK
885,1712180070.7339206,754266.62235096,13800.0,-0.0,14340.0,ASK
886,1712180077.406098,754266.6223513,13810.0,2.882175714389248e-17,14340.0,BID
887,1712180077.4120438,754297.49955866,13830.0,2.617974874988916e-09,14340.0,BID
888,1712180088.2594178,754321.00805468,13830.0,1.9932065491402542e-09,14340.0,BID
889,1712180100.4864457,754321.00805468,13830.0,0.0,14340.0,BID
890,1712180130.5042405,754321.00805468,13830.0,0.0,14340.0,BID
891,1712180134.3100402,754322.00805468,13830.0,8.487602513045968e-11,14340.0,BID
892,1712180153.3002894,754394.40134824,13830.0,6.144455003476739e-09,14340.0,BID
893,1712180153.3076608,754474.36404505,13830.0,6.786915863946596e-09,14340.0,BID
894,1712180153.311127,754490.10633391,13840.0,1.3361429048945855e-09,14340.0,BID
895,1712180153.3174808,754490.47709791,13830.0,3.1468974580795004e-11,14340.0,BID
896,1712180153.3207538,754730.47709791,13840.0,2.037024603131032e-08,14340.0,BID
897,1712180153.3242114,754802.78367781,13830.0,6.137095092687798e-09,14340.0,BID
898,1712180153.327518,755007.05866521,13840.0,1.7338048964090447e-08,14340.0,BID
899,1712180160.5674667,755007.05866521,13840.0,0.0,14340.0,BID
900,1712180182.9889617,755007.781731,13830.0,6.132154333876685e-11,14340.0,BID
901,1712180190.5256832,755007.781731,13830.0,0.0,14340.0,BID
902,1712180220.7366047,755007.781731,13830.0,0.0,14340.0,BID
903,1712180224.0597365,755019.94158136,13840.0,1.0312480119375008e-09,14340.0,BID
904,1712180224.0631738,755075.986145,13840.0,4.753006256088764e-09,14340.0,BID
905,1712180250.7573545,755075.986145,13840.0,0.0,14340.0,BID
906,1712180280.520301,755075.986145,13840.0,0.0,14340.0,BID
907,1712180310.4924216,755075.986145,13840.0,0.0,14340.0,BID
908,1712180313.621118,755079.60608622,13840.0,3.069740377950413e-10,14340.0,BID
909,1712180313.6288922,755079.60608719,13840.0,8.225447457458224e-17,14340.0,BID
910,1712180340.7376907,755079.60608719,13840.0,0.0,14340.0,BID
911,1712180358.622133,755368.68786589,13830.0,2.4514272042470786e-08,14340.0,BID
912,1712180370.7570257,755368.68786589,13830.0,0.0,14340.0,BID
913,1712180374.9826,755369.48269968,13840.0,6.737943884114742e-11,14340.0,BID
914,1712180375.20285,755370.20524303,13840.0,6.12512528633386e-11,14340.0,BID
915,1712180391.9830906,755371.20524303,13840.0,8.477173427329134e-11,14340.0,BID
916,1712180400.5575635,755371.20524303,13840.0,0.0,14340.0,BID
917,1712180410.553799,755482.59767009,13840.0,9.452667236405724e-09,14340.0,BID
918,1712180410.5618043,755503.54153629,13840.0,1.777278788664975e-09,14340.0,BID
919,1712180410.7333534,755512.38233029,13840.0,-7.502223085890531e-10,14340.0,ASK
920,1712180426.973775,755513.38233029,13850.0,8.485915502415206e-11,14340.0,BID
921,1712180430.5462172,755513.38233029,13850.0,0.0,14340.0,BID
922,1712180440.7905746,755527.8227635,13850.0,1.2251983757423495e-09,14340.0,BID
923,1712180460.7381344,755527.8227635,13850.0,0.0,14340.0,BID
924,1712180465.8951886,755672.22709563,13850.0,1.2251775859617844e-08,14340.0,BID
925,1712180465.9019153,755675.20593317,13850.0,2.527351452983947e-10,14340.0,BID
926,1712180490.759176,755675.20593317,13850.0,0.0,14340.0,BID
927,1712180520.5258205,755675.20593317,13850.0,0.0,14340.0,BID
928,1712180549.5259857,755707.68067053,13840.0,2.754794836423558e-09,14340.0,BID
929,1712180550.517072,755707.68067053,13840.0,0.0,14340.0,BID
930,1712180565.177089,755726.63462024,13840.0,1.6077805818457955e-09,14340.0,BID
931,1712180567.709678,755819.6102653,13840.0,7.886716963971866e-09,14340.0,BID
932,1712180567.7175524,755822.05129224,13840.0,2.0706162957896207e-10,14340.0,BID
933,1712180568.3470285,755822.05129247,13840.0,1.9503129217635025e-17,14340.0,BID
934,1712180580.747697,755822.05129247,13840.0,0.0,14340.0,BID
935,1712180585.6294658,755822.77331413,13850.0,6.123771436830259e-11,14340.0,BID
936,1712180610.74821,755822.77331413,13850.0,0.0,14340.0,BID
937,1712180622.8577547,755834.20546384,13850.0,9.696082036166363e-10,14340.0,BID
938,1712180622.865479,755842.77331413,13850.0,7.26675047060235e-10,14340.0,BID
939,1712180640.5353675,755842.77331413,13850.0,0.0,14340.0,BID
940,1712180644.3817902,755843.2733139,13840.0,-4.2406065488677945e-11,14340.0,ASK
941,1712180663.9480035,755915.52764916,13840.0,6.128046965105598e-09,14340.0,BID
942,1712180668.3583088,755987.28198466,13840.0,6.085640900456162e-09,14340.0,BID
943,1712180668.3660538,755991.02566673,13850.0,3.1750980014072737e-10,14340.0,BID
944,1712180670.4864783,755991.02566673,13850.0,0.0,14340.0,BID
945,1712180692.574355,755998.24588333,13850.0,6.12255691826293e-10,14340.0,BID
946,1712180700.520335,755998.24588333,13850.0,0.0,14340.0,BID
947,1712180730.5165043,755998.24588333,13850.0,0.0,14340.0,BID
948,1712180748.4395432,756012.90489192,13830.0,-1.243658363458489e-09,14340.0,ASK
949,1712180748.44884,756016.91760868,13840.0,-3.4043562550779167e-10,14340.0,ASK
950,1712180749.2239258,756061.04417907,13850.0,3.7436623342757e-09,14340.0,BID
951,1712180759.459216,756151.8086556,13850.0,7.700384350552345e-09,14340.0,BID
952,1712180760.7347364,756151.8086556,13850.0,0.0,14340.0,BID
953,1712180790.75135,756151.8086556,13850.0,0.0,14340.0,BID
954,1712180804.4999988,756210.14987517,13850.0,4.948728799433896e-09,14340.0,BID
1155,1712180804.5070949,756210.6686556,13850.0,4.400497065098384e-11,14340.0,BID
955,1712180804.5070949,756210.6686556,13850.0,4.4004970650983836e-11,14340.0,BID
956,1712180820.5485554,756210.6686556,13850.0,0.0,14340.0,BID
957,1712180845.350288,756354.5542073,13850.0,1.2204087338735498e-08,14340.0,BID
958,1712180845.353957,756456.0134276,13850.0,8.605569991104322e-09,14340.0,BID
959,1712180845.430221,756492.5733157,13850.0,3.100937253224754e-09,14340.0,BID
960,1712180850.550916,756492.5733157,13850.0,0.0,14340.0,BID
961,1712180861.848307,756499.8673238,13840.0,-6.184585017751603e-10,14340.0,ASK
962,1712180880.7543306,756499.8673238,13840.0,-0.0,14340.0,ASK
963,1712180903.0709722,756500.60286774,13840.0,-6.236619197324548e-11,14340.0,ASK
964,1712180905.1641011,756520.03779226,13860.0,1.647871959389979e-09,14340.0,BID
965,1712180905.1718943,756748.15334774,13860.0,1.9341738476520203e-08,14340.0,BID
966,1712180910.761,756748.15334774,13860.0,0.0,14340.0,BID
967,1712180913.7508512,756995.70382774,13860.0,2.0983487891685447e-08,14340.0,BID
968,1712180914.3110588,757065.00647499,13860.0,5.874402907365414e-09,14340.0,BID
969,1712180914.3235855,757182.76142901,13860.0,9.981437530890051e-09,14340.0,BID
970,1712180914.4975429,757193.28152083,13860.0,-8.91730120358482e-10,14340.0,ASK
971,1712180923.9312046,757212.58824138,13850.0,-1.6365241420258802e-09,14340.0,ASK
1171,1712180923.9312046,757212.58824138,13850.0,-1.63652414202588e-09,14340.0,ASK
972,1712180929.6515193,757233.36502897,13860.0,-1.761133611295501e-09,14340.0,ASK
973,1712180929.9711275,757244.05247395,13860.0,-9.059157240627935e-10,14340.0,ASK
974,1712180930.551092,757265.36063172,13860.0,-1.8061749286950287e-09,14340.0,ASK
975,1712180932.3609953,757276.01400544,13860.0,-9.030276913997624e-10,14340.0,ASK
976,1712180940.5175335,757276.01400544,13860.0,-0.0,14340.0,ASK
977,1712180955.301279,757281.60181386,13870.0,4.733541365294507e-10,14340.0,BID
978,1712180970.4819608,757281.60181386,13870.0,0.0,14340.0,BID
979,1712181000.6497436,757281.60181386,13870.0,0.0,14340.0,BID
980,1712181016.8921404,757281.98068192,13870.0,3.20946358535657e-11,14340.0,BID
981,1712181018.371891,757349.48250513,13860.0,-5.7182081689412785e-09,14340.0,ASK
982,1712181030.4817843,757349.48250513,13860.0,-0.0,14340.0,ASK
983,1712181036.2218337,757355.94474868,13860.0,-5.473853481590352e-10,14340.0,ASK
984,1712181043.372193,757362.37018559,13860.0,-5.44267635976653e-10,14340.0,ASK
985,1712181043.3795216,757376.19529564,13860.0,-1.171058103819887e-09,14340.0,ASK
986,1712181050.7020712,757382.01131484,13860.0,-4.926468137691257e-10,14340.0,ASK
987,1712181058.439376,757526.31145915,13860.0,-1.2222966237883377e-08,14340.0,ASK
988,1712181058.612906,757592.44516699,13870.0,5.601866040949833e-09,14340.0,BID
989,1712181058.619911,757715.10480576,13870.0,1.0389903839700694e-08,14340.0,BID
990,1712181058.6261702,757773.86193915,13870.0,4.9770321512542606e-09,14340.0,BID
991,1712181060.7544465,757773.86193915,13870.0,0.0,14340.0,BID
992,1712181074.1523068,757792.08743141,13860.0,-1.5430240654057047e-09,14340.0,ASK
993,1712181089.6824722,757832.80702412,13860.0,-3.447441121968886e-09,14340.0,ASK
994,1712181090.7249565,757832.80702412,13860.0,-0.0,14340.0,ASK
995,1712181094.9929378,757841.62910012,13860.0,-7.46851381921925e-10,14340.0,ASK
996,1712181108.6431303,757846.8635174,13870.0,4.4313059409920317e-10,14340.0,BID
997,1712181108.652757,757912.06918605,13870.0,5.520122898528849e-09,14340.0,BID
998,1712181120.534572,757912.06918605,13870.0,0.0,14340.0,BID
999,1712181137.701316,757914.16045728,13870.0,1.7702448624191168e-10,14340.0,BID
1000,1712181140.5826547,757968.19119807,13870.0,4.573660265732964e-09,14340.0,BID
1201,1712181140.5959554,757978.15328352,13870.0,8.432828001367281e-10,14340.0,BID
1202,1712181146.6827464,758097.95534973,13870.0,1.0141151906602953e-08,14340.0,BID
1203,1712181146.6848755,758102.66632528,13870.0,3.9878042334513365e-10,14340.0,BID
1204,1712181150.5822048,758102.66632528,13870.0,0.0,14340.0,BID
1205,1712181164.5525866,758131.50554662,13870.0,-2.4406715329534914e-09,14340.0,ASK
1206,1712181169.222812,758189.36508158,13870.0,4.896668957245472e-09,14340.0,BID
1207,1712181169.342949,758213.8784196,13870.0,2.074570792934067e-09,14340.0,BID
1208,1712181180.7497776,758213.8784196,13870.0,0.0,14340.0,BID
1209,1712181181.836385,758213.87842037,13870.0,6.516420580390232e-17,14340.0,BID
1210,1712181181.8376162,758370.72022837,13870.0,1.3271834427100485e-08,14340.0,BID
1211,1712181183.923944,758466.10174076,13880.0,8.071110987488245e-09,14340.0,BID
1212,1712181183.9327493,758631.78832037,13880.0,1.4020272269345452e-08,14340.0,BID
1213,1712181184.0028784,758631.78832073,13880.0,3.045921758815812e-17,14340.0,BID
1214,1712181191.2432415,758647.0587311,13890.0,1.2921705038340635e-09,14340.0,BID
1215,1712181191.2455735,758756.89582573,13890.0,9.29433135508824e-09,14340.0,BID
1216,1712181191.3028543,758756.89582655,13890.0,6.938042350368616e-17,14340.0,BID
1217,1712181195.683374,758757.26403979,13900.0,3.1157924141666625e-11,14340.0,BID
1218,1712181195.686123,758774.58797055,13900.0,1.4659378363815051e-09,14340.0,BID
1219,1712181200.989943,758774.58797131,13900.0,6.430717089763783e-17,14340.0,BID
1220,1712181204.2619765,758776.44714729,13900.0,-1.5732205648296683e-10,14340.0,ASK
1221,1712181204.26842,758910.79554747,13900.0,-1.1368459376180891e-08,14340.0,ASK
1222,1712181204.2696486,758920.82162252,13900.0,-8.483988402971701e-10,14340.0,ASK
1223,1712181204.3930562,759044.73626152,13900.0,1.0485562445833985e-08,14340.0,BID
1224,1712181204.4131782,759044.73626188,13900.0,3.0469068564092195e-17,14340.0,BID
1225,1712181204.693086,759111.41452751,13900.0,-5.642264091513887e-09,14340.0,ASK
1226,1712181205.4232335,759189.55885351,13900.0,6.612513393683249e-09,14340.0,BID
1227,1712181205.426146,759189.5588542,13900.0,5.838673436125911e-17,14340.0,BID
1228,1712181210.7553258,759189.5588542,13900.0,0.0,14340.0,BID
1229,1712181232.2242403,759213.32281957,13910.0,2.008585505764289e-09,14340.0,BID
1230,1712181232.2308936,759213.6955203,13910.0,3.150153068263093e-11,14340.0,BID
1231,1712181232.2385995,759326.2209846,13910.0,9.51091339779828e-09,14340.0,BID
1232,1712181232.2408378,759358.6769725,13910.0,2.743255422914892e-09,14340.0,BID
1233,1712181240.520562,759358.6769725,13910.0,0.0,14340.0,BID
1234,1712181270.5328548,759358.6769725,13910.0,0.0,14340.0,BID
1235,1712181275.2336674,759405.61183039,13910.0,3.966254495126696e-09,14340.0,BID
1236,1712181275.2364905,759410.97527996,13910.0,4.5324108611129436e-10,14340.0,BID
1237,1712181285.553557,759481.45131501,13910.0,-5.955613873840235e-09,14340.0,ASK
1238,1712181285.5566132,759482.17022227,13910.0,-6.075163065776739e-11,14340.0,ASK
1239,1712181290.933831,759569.38042527,13910.0,7.369743410773697e-09,14340.0,BID
1240,1712181294.623611,759569.38042534,13910.0,5.922317743833421e-18,14340.0,BID
1241,1712181295.7906168,759582.21099953,13910.0,-1.0842543227801427e-09,14340.0,ASK
1242,1712181298.7234476,759619.03256571,13910.0,-3.1116255368568157e-09,14340.0,ASK
1243,1712181300.5901432,759619.03256571,13910.0,-0.0,14340.0,ASK
1244,1712181307.013655,759626.21647375,13920.0,6.07323824479539e-10,14340.0,BID
1245,1712181317.8738463,759647.43351397,13920.0,1.7936774717798183e-09,14340.0,BID
1246,1712181320.7241628,759648.15190478,13920.0,6.073238295184853e-11,14340.0,BID
1247,1712181320.732837,759649.98977894,13920.0,1.5537291924917894e-10,14340.0,BID
1248,1712181326.7638502,759654.50263813,13920.0,3.815147531638114e-10,14340.0,BID
1249,1712181330.5208433,759654.50263813,13920.0,0.0,14340.0,BID
1250,1712181334.7943404,759687.32017315,13930.0,2.774261428685504e-09,14340.0,BID
1251,1712181334.7976117,759961.15279603,13920.0,2.314870032460887e-08,14340.0,BID
1252,1712181334.8038633,759962.35279603,13930.0,1.0144313740377787e-10,14340.0,BID
1253,1712181334.8104813,760014.50263813,13920.0,4.408536331616166e-09,14340.0,BID
1254,1712181360.7576046,760014.50263813,13920.0,0.0,14340.0,BID
1255,1712181390.7826493,760014.50263813,13920.0,0.0,14340.0,BID
1256,1712181420.5360732,760014.50263813,13920.0,0.0,14340.0,BID
1257,1712181450.4939709,760014.50263813,13920.0,0.0,14340.0,BID
1258,1712181454.334216,760016.65626339,13930.0,1.8198165515247576e-10,14340.0,BID
1259,1712181480.7591813,760016.65626339,13930.0,0.0,14340.0,BID
1260,1712181498.1187108,760025.30914005,13920.0,-7.31167512703961e-10,14340.0,ASK
1261,1712181510.74459,760025.30914005,13920.0,-0.0,14340.0,ASK
1262,1712181522.0645282,760038.06638757,13920.0,-1.0779756108698612e-09,14340.0,ASK
1263,1712181525.0346289,760051.00403637,13920.0,-1.0932193520953886e-09,14340.0,ASK
1264,1712181525.037735,760075.37503711,13920.0,-2.059327011484478e-09,14340.0,ASK
1265,1712181534.7577825,760157.88825332,13920.0,-6.972290418386481e-09,14340.0,ASK
1266,1712181534.7595782,760166.74119811,13920.0,-7.48065642926026e-10,14340.0,ASK
1267,1712181538.4244184,760175.36957068,13920.0,-7.290894981278e-10,14340.0,ASK
1268,1712181540.5422246,760175.36957068,13920.0,-0.0,14340.0,ASK
1269,1712181545.835071,760176.25349026,13930.0,7.467720568985686e-11,14340.0,BID
1270,1712181545.8382552,760322.27482215,13930.0,1.2336489973843108e-08,14340.0,BID
1271,1712181545.844643,760322.88795815,13930.0,5.1800281634867575e-11,14340.0,BID
1272,1712181545.8471289,760360.19660768,13930.0,3.151990020268638e-09,14340.0,BID
1273,1712181570.5623276,760360.19660768,13930.0,0.0,14340.0,BID
1274,1712181571.8956137,760360.19660788,13930.0,1.689328665213575e-17,14340.0,BID
1275,1712181572.8203468,760369.23819545,13930.0,-7.63704837835017e-10,14340.0,ASK
1276,1712181572.874536,760467.82412916,13930.0,-8.327138783212904e-09,14340.0,ASK
1277,1712181600.701113,760467.82412916,13930.0,-0.0,14340.0,ASK
1278,1712181601.1248147,760468.22412916,13940.0,3.3822905511424824e-11,14340.0,BID
1279,1712181604.7853916,760494.22853513,13940.0,2.198861414880988e-09,14340.0,BID
1280,1712181604.79036,760568.84583419,13940.0,6.3094346386919985e-09,14340.0,BID
1281,1712181605.31248,760590.15915344,13940.0,-1.8021959577148942e-09,14340.0,ASK
1282,1712181605.3851137,760611.45372819,13940.0,-1.8006109740836931e-09,14340.0,ASK
1283,1712181605.4959033,760627.19664972,13940.0,-1.331178368373151e-09,14340.0,ASK
1284,1712181605.6049137,760645.2959935,13940.0,-1.530430986141927e-09,14340.0,ASK
1285,1712181605.6246274,760654.38293632,13940.0,-7.68367020926292e-10,14340.0,ASK
1286,1712181605.688624,760675.69625557,13940.0,-1.8021959577148942e-09,14340.0,ASK
1287,1712181606.27703,760690.0071783,13940.0,-1.2100924681162671e-09,14340.0,ASK
1288,1712181606.344486,760701.46981189,13940.0,-9.692489320184658e-10,14340.0,ASK
1289,1712181606.782792,760727.98990784,13940.0,-2.242466748545765e-09,14340.0,ASK
1290,1712181606.8387988,760828.86249315,13940.0,-8.529509803588267e-09,14340.0,ASK
1291,1712181612.420417,760855.89249314,13940.0,-2.285582838947449e-09,14340.0,ASK
1292,1712181630.4032185,760881.58069014,13940.0,-2.172123649604034e-09,14340.0,ASK
1293,1712181630.4982965,760881.58069014,13940.0,-0.0,14340.0,ASK
1294,1712181630.637753,760902.36954762,13940.0,-1.756992008971986e-09,14340.0,ASK
1295,1712181631.6846662,760916.86677949,13940.0,-1.2252486974104915e-09,14340.0,ASK
1296,1712181633.1753278,760946.01388449,13940.0,-2.463398030366909e-09,14340.0,ASK
1297,1712181634.1747932,760962.09730201,13940.0,-1.3593068347771888e-09,14340.0,ASK
1298,1712181647.1050117,760962.81672201,13950.0,6.080253290874038e-11,14340.0,BID
1299,1712181647.1077716,760963.09730201,13950.0,2.371351183630193e-11,14340.0,BID
1300,1712181660.7649665,760963.09730201,13950.0,0.0,14340.0,BID
1301,1712181663.9656353,760969.22412916,13940.0,-5.17765471389787e-10,14340.0,ASK
1302,1712181663.9686773,760969.94148927,13940.0,-6.062261695459916e-11,14340.0,ASK
1303,1712181663.9719448,760970.94148927,13940.0,-8.450792860864149e-11,14340.0,ASK
1304,1712181663.975237,760976.4334907,13940.0,-4.6411766476627126e-10,14340.0,ASK
1305,1712181675.6110346,760977.4334907,13930.0,-8.450792860864149e-11,14340.0,ASK
1306,1712181675.6145036,760978.4334907,13930.0,-8.450792860864149e-11,14340.0,ASK
1307,1712181675.616386,760979.4334907,13930.0,-8.450792860864149e-11,14340.0,ASK
1308,1712181675.6180224,761008.14849428,13930.0,-2.426645472533106e-09,14340.0,ASK
1309,1712181686.4683228,761024.02598528,13920.0,-1.34177387592151e-09,14340.0,ASK
1310,1712181687.7218306,761031.20989332,13920.0,-6.070971877700245e-10,14340.0,ASK
1311,1712181687.723497,761037.00157372,13920.0,-4.894429137695468e-10,14340.0,ASK
1312,1712181690.7620497,761037.00157372,13920.0,-0.0,14340.0,ASK
1313,1712181696.6547964,761041.2380337,13920.0,-3.5798331777211056e-10,14340.0,ASK
1314,1712181697.775133,761041.94587339,13920.0,-5.981286306065787e-11,14340.0,ASK
1315,1712181698.7458084,761043.91850592,13920.0,-1.666885893352794e-10,14340.0,ASK
1316,1712181698.7474575,761057.89851047,13910.0,-1.1813184675193826e-09,14340.0,ASK
1317,1712181698.7490215,761058.89851047,13920.0,-8.450057818565662e-11,14340.0,ASK
1318,1712181698.7507646,761059.89851047,13920.0,-8.450057818565662e-11,14340.0,ASK
1319,1712181710.325438,761060.89851047,13910.0,-8.450057818565662e-11,14340.0,ASK
1320,1712181710.3289936,761093.70803142,13910.0,-2.7724234902659343e-09,14340.0,ASK
1321,1712181713.435352,761742.42443542,13910.0,5.4816911216515606e-08,14340.0,BID
1322,1712181713.5549712,761742.42443564,13910.0,1.8592236187645585e-17,14340.0,BID
1323,1712181714.0982852,761764.10073621,13910.0,-1.8316599310927279e-09,14340.0,ASK
1324,1712181720.5246377,761764.10073621,13910.0,-0.0,14340.0,ASK
1325,1712181736.405676,761786.48997521,13940.0,1.89028812082596e-09,14340.0,BID
1326,1712181736.4092317,761797.08967021,13940.0,8.94915523605315e-10,14340.0,BID
1327,1712181736.505226,761805.03944146,13930.0,6.71186642706443e-10,14340.0,BID
1328,1712181736.5113056,761805.03944206,13940.0,5.065743898867498e-17,14340.0,BID
1329,1712181738.4252677,761805.62710517,13950.0,4.961546910423179e-11,14340.0,BID
1330,1712181738.4350305,761819.58158406,13950.0,1.178154633925543e-09,14340.0,BID
1331,1712181738.5651083,761819.58158495,13950.0,7.514088495700819e-17,14340.0,BID
1332,1712181739.115109,761837.45669244,13950.0,-1.5091671202740911e-09,14340.0,ASK
1333,1712181746.7661412,761838.17611244,13960.0,6.073949542649953e-11,14340.0,BID
1334,1712181746.7697084,761918.17611244,13970.0,6.75427376811717e-09,14340.0,BID
1335,1712181746.773236,761927.41145016,13980.0,7.79724991275404e-10,14340.0,BID
1336,1712181746.7754662,761942.60528971,13960.0,1.282791898870873e-09,14340.0,BID
1337,1712181746.777036,761950.58336817,13960.0,6.735765757770838e-10,14340.0,BID
1338,1712181746.7787454,761951.30279817,13970.0,6.074033971714934e-11,14340.0,BID
1339,1712181746.7803557,762069.63066695,13980.0,9.990235251724965e-09,14340.0,BID
1340,1712181746.7819507,762088.8794789,13970.0,1.625146820264272e-09,14340.0,BID
1341,1712181750.563085,762088.8794789,13970.0,0.0,14340.0,BID
1342,1712181780.7553468,762088.8794789,13970.0,0.0,14340.0,BID
1343,1712181792.2353566,762089.8794789,13960.0,8.4396099444895e-11,14340.0,BID
1344,1712181792.3153622,762092.09905737,13970.0,-1.8732376527877302e-10,14340.0,ASK
1345,1712181810.7653575,762092.09905737,13970.0,-0.0,14340.0,ASK
1346,1712181836.30706,762138.09266696,13970.0,-3.881666517541629e-09,14340.0,ASK
1347,1712181837.6252403,762151.08532987,13970.0,-1.0965259096019362e-09,14340.0,ASK
1348,1712181840.5494795,762151.08532987,13970.0,-0.0,14340.0,ASK
1349,1712181842.9652991,762383.18062501,13970.0,-1.9586501121733512e-08,14340.0,ASK
1350,1712181843.005345,762393.62124131,13950.0,8.81082672303867e-10,14340.0,BID
1351,1712181866.7357402,762442.00206245,13970.0,4.0828531528720484e-09,14340.0,BID
1352,1712181866.7395816,762442.61363845,13970.0,5.1610843738614506e-11,14340.0,BID
1353,1712181870.5132709,762442.61363845,13970.0,0.0,14340.0,BID
1354,1712181872.4155278,762456.57086822,13970.0,1.177444711405525e-09,14340.0,BID
1355,1712181881.155724,762486.51334683,13960.0,-2.5259749726151304e-09,14340.0,ASK
1356,1712181900.766473,762486.51334683,13960.0,-0.0,14340.0,ASK
1357,1712181925.505763,762486.87222936,13960.0,3.03255886274894e-11,14340.0,BID
1358,1712181930.7478347,762486.87222936,13960.0,0.0,14340.0,BID
1359,1712181944.7360656,762508.3776057,13950.0,-1.817204420782477e-09,14340.0,ASK
1360,1712181944.739952,762532.10911194,13950.0,-2.005312409756751e-09,14340.0,ASK
1361,1712181960.4891603,762532.10911194,13950.0,-0.0,14340.0,ASK
1362,1712181961.0862248,762541.42381578,13950.0,-7.87050557703755e-10,14340.0,ASK
1363,1712181990.5375414,762541.42381578,13950.0,-0.0,14340.0,ASK
1364,1712182015.7457132,762591.87841996,13970.0,4.2631401976912495e-09,14340.0,BID
1365,1712182015.8455296,762622.4549405,13970.0,2.5835500235841983e-09,14340.0,BID
1366,1712182015.8487828,762696.11385896,13970.0,6.223778806879109e-09,14340.0,BID
1367,1712182015.88545,762933.05014987,13970.0,2.0019830548376613e-08,14340.0,BID
1368,1712182018.6556726,762990.47101731,13970.0,4.85175163194989e-09,14340.0,BID
1369,1712182020.4209728,763118.6425964,13970.0,1.0829802748424271e-08,14340.0,BID
1370,1712182020.7517414,763118.6425964,13970.0,0.0,14340.0,BID
1371,1712182023.41129,763190.73910964,13970.0,6.087616292622165e-09,14340.0,BID
1372,1712182050.7705276,763190.73910964,13970.0,0.0,14340.0,BID
1373,1712182063.175918,763487.73910964,13950.0,-2.5075668840461493e-08,14340.0,ASK
1374,1712182063.1859157,763658.50484442,13950.0,-1.4417727322024572e-08,14340.0,ASK
1375,1712182063.1890152,763875.43086592,13950.0,-1.8315033932705227e-08,14340.0,ASK
1376,1712182080.5294485,763875.43086592,13950.0,-0.0,14340.0,ASK
1377,1712182110.557919,763875.43086592,13950.0,-0.0,14340.0,ASK
1378,1712182128.1459198,763939.94699495,13950.0,-5.442698690631141e-09,14340.0,ASK
1379,1712182135.5534253,763954.1388229,13950.0,1.1972485727666824e-09,14340.0,BID
1380,1712182136.455977,763966.73878705,13950.0,1.0629560299468343e-09,14340.0,BID
1381,1712182140.758926,763966.73878705,13950.0,0.0,14340.0,BID
1382,1712182149.586099,763967.73878705,13940.0,-8.435276553916997e-11,14340.0,ASK
1383,1712182149.5899994,764207.73878705,13940.0,-2.0244663729400792e-08,14340.0,ASK
1384,1712182149.7297614,764236.31716182,13940.0,2.4106649464647036e-09,14340.0,BID
1385,1712182170.7746809,764236.31716182,13940.0,0.0,14340.0,BID
1386,1712182200.5753047,764236.31716182,13940.0,0.0,14340.0,BID
1387,1712182213.3861952,764236.59928674,13940.0,-2.3801761960766188e-11,14340.0,ASK
1388,1712182213.3903966,764237.31716182,13940.0,-6.056427690739262e-11,14340.0,ASK
1389,1712182216.586146,764238.31716182,13970.0,8.436603886815878e-11,14340.0,BID
1390,1712182216.590331,764273.08325624,13980.0,2.933077673130854e-09,14340.0,BID
1391,1712182230.540058,764273.08325624,13980.0,0.0,14340.0,BID
1392,1712182246.0462806,764359.97321612,13980.0,7.3302438998453e-09,14340.0,BID
1393,1712182246.1463685,764360.97321612,13970.0,-8.436238099276234e-11,14340.0,ASK
1394,1712182260.770677,764360.97321612,13970.0,-0.0,14340.0,ASK
1395,1712182290.739371,764360.97321612,13970.0,-0.0,14340.0,ASK
1396,1712182306.4862304,764361.6885237,13980.0,6.033879614825249e-11,14340.0,BID
1397,1712182308.0866992,764495.76240351,13980.0,1.1309619427128513e-08,14340.0,BID
1398,1712182308.0917132,764735.76240351,13980.0,2.0244872948827573e-08,14340.0,BID
1399,1712182308.2466896,764785.19128755,13980.0,-4.169506155799045e-09,14340.0,ASK
1400,1712182308.2515466,764928.81862102,13980.0,-1.2115487991989394e-08,14340.0,ASK
1401,1712182320.5186098,764928.81862102,13980.0,-0.0,14340.0,ASK
1402,1712182350.5351615,764928.81862102,13980.0,-0.0,14340.0,ASK
1403,1712182351.865183,764935.96658385,13990.0,6.02553170464973e-10,14340.0,BID
1404,1712182380.7479322,764935.96658385,13990.0,0.0,14340.0,BID
1405,1712182408.9142635,764943.34604133,13960.0,-6.220622748163428e-10,14340.0,ASK
1406,1712182408.9252243,764944.34604133,13960.0,-8.429647795908981e-11,14340.0,ASK
1407,1712182410.8036473,764944.34604133,13960.0,-0.0,14340.0,ASK
1408,1712182440.54007,764944.34604133,13960.0,-0.0,14340.0,ASK
1409,1712182470.5072107,764944.34604133,13960.0,-0.0,14340.0,ASK
1410,1712182500.570589,764944.34604133,13960.0,-0.0,14340.0,ASK
1411,1712182530.532358,764944.34604133,13960.0,-0.0,14340.0,ASK
1412,1712182560.7534738,764944.34604133,13960.0,-0.0,14340.0,ASK
1413,1712182577.5307949,765079.13522872,13980.0,1.1393215775275672e-08,14340.0,BID
1414,1712182590.769407,765079.13522872,13980.0,0.0,14340.0,BID
1415,1712182592.260249,765189.13522872,13980.0,-9.296399634432653e-09,14340.0,ASK
1416,1712182620.4997928,765189.13522872,13980.0,-0.0,14340.0,ASK
1417,1712182638.5303235,765189.77105969,13970.0,-5.3728824452337486e-11,14340.0,ASK
1418,1712182638.5348887,765198.1811626,13970.0,-7.106683445558653e-10,14340.0,ASK
1419,1712182650.555765,765198.1811626,13970.0,-0.0,14340.0,ASK
1420,1712182680.75512,765198.1811626,13970.0,-0.0,14340.0,ASK
1421,1712182710.7566674,765198.1811626,13970.0,-0.0,14340.0,ASK
1422,1712182740.533969,765198.1811626,13970.0,-0.0,14340.0,ASK
1423,1712182770.5186074,765198.1811626,13970.0,-0.0,14340.0,ASK
1424,1712182789.1177008,765204.5923252,13970.0,-5.41748621480302e-10,14340.0,ASK
1425,1712182793.3614314,765348.4720675,13970.0,-1.2157959002776728e-08,14340.0,ASK
1426,1712182793.3657043,765421.63498996,13970.0,-6.182328363761086e-09,14340.0,ASK
1427,1712182800.6500125,765421.63498996,13970.0,-0.0,14340.0,ASK
1428,1712182803.1975806,765473.78234142,13970.0,4.408314774738234e-09,14340.0,BID
1429,1712182820.463184,765503.72482003,13960.0,-2.531209489143538e-09,14340.0,ASK
1430,1712182830.510949,765503.72482003,13960.0,-0.0,14340.0,ASK
1431,1712182833.55857,765507.20832183,13960.0,-2.944518528720905e-10,14340.0,ASK
1432,1712182833.5619824,765562.81864049,13960.0,-4.7006036765313884e-09,14340.0,ASK
1433,1712182860.5561905,765562.81864049,13960.0,-0.0,14340.0,ASK
1434,1712182890.5374284,765562.81864049,13960.0,-0.0,14340.0,ASK
1435,1712182898.026662,765613.78845451,13980.0,4.308052810084374e-09,14340.0,BID
1436,1712182916.536418,765617.36499242,13980.0,3.0229488746259955e-10,14340.0,BID
1437,1712182920.7491994,765617.36499242,13980.0,0.0,14340.0,BID
1438,1712182930.4262147,765643.91044712,13980.0,2.2435210454023966e-09,14340.0,BID
1439,1712182930.4305265,765644.30785679,13980.0,3.3587556457046636e-11,14340.0,BID
1440,1712182930.485827,765688.89575064,13980.0,-3.7683995001395844e-09,14340.0,ASK
1441,1712182950.745628,765688.89575064,13980.0,-0.0,14340.0,ASK
1442,1712182980.4878716,765688.89575064,13980.0,-0.0,14340.0,ASK
1443,1712183010.517994,765688.89575064,13980.0,-0.0,14340.0,ASK
1444,1712183040.74656,765688.89575064,13980.0,-0.0,14340.0,ASK
1445,1712183070.7574043,765688.89575064,13980.0,-0.0,14340.0,ASK
1446,1712183087.7551992,765696.93214589,13980.0,6.791482155035433e-10,14340.0,BID
1447,1712183087.7603936,765704.1957864,13980.0,6.138434381318479e-10,14340.0,BID
1448,1712183100.5187614,765704.1957864,13980.0,0.0,14340.0,BID
1449,1712183100.7284951,765704.97857651,13960.0,-6.618323523792094e-11,14340.0,ASK
1450,1712183106.4045298,765708.55511442,13980.0,3.02388656702509e-10,14340.0,BID
1451,1712183130.530993,765708.55511442,13980.0,0.0,14340.0,BID
1452,1712183160.5988631,765708.55511442,13980.0,0.0,14340.0,BID
1453,1712183190.4625907,765708.55511442,13980.0,0.0,14340.0,BID
1454,1712183210.0836143,765709.55654503,13980.0,8.466838731362638e-11,14340.0,BID
1455,1712183216.8937876,765801.54510011,13980.0,7.777396189469514e-09,14340.0,BID
1456,1712183216.8977594,765845.63155762,13980.0,3.727396808736724e-09,14340.0,BID
1457,1712183216.9936438,765854.26616591,13980.0,-7.30033965139601e-10,14340.0,ASK
1458,1712183220.7453086,765854.26616591,13980.0,-0.0,14340.0,ASK
1459,1712183245.570304,765854.68411357,13960.0,-3.533031692417846e-11,14340.0,ASK
1460,1712183249.1736434,765855.06026647,13960.0,-3.17972857356158e-11,14340.0,ASK
1461,1712183250.773398,765855.06026647,13960.0,-0.0,14340.0,ASK
1462,1712183280.534277,765855.06026647,13960.0,-0.0,14340.0,ASK
1463,1712183310.4900095,765855.06026647,13960.0,-0.0,14340.0,ASK
1464,1712183340.7532551,765855.06026647,13960.0,-0.0,14340.0,ASK
1465,1712183352.8777578,765862.57870018,13960.0,-6.35554214733535e-10,14340.0,ASK
1466,1712183352.882507,766004.55519638,13950.0,-1.2001670032926336e-08,14340.0,ASK
1467,1712183352.887138,766113.22478807,13960.0,-9.186144305454057e-09,14340.0,ASK
1468,1712183352.8892505,766120.38811185,13960.0,-6.05535779853056e-10,14340.0,ASK
1469,1712183352.8914747,766141.38811185,13950.0,-1.775188692757179e-09,14340.0,ASK
1470,1712183370.7266166,766141.38811185,13950.0,-0.0,14340.0,ASK
1471,1712183389.433009,766141.85249814,13990.0,3.924261675107908e-11,14340.0,BID
1472,1712183389.4383776,766143.85249814,13990.0,1.6900850693163142e-10,14340.0,BID
1473,1712183389.492331,766152.23772635,13990.0,-7.08587450027598e-10,14340.0,ASK
1474,1712183400.826126,766152.23772635,13990.0,-0.0,14340.0,ASK
1475,1712183405.772324,766188.79686614,13970.0,-3.118430514702712e-09,14340.0,ASK
