,time,acc_trade_volume,trade_price,dev,high,ask_bid
0,1712173460.2521827,16847606.69593484,133.3,0.0,136.6,BID
1,1712173470.327288,16847606.69593484,133.3,0.0,136.6,BID
2,1712173500.2622244,16847606.69593484,133.3,0.0,136.6,BID
3,1712173530.2223468,16847606.69593484,133.3,0.0,136.6,BID
4,1712173560.34222,16847606.69593484,133.3,0.0,136.6,BID
5,1712173590.3422115,16847606.69593484,133.3,0.0,136.6,BID
6,1712173620.232115,16847606.69593484,133.3,0.0,136.6,BID
7,1712173650.233142,16847606.69593484,133.3,0.0,136.6,BID
8,1712173680.334628,16847606.69593484,133.3,0.0,136.6,BID
9,1712173710.332244,16847606.69593484,133.3,0.0,136.6,BID
10,1712173740.2263126,16847606.69593484,133.3,0.0,136.6,BID
11,1712173762.0518932,16849354.10455584,133.0,-7.131948523266188e-07,136.6,ASK
12,1712173762.0619128,16849391.69855584,133.0,-1.5343776466375166e-08,136.6,ASK
13,1712173762.062791,16853407.13054811,132.6,-1.6388756426716527e-06,136.6,ASK
14,1712173762.0636733,16853452.32104811,132.8,-1.844424457358135e-08,136.6,ASK
15,1712173770.2245057,16853452.32104811,132.8,-0.0,136.6,ASK
16,1712173800.2483454,16853452.32104811,132.8,-0.0,136.6,ASK
17,1712173830.205292,16853452.32104811,132.8,-0.0,136.6,ASK
18,1712173860.3317602,16853452.32104811,132.8,-0.0,136.6,ASK
19,1712173890.3331494,16853452.32104811,132.8,-0.0,136.6,ASK
20,1712173920.2165318,16853452.32104811,132.8,-0.0,136.6,ASK
21,1712173950.225328,16853452.32104811,132.8,-0.0,136.6,ASK
22,1712173980.3421073,16853452.32104811,132.8,-0.0,136.6,ASK
23,1712174010.321729,16853452.32104811,132.8,-0.0,136.6,ASK
24,1712174040.221669,16853452.32104811,132.8,-0.0,136.6,ASK
25,1712174070.2401206,16853452.32104811,132.8,-0.0,136.6,ASK
26,1712174100.321653,16853452.32104811,132.8,-0.0,136.6,ASK
27,1712174130.3242054,16853452.32104811,132.8,-0.0,136.6,ASK
28,1712174160.2547,16853452.32104811,132.8,-0.0,136.6,ASK
29,1712174190.2522297,16853452.32104811,132.8,-0.0,136.6,ASK
30,1712174220.2588153,16853452.32104811,132.8,-0.0,136.6,ASK
31,1712174250.2457094,16853452.32104811,132.8,-0.0,136.6,ASK
32,1712174280.325714,16853452.32104811,132.8,-0.0,136.6,ASK
33,1712174310.3225996,16853452.32104811,132.8,-0.0,136.6,ASK
34,1712174340.212576,16853452.32104811,132.8,-0.0,136.6,ASK
35,1712174370.2247696,16853452.32104811,132.8,-0.0,136.6,ASK
36,1712174400.3057268,16853452.32104811,132.8,-0.0,136.6,ASK
37,1712174430.2329082,16853452.32104811,132.8,-0.0,136.6,ASK
38,1712174460.3247669,16853452.32104811,132.8,-0.0,136.6,ASK
39,1712174490.334989,16853452.32104811,132.8,-0.0,136.6,ASK
40,1712174520.2292948,16853452.32104811,132.8,-0.0,136.6,ASK
41,1712174533.983042,16853589.46315326,132.8,5.6007428631173176e-08,136.6,BID
42,1712174550.221366,16853589.46315326,132.8,0.0,136.6,BID
43,1712174580.333505,16853589.46315326,132.8,0.0,136.6,BID
44,1712174610.3233187,16853589.46315326,132.8,0.0,136.6,BID
45,1712174640.213352,16853589.46315326,132.8,0.0,136.6,BID
46,1712174670.2284813,16853589.46315326,132.8,0.0,136.6,BID
47,1712174700.3335478,16853589.46315326,132.8,0.0,136.6,BID
48,1712174730.3357782,16853589.46315326,132.8,0.0,136.6,BID
49,1712174760.2359588,16853589.46315326,132.8,0.0,136.6,BID
50,1712174790.225325,16853589.46315326,132.8,0.0,136.6,BID
51,1712174820.3437347,16853589.46315326,132.8,0.0,136.6,BID
52,1712174850.3335688,16853589.46315326,132.8,0.0,136.6,BID
53,1712174880.233842,16853589.46315326,132.8,0.0,136.6,BID
54,1712174910.21365,16853589.46315326,132.8,0.0,136.6,BID
55,1712174940.3371668,16853589.46315326,132.8,0.0,136.6,BID
56,1712174970.3232691,16853589.46315326,132.8,0.0,136.6,BID
57,1712175000.26628,16853589.46315326,132.8,0.0,136.6,BID
58,1712175030.2255862,16853589.46315326,132.8,0.0,136.6,BID
59,1712175060.3263867,16853589.46315326,132.8,0.0,136.6,BID
60,1712175090.3333683,16853589.46315326,132.8,0.0,136.6,BID
61,1712175120.2335916,16853589.46315326,132.8,0.0,136.6,BID
62,1712175150.2297995,16853589.46315326,132.8,0.0,136.6,BID
63,1712175180.3336973,16853589.46315326,132.8,0.0,136.6,BID
64,1712175210.3436573,16853589.46315326,132.8,0.0,136.6,BID
65,1712175240.254302,16853589.46315326,132.8,0.0,136.6,BID
66,1712175270.2333872,16853589.46315326,132.8,0.0,136.6,BID
67,1712175300.267224,16853589.46315326,132.8,0.0,136.6,BID
68,1712175330.219061,16853589.46315326,132.8,0.0,136.6,BID
69,1712175360.3433323,16853589.46315326,132.8,0.0,136.6,BID
70,1712175390.337041,16853589.46315326,132.8,0.0,136.6,BID
71,1712175420.2294545,16853589.46315326,132.8,0.0,136.6,BID
72,1712175450.226809,16853589.46315326,132.8,0.0,136.6,BID
73,1712175480.3233154,16853589.46315326,132.8,0.0,136.6,BID
74,1712175508.9937246,16855166.32707341,132.7,-6.44259699040987e-07,136.6,ASK
75,1712175509.0032983,16855806.38731437,132.8,-2.615095779293403e-07,136.6,ASK
76,1712175509.0051894,16855927.02586463,132.7,-4.92893236312986e-08,136.6,ASK
77,1712175510.3336632,16855927.02586463,132.7,-0.0,136.6,ASK
78,1712175540.2159214,16855927.02586463,132.7,-0.0,136.6,ASK
79,1712175570.2334287,16855927.02586463,132.7,-0.0,136.6,ASK
80,1712175600.2456584,16855927.02586463,132.7,-0.0,136.6,ASK
81,1712175630.2134435,16855927.02586463,132.7,-0.0,136.6,ASK
82,1712175660.3372784,16855927.02586463,132.7,-0.0,136.6,ASK
83,1712175690.3371923,16855927.02586463,132.7,-0.0,136.6,ASK
84,1712175720.217423,16855927.02586463,132.7,-0.0,136.6,ASK
85,1712175741.9027069,16865927.02586463,132.7,-4.085268179694846e-06,136.6,ASK
86,1712175741.9047656,16880812.02586463,132.6,-6.080921685475778e-06,136.6,ASK
87,1712175750.2265074,16880812.02586463,132.6,-0.0,136.6,ASK
88,1712175780.3358164,16880812.02586463,132.6,-0.0,136.6,ASK
89,1712175810.3273993,16880812.02586463,132.6,-0.0,136.6,ASK
90,1712175840.2332966,16880812.02586463,132.6,-0.0,136.6,ASK
91,1712175870.2332308,16880812.02586463,132.6,-0.0,136.6,ASK
92,1712175900.340135,16880812.02586463,132.6,-0.0,136.6,ASK
93,1712175922.5634158,16905402.75266463,132.6,-1.0034629310107286e-05,136.6,ASK
94,1712175922.5650277,16905448.02586463,132.7,-1.8474434830373063e-08,136.6,ASK
95,1712175930.3433578,16905448.02586463,132.7,-0.0,136.6,ASK
96,1712175960.227343,16905448.02586463,132.7,-0.0,136.6,ASK
97,1712175990.2331536,16905448.02586463,132.7,-0.0,136.6,ASK
98,1712176018.1267674,16905455.43755728,133.4,3.020430329834585e-09,136.6,BID
99,1712176018.1283906,16905493.03155728,133.3,1.5320394840539004e-08,136.6,BID
100,1712176020.333007,16905493.03155728,133.3,0.0,136.6,BID
101,1712176050.3329124,16905493.03155728,133.3,0.0,136.6,BID
102,1712176080.2274442,16905493.03155728,133.3,0.0,136.6,BID
103,1712176102.3152096,16930503.03155728,132.6,-1.019210879592304e-05,136.6,ASK
104,1712176110.2128918,16930503.03155728,132.6,-0.0,136.6,ASK
105,1712176121.4731424,16930533.18586463,133.4,1.2271938636340398e-08,136.6,BID
106,1712176121.47463,16930547.997965,133.5,6.028100221194461e-09,136.6,BID
107,1712176140.3326848,16930547.997965,133.5,0.0,136.6,BID
108,1712176170.3382888,16930547.997965,133.5,0.0,136.6,BID
109,1712176200.4183528,16930547.997965,133.5,0.0,136.6,BID
110,1712176230.3255012,16930547.997965,133.5,0.0,136.6,BID
111,1712176260.2376938,16930547.997965,133.5,0.0,136.6,BID
112,1712176281.4665787,16930591.0131873,132.7,-1.75059552387742e-08,136.6,ASK
113,1712176281.467746,16953839.88084154,132.6,-9.461618811830477e-06,136.6,ASK
114,1712176281.4687068,16955559.387965,132.5,-6.99789821525653e-07,136.6,ASK
115,1712176290.2363143,16955559.387965,132.5,-0.0,136.6,ASK
116,1712176320.3639662,16955559.387965,132.5,-0.0,136.6,ASK
117,1712176350.3462956,16955559.387965,132.5,-0.0,136.6,ASK
118,1712176380.2483883,16955559.387965,132.5,-0.0,136.6,ASK
119,1712176410.238356,16955559.387965,132.5,-0.0,136.6,ASK
120,1712176440.3439105,16955559.387965,132.5,-0.0,136.6,ASK
121,1712176470.3393898,16955559.387965,132.5,-0.0,136.6,ASK
122,1712176500.236236,16955559.387965,132.5,-0.0,136.6,ASK
123,1712176530.2345614,16955559.387965,132.5,-0.0,136.6,ASK
124,1712176560.3404677,16955559.387965,132.5,-0.0,136.6,ASK
125,1712176590.355551,16955559.387965,132.5,-0.0,136.6,ASK
126,1712176620.241726,16955559.387965,132.5,-0.0,136.6,ASK
127,1712176650.231519,16955559.387965,132.5,-0.0,136.6,ASK
128,1712176680.3415596,16955559.387965,132.5,-0.0,136.6,ASK
129,1712176710.342082,16955559.387965,132.5,-0.0,136.6,ASK
130,1712176740.232816,16955559.387965,132.5,-0.0,136.6,ASK
131,1712176770.2327373,16955559.387965,132.5,-0.0,136.6,ASK
132,1712176800.2603977,16955559.387965,132.5,-0.0,136.6,ASK
133,1712176830.2267206,16955559.387965,132.5,-0.0,136.6,ASK
134,1712176860.3392246,16955559.387965,132.5,-0.0,136.6,ASK
135,1712176883.7336168,16955582.11386463,133.5,9.239156713890513e-09,136.6,BID
136,1712176883.7357376,16956303.44290382,133.5,2.932544869099615e-07,136.6,BID
137,1712176890.3494494,16956303.44290382,133.5,0.0,136.6,BID
138,1712176920.2355018,16956303.44290382,133.5,0.0,136.6,BID
139,1712176950.2548676,16956303.44290382,133.5,0.0,136.6,BID
140,1712176980.2658284,16956303.44290382,133.5,0.0,136.6,BID
141,1712177010.2405753,16956303.44290382,133.5,0.0,136.6,BID
142,1712177040.3492491,16956303.44290382,133.5,0.0,136.6,BID
143,1712177070.3455222,16956303.44290382,133.5,0.0,136.6,BID
144,1712177100.2507336,16956303.44290382,133.5,0.0,136.6,BID
145,1712177130.2477033,16956303.44290382,133.5,0.0,136.6,BID
146,1712177160.265112,16956303.44290382,133.5,0.0,136.6,BID
147,1712177190.2381492,16956303.44290382,133.5,0.0,136.6,BID
148,1712177220.3455224,16956303.44290382,133.5,0.0,136.6,BID
149,1712177250.3400588,16956303.44290382,133.5,0.0,136.6,BID
150,1712177280.2692585,16956303.44290382,133.5,0.0,136.6,BID
151,1712177310.2458682,16956303.44290382,133.5,0.0,136.6,BID
152,1712177320.8764377,16956346.45812612,133.5,1.748981687313968e-08,136.6,BID
153,1712177320.882587,16957052.50657423,133.5,2.870764673700304e-07,136.6,BID
154,1712177340.379044,16957052.50657423,133.5,0.0,136.6,BID
155,1712177370.3494236,16957052.50657423,133.5,0.0,136.6,BID
156,1712177400.256276,16957052.50657423,133.5,0.0,136.6,BID
157,1712177430.2464345,16957052.50657423,133.5,0.0,136.6,BID
158,1712177453.8968391,16959070.18060774,133.8,8.214271907999738e-07,136.6,BID
159,1712177453.8995094,16959107.69060774,133.6,1.5270917609337862e-08,136.6,BID
160,1712177453.9018614,16959145.17260774,133.7,1.525951836212033e-08,136.6,BID
161,1712177453.9038796,16959294.65904059,133.6,6.08583044433997e-08,136.6,BID
162,1712177460.369583,16959294.65904059,133.6,0.0,136.6,BID
163,1712177490.3599334,16959294.65904059,133.6,0.0,136.6,BID
164,1712177516.436808,16959378.3837975,133.7,3.408151824042292e-08,136.6,BID
165,1712177520.23673,16959378.3837975,133.7,0.0,136.6,BID
166,1712177550.2568142,16959378.3837975,133.7,0.0,136.6,BID
167,1712177561.1571949,16959378.38424059,133.7,1.803660381729801e-13,136.6,BID
168,1712177561.1595,16960051.02953741,133.8,2.7380991402979417e-07,136.6,BID
169,1712177580.3485982,16960051.02953741,133.8,0.0,136.6,BID
170,1712177610.3571644,16960051.02953741,133.8,0.0,136.6,BID
171,1712177640.259513,16960051.02953741,133.8,0.0,136.6,BID
172,1712177660.347063,16963787.95031468,133.8,1.521111463964844e-06,136.6,BID
173,1712177670.2619498,16963787.95031468,133.8,0.0,136.6,BID
174,1712177700.3415775,16963787.95031468,133.8,0.0,136.6,BID
175,1712177730.3673327,16963787.95031468,133.8,0.0,136.6,BID
176,1712177760.2438698,16963787.95031468,133.8,0.0,136.6,BID
177,1712177790.227338,16963787.95031468,133.8,0.0,136.6,BID
178,1712177820.2678435,16963787.95031468,133.8,0.0,136.6,BID
179,1712177850.2538862,16963787.95031468,133.8,0.0,136.6,BID
180,1712177880.3503723,16963787.95031468,133.8,0.0,136.6,BID
181,1712177910.3544714,16963787.95031468,133.8,0.0,136.6,BID
182,1712177940.2303505,16963787.95031468,133.8,0.0,136.6,BID
183,1712177970.2420378,16963787.95031468,133.8,0.0,136.6,BID
184,1712178000.328349,16963787.95031468,133.8,0.0,136.6,BID
185,1712178001.5082955,16963825.43231468,133.4,-1.5261984259704536e-08,136.6,ASK
186,1712178003.8785293,16963862.94231468,133.3,-1.5273385347492094e-08,136.6,ASK
187,1712178013.0982232,16963900.48031468,133.2,-1.5284786433762785e-08,136.6,ASK
188,1712178030.2432146,16963900.48031468,133.2,-0.0,136.6,ASK
189,1712178060.3484635,16963900.48031468,133.2,-0.0,136.6,ASK
190,1712178090.3527524,16963900.48031468,133.2,-0.0,136.6,ASK
191,1712178120.2590334,16963900.48031468,133.2,-0.0,136.6,ASK
192,1712178150.2538571,16963900.48031468,133.2,-0.0,136.6,ASK
193,1712178180.3487823,16963900.48031468,133.2,-0.0,136.6,ASK
194,1712178210.3534384,16963900.48031468,133.2,-0.0,136.6,ASK
195,1712178240.254722,16963900.48031468,133.2,-0.0,136.6,ASK
196,1712178270.2381277,16963900.48031468,133.2,-0.0,136.6,ASK
197,1712178300.3558192,16963900.48031468,133.2,-0.0,136.6,ASK
198,1712178303.8276334,16963938.04631468,133.1,-1.535027964903757e-08,136.6,ASK
199,1712178305.0856612,16963975.64031468,133.0,-1.5361721054655518e-08,136.6,ASK
200,1712178330.3552902,16963975.64031468,133.0,-0.0,136.6,ASK
201,1712178330.4869957,16964013.26331468,132.9,-1.5373508261488022e-08,136.6,ASK
202,1712178331.5749505,16964050.91431468,132.8,-1.5384949620353936e-08,136.6,ASK
203,1712178360.228701,16964050.91431468,132.8,-0.0,136.6,ASK
204,1712178370.0798726,16964088.59331468,132.7,-1.5396328065811743e-08,136.6,ASK
205,1712178390.2633293,16964088.59331468,132.7,-0.0,136.6,ASK
206,1712178420.2700632,16964088.59331468,132.7,-0.0,136.6,ASK
207,1712178450.239698,16964088.59331468,132.7,-0.0,136.6,ASK
208,1712178480.3509955,16964088.59331468,132.7,-0.0,136.6,ASK
209,1712178510.3446162,16964088.59331468,132.7,-0.0,136.6,ASK
210,1712178535.8311458,16964126.30131468,132.6,-1.5408146515236313e-08,136.6,ASK
211,1712178535.8411698,16975599.20800761,132.5,-4.688029788841612e-06,136.6,ASK
212,1712178535.843531,16978672.30755512,132.6,-1.255722077098113e-06,136.6,ASK
213,1712178540.230995,16978672.30755512,132.6,-0.0,136.6,ASK
214,1712178570.2464526,16978672.30755512,132.6,-0.0,136.6,ASK
215,1712178600.2498832,16978672.30755512,132.6,-0.0,136.6,ASK
216,1712178620.6796246,16978747.60875993,132.8,3.0822374093429583e-08,136.6,BID
217,1712178630.232855,16978747.60875993,132.8,0.0,136.6,BID
218,1712178648.719202,16978792.78948282,132.8,1.8493348761923683e-08,136.6,BID
219,1712178660.2406423,16978792.78948282,132.8,0.0,136.6,BID
220,1712178690.2384944,16978792.78948282,132.8,0.0,136.6,BID
221,1712178720.340599,16978792.78948282,132.8,0.0,136.6,BID
222,1712178748.641081,16986339.95929414,132.5,-3.089195828970993e-06,136.6,ASK
223,1712178748.777649,16987416.04559414,132.5,-4.40461973518694e-07,136.6,ASK
224,1712178750.3575108,16987416.04559414,132.5,-0.0,136.6,ASK
225,1712178752.5476172,16987461.22631703,132.8,1.8484658443631537e-08,136.6,BID
226,1712178780.2368622,16987461.22631703,132.8,0.0,136.6,BID
227,1712178810.2390218,16987461.22631703,132.8,0.0,136.6,BID
228,1712178840.347147,16987461.22631703,132.8,0.0,136.6,BID
229,1712178854.2365854,16987506.40703992,132.8,1.8484613069818053e-08,136.6,BID
230,1712178855.4166906,16988259.41908812,132.5,-3.080768844949354e-07,136.6,ASK
231,1712178870.3395712,16988259.41908812,132.5,-0.0,136.6,ASK
232,1712178900.269855,16988259.41908812,132.5,-0.0,136.6,ASK
233,1712178930.236035,16988259.41908812,132.5,-0.0,136.6,ASK
234,1712178960.3321471,16988259.41908812,132.5,-0.0,136.6,ASK
235,1712178961.195698,16988304.59981101,132.8,1.8488599695348483e-08,136.6,BID
236,1712178990.325662,16988304.59981101,132.8,0.0,136.6,BID
237,1712179020.2412877,16988304.59981101,132.8,0.0,136.6,BID
238,1712179050.2468162,16988304.59981101,132.8,0.0,136.6,BID
239,1712179056.0747564,16994427.96507096,132.5,-2.505762720764427e-06,136.6,ASK
240,1712179056.1749558,16998446.4235228,132.5,-1.644406785501417e-06,136.6,ASK
241,1712179056.178154,17000874.66869216,132.5,-9.93670304473986e-07,136.6,ASK
242,1712179080.3375292,17000874.66869216,132.5,-0.0,136.6,ASK
243,1712179110.3265803,17000874.66869216,132.5,-0.0,136.6,ASK
244,1712179140.237537,17000874.66869216,132.5,-0.0,136.6,ASK
245,1712179150.057299,17001629.38567329,132.5,-3.086299035718652e-07,136.6,ASK
246,1712179150.0601375,17004592.14081111,132.5,-1.2115731530606864e-06,136.6,ASK
247,1712179170.2340882,17004592.14081111,132.5,-0.0,136.6,ASK
248,1712179200.259441,17004592.14081111,132.5,-0.0,136.6,ASK
249,1712179230.231245,17004592.14081111,132.5,-0.0,136.6,ASK
250,1712179260.3667688,17004592.14081111,132.5,-0.0,136.6,ASK
251,1712179290.3451505,17004592.14081111,132.5,-0.0,136.6,ASK
252,1712179320.2422588,17004592.14081111,132.5,-0.0,136.6,ASK
253,1712179350.2431026,17004592.14081111,132.5,-0.0,136.6,ASK
254,1712179380.2552197,17004592.14081111,132.5,-0.0,136.6,ASK
255,1712179410.2427008,17004592.14081111,132.5,-0.0,136.6,ASK
256,1712179440.3263924,17004592.14081111,132.5,-0.0,136.6,ASK
257,1712179458.2828803,17004639.72261111,132.6,-1.9453926863525105e-08,136.6,ASK
258,1712179458.285792,17019565.61374289,132.5,-6.102484446940733e-06,136.6,ASK
259,1712179458.288172,17034811.42994068,132.5,-6.23328653589123e-06,136.6,ASK
260,1712179458.290426,17039896.20367652,132.5,-2.078921276139285e-06,136.6,ASK
261,1712179470.3646252,17039896.20367652,132.5,-0.0,136.6,ASK
262,1712179471.7527666,17039996.20367652,132.4,-4.0807182029325413e-08,136.6,ASK
263,1712179471.7550783,17042175.01569543,132.4,-8.891117866328361e-07,136.6,ASK
264,1712179471.7572684,17043390.20018338,132.4,-4.958825459899056e-07,136.6,ASK
265,1712179500.2321112,17043390.20018338,132.4,-0.0,136.6,ASK
266,1712179530.2432563,17043390.20018338,132.4,-0.0,136.6,ASK
267,1712179560.3358335,17043390.20018338,132.4,-0.0,136.6,ASK
268,1712179590.335635,17043390.20018338,132.4,-0.0,136.6,ASK
269,1712179620.2367542,17043390.20018338,132.4,-0.0,136.6,ASK
270,1712179650.2365804,17043390.20018338,132.4,-0.0,136.6,ASK
271,1712179680.3238518,17043390.20018338,132.4,-0.0,136.6,ASK
272,1712179710.3260984,17043390.20018338,132.4,-0.0,136.6,ASK
273,1712179740.2334485,17043390.20018338,132.4,-0.0,136.6,ASK
274,1712179770.2234778,17043390.20018338,132.4,-0.0,136.6,ASK
275,1712179800.3340776,17043390.20018338,132.4,-0.0,136.6,ASK
276,1712179830.2305512,17043390.20018338,132.4,-0.0,136.6,ASK
277,1712179860.3403986,17043390.20018338,132.4,-0.0,136.6,ASK
278,1712179890.3281727,17043390.20018338,132.4,-0.0,136.6,ASK
279,1712179920.2276375,17043390.20018338,132.4,-0.0,136.6,ASK
280,1712179950.2363276,17043390.20018338,132.4,-0.0,136.6,ASK
281,1712179980.2783153,17043390.20018338,132.4,-0.0,136.6,ASK
282,1712180010.2417147,17043390.20018338,132.4,-0.0,136.6,ASK
283,1712180040.3594604,17043390.20018338,132.4,-0.0,136.6,ASK
284,1712180070.3326976,17043390.20018338,132.4,-0.0,136.6,ASK
285,1712180100.211559,17043390.20018338,132.4,-0.0,136.6,ASK
286,1712180130.2223692,17043390.20018338,132.4,-0.0,136.6,ASK
287,1712180155.6691492,17043465.55813364,132.7,3.090580120146524e-08,136.6,BID
288,1712180160.2785788,17043465.55813364,132.7,0.0,136.6,BID
289,1712180190.2290244,17043465.55813364,132.7,0.0,136.6,BID
290,1712180220.329021,17043465.55813364,132.7,0.0,136.6,BID
291,1712180250.3362567,17043465.55813364,132.7,0.0,136.6,BID
292,1712180280.232547,17043465.55813364,132.7,0.0,136.6,BID
293,1712180310.2253785,17043465.55813364,132.7,0.0,136.6,BID
294,1712180340.32589,17043465.55813364,132.7,0.0,136.6,BID
295,1712180346.4818785,17045726.29664155,132.7,9.271702335916196e-07,136.6,BID
296,1712180349.1719804,17053262.09166792,132.7,-3.09056744530438e-06,136.6,ASK
297,1712180370.3425004,17053262.09166792,132.7,-0.0,136.6,ASK
298,1712180400.267749,17053262.09166792,132.7,-0.0,136.6,ASK
299,1712180430.2549276,17053262.09166792,132.7,-0.0,136.6,ASK
300,1712180460.3450549,17053262.09166792,132.7,-0.0,136.6,ASK
301,1712180490.351895,17053262.09166792,132.7,-0.0,136.6,ASK
302,1712180508.355595,17053299.82766792,132.8,1.552159638037576e-08,136.6,BID
303,1712180508.3587573,17054019.71967996,132.8,2.961064566429025e-07,136.6,BID
304,1712180520.249475,17054019.71967996,132.8,0.0,136.6,BID
305,1712180550.2460892,17054019.71967996,132.8,0.0,136.6,BID
306,1712180580.3484478,17054019.71967996,132.8,0.0,136.6,BID
307,1712180610.340739,17054019.71967996,132.8,0.0,136.6,BID
308,1712180640.2480948,17054019.71967996,132.8,0.0,136.6,BID
309,1712180670.2182577,17054019.71967996,132.8,0.0,136.6,BID
310,1712180700.2494302,17054019.71967996,132.8,0.0,136.6,BID
311,1712180730.2427506,17054019.71967996,132.8,0.0,136.6,BID
312,1712180760.3382294,17054019.71967996,132.8,0.0,136.6,BID
313,1712180790.344896,17054019.71967996,132.8,0.0,136.6,BID
314,1712180820.2545624,17054019.71967996,132.8,0.0,136.6,BID
315,1712180850.2360542,17054019.71967996,132.8,0.0,136.6,BID
316,1712180880.3429794,17054019.71967996,132.8,0.0,136.6,BID
317,1712180891.7041512,17060394.53558344,132.8,2.6227383124902296e-06,136.6,BID
318,1712180891.707439,17064290.60220656,132.8,1.602926791171373e-06,136.6,BID
319,1712180891.7809725,17066083.78923654,132.8,-7.377562577801241e-07,136.6,ASK
320,1712180891.8812294,17067279.24725653,132.8,-4.918375051867495e-07,136.6,ASK
321,1712180891.96078,17067876.97626652,132.8,-2.459187525918421e-07,136.6,ASK
322,1712180892.0611105,17068474.70527652,132.8,-2.4591875259644004e-07,136.6,ASK
323,1712180910.3540025,17068474.70527652,132.8,-0.0,136.6,ASK
324,1712180940.2527046,17068474.70527652,132.8,-0.0,136.6,ASK
325,1712180970.2256143,17068474.70527652,132.8,-0.0,136.6,ASK
326,1712180999.5016756,17068512.41327652,132.9,1.5501650893808965e-08,136.6,BID
327,1712180999.5115004,17069071.53468136,132.9,2.2985320953058938e-07,136.6,BID
328,1712181000.286951,17069071.53468136,132.9,0.0,136.6,BID
329,1712181030.2356422,17069071.53468136,132.9,0.0,136.6,BID
330,1712181060.34086,17069071.53468136,132.9,0.0,136.6,BID
331,1712181090.3241055,17069071.53468136,132.9,0.0,136.6,BID
332,1712181119.4824896,17069146.89263162,132.6,-3.098566134035408e-08,136.6,ASK
333,1712181120.263544,17069146.89263162,132.6,-0.0,136.6,ASK
334,1712181150.4514277,17069146.89263162,132.6,-0.0,136.6,ASK
335,1712181180.3429945,17069146.89263162,132.6,-0.0,136.6,ASK
336,1712181210.347087,17069146.89263162,132.6,-0.0,136.6,ASK
337,1712181216.0331805,17070637.20559734,132.6,-6.127839591732379e-07,136.6,ASK
338,1712181240.2547553,17070637.20559734,132.6,-0.0,136.6,ASK
339,1712181270.2466,17070637.20559734,132.6,-0.0,136.6,ASK
340,1712181300.2892284,17070637.20559734,132.6,-0.0,136.6,ASK
341,1712181330.2374935,17070637.20559734,132.6,-0.0,136.6,ASK
342,1712181360.343566,17070637.20559734,132.6,-0.0,136.6,ASK
343,1712181390.3638706,17070637.20559734,132.6,-0.0,136.6,ASK
344,1712181420.2309508,17070637.20559734,132.6,-0.0,136.6,ASK
345,1712181450.2241397,17070637.20559734,132.6,-0.0,136.6,ASK
346,1712181480.349646,17070637.20559734,132.6,-0.0,136.6,ASK
347,1712181491.5443912,17070862.93923165,132.9,9.281680355327757e-08,136.6,BID
348,1712181509.104612,17070938.18377642,132.9,3.0938934518269777e-08,136.6,BID
349,1712181510.3507185,17070938.18377642,132.9,0.0,136.6,BID
350,1712181526.4944477,17070978.18377642,132.9,1.6446867086012237e-08,136.6,BID
351,1712181540.2676027,17070978.18377642,132.9,0.0,136.6,BID
352,1712181570.2594063,17070978.18377642,132.9,0.0,136.6,BID
353,1712181600.3974016,17070978.18377642,132.9,0.0,136.6,BID
354,1712181630.234847,17070978.18377642,132.9,0.0,136.6,BID
355,1712181660.3547628,17070978.18377642,132.9,0.0,136.6,BID
356,1712181690.350174,17070978.18377642,132.9,0.0,136.6,BID
357,1712181695.924904,17071573.41112642,132.7,-2.449996529223442e-07,136.6,ASK
358,1712181720.2429607,17071573.41112642,132.7,-0.0,136.6,ASK
359,1712181750.2651658,17071573.41112642,132.7,-0.0,136.6,ASK
360,1712181756.705198,17071717.57462642,132.7,-5.93367545972776e-08,136.6,ASK
361,1712181756.715094,17072220.59197642,132.7,-2.0703865441065425e-07,136.6,ASK
362,1712181780.3453104,17072220.59197642,132.7,-0.0,136.6,ASK
363,1712181810.3453646,17072220.59197642,132.7,-0.0,136.6,ASK
364,1712181840.2755797,17072220.59197642,132.7,-0.0,136.6,ASK
365,1712181840.69549,17072973.03742412,132.9,3.0969068264408e-07,136.6,BID
366,1712181870.235762,17072973.03742412,132.9,0.0,136.6,BID
367,1712181872.2953014,17073725.48287182,132.9,3.0967793695154854e-07,136.6,BID
368,1712181900.349996,17073725.48287182,132.9,0.0,136.6,BID
369,1712181904.6955607,17074101.89370703,132.9,1.5502605358997108e-07,136.6,BID
370,1712181927.655585,17074854.33915473,132.9,3.098971586028416e-07,136.6,BID
371,1712181930.3466942,17074854.33915473,132.9,0.0,136.6,BID
372,1712181948.8955643,17074916.37775473,132.8,-2.5549224968989692e-08,136.6,ASK
373,1712181948.9083345,17074958.65595473,132.8,-1.7411341376761604e-08,136.6,ASK
374,1712181948.9995584,17075653.32147057,132.7,-2.860826250598491e-07,136.6,ASK
375,1712181949.0956998,17076347.98698641,132.7,-2.860826250598491e-07,136.6,ASK
376,1712181949.099284,17076551.39148641,132.7,-8.37676435380097e-08,136.6,ASK
377,1712181951.3257055,17085388.02461341,132.8,3.6391718661979872e-06,136.6,BID
378,1712181960.228966,17085388.02461341,132.8,0.0,136.6,BID
379,1712181966.8079553,17085388.0246137,132.8,1.1959702257018922e-16,136.6,BID
380,1712181966.8108652,17086140.47006111,132.9,3.096996129457564e-07,136.6,BID
381,1712181973.8857362,17086856.15636111,132.9,2.945698865809292e-07,136.6,BID
382,1712181973.8895168,17087777.85866111,132.9,3.793641739011685e-07,136.6,BID
383,1712181973.905754,17088202.65376111,132.9,1.7484174899911608e-07,136.6,BID
384,1712181973.9093878,17088690.38066111,132.9,2.007438980110362e-07,136.6,BID
385,1712181990.2555776,17088690.38066111,132.9,0.0,136.6,BID
386,1712181996.5858026,17089066.4153676,132.9,1.5474446724048705e-07,136.6,BID
387,1712182020.3494036,17089066.4153676,132.9,0.0,136.6,BID
388,1712182026.674541,17089132.64053316,132.8,-2.725218453228665e-08,136.6,ASK
389,1712182034.1056707,17089310.38363316,132.9,7.314270518591101e-08,136.6,BID
390,1712182050.359006,17089310.38363316,132.9,0.0,136.6,BID
391,1712182080.2362216,17089310.38363316,132.9,0.0,136.6,BID
392,1712182095.0464437,17089438.71873316,132.9,5.281021411762511e-08,136.6,BID
393,1712182110.2599468,17089438.71873316,132.9,0.0,136.6,BID
394,1712182140.346049,17089438.71873316,132.9,0.0,136.6,BID
395,1712182166.4761195,17092575.92165494,132.8,-1.290957775687018e-06,136.6,ASK
396,1712182166.588095,17092694.43985494,132.8,4.8770192959746e-08,136.6,BID
397,1712182166.5957882,17092878.93905494,132.8,7.592134866264986e-08,136.6,BID
398,1712182166.695983,17093138.24655494,132.8,1.0670493486299269e-07,136.6,BID
399,1712182166.6996908,17093438.71873316,132.8,1.2364418385529757e-07,136.6,BID
400,1712182170.3513584,17093438.71873316,132.8,0.0,136.6,BID
401,1712182171.7911751,17093483.86546002,132.9,1.85738004290668e-08,136.6,BID
402,1712182200.2804985,17093483.86546002,132.9,0.0,136.6,BID
403,1712182202.6262832,17093535.08836002,132.8,-2.112272961766852e-08,136.6,ASK
404,1712182202.630285,17093615.0092818,132.8,-3.295690055765737e-08,136.6,ASK
405,1712182203.506062,17093657.0946818,132.8,1.7354709027898958e-08,136.6,BID
406,1712182222.596076,17093695.0946818,132.8,1.5670017228226367e-08,136.6,BID
407,1712182230.2702444,17093695.0946818,132.8,0.0,136.6,BID
408,1712182260.3586166,17093695.0946818,132.8,0.0,136.6,BID
409,1712182290.3477054,17093695.0946818,132.8,0.0,136.6,BID
410,1712182296.9562438,17096097.26523902,132.8,9.905689104975249e-07,136.6,BID
411,1712182297.0963354,17096255.45353902,132.8,6.523117666056677e-08,136.6,BID
412,1712182297.1158886,17096356.07803902,132.8,4.1493931825026994e-08,136.6,BID
413,1712182313.1818864,17097383.24096002,132.8,4.235651180141025e-07,136.6,BID
414,1712182313.2957084,17097483.86546002,132.8,4.1493931825026994e-08,136.6,BID
415,1712182320.2456367,17097483.86546002,132.8,0.0,136.6,BID
416,1712182350.2551794,17097483.86546002,132.8,0.0,136.6,BID
417,1712182356.14512,17097560.31346002,132.8,-3.1517871711047115e-08,136.6,ASK
418,1712182356.1498156,17101167.10992171,132.8,-1.4870048682634768e-06,136.6,ASK
419,1712182356.9050062,17101624.33312171,132.9,1.8850332462775482e-07,136.6,BID
420,1712182356.9097984,17101753.51432171,132.9,5.3258639718240246e-08,136.6,BID
421,1712182366.1953676,17101924.46962633,132.8,-7.048120761011237e-08,136.6,ASK
422,1712182366.1996088,17102425.61792633,132.8,-2.0661270180797882e-07,136.6,ASK
423,1712182366.2946515,17102500.34532633,132.8,3.0808505213596655e-08,136.6,BID
424,1712182366.3146262,17102551.33932633,132.8,2.102373312610788e-08,136.6,BID
425,1712182380.3470612,17102551.33932633,132.8,0.0,136.6,BID
426,1712182391.284142,17103595.13655255,132.8,4.302158496428033e-07,136.6,BID
427,1712182391.384056,17103739.57785255,132.9,5.95335329913206e-08,136.6,BID
428,1712182391.4040885,17103786.93985255,132.9,1.9520920882735936e-08,136.6,BID
429,1712182391.4078898,17103954.94125255,132.9,6.9244162779465e-08,136.6,BID
430,1712182404.0841892,17104081.84855255,132.9,5.230664589358024e-08,136.6,BID
431,1712182404.088317,17104168.35265255,132.9,3.565389325017869e-08,136.6,BID
432,1712182410.3872356,17104168.35265255,132.9,0.0,136.6,BID
433,1712182434.693247,17104213.4654345,132.9,1.8592227724423212e-08,136.6,BID
434,1712182440.2536242,17104213.4654345,132.9,0.0,136.6,BID
435,1712182459.262849,17105720.62443977,132.8,-6.211404616132669e-07,136.6,ASK
436,1712182459.3825617,17105780.79043977,132.9,2.479601480896636e-08,136.6,BID
437,1712182459.4026356,17105823.93903977,132.9,1.7782689967557234e-08,136.6,BID
438,1712182459.5026848,17105869.12983977,132.9,1.8624335106330845e-08,136.6,BID
439,1712182470.2558131,17105869.12983977,132.9,0.0,136.6,BID
440,1712182500.2820284,17105869.12983977,132.9,0.0,136.6,BID
441,1712182529.9918823,17108869.12983977,132.9,1.2375185726838152e-06,136.6,BID
442,1712182530.0922315,17108989.26373977,132.9,4.9555977485455314e-08,136.6,BID
443,1712182530.129232,17109066.94243977,132.9,3.204294465066443e-08,136.6,BID
444,1712182530.2386477,17109066.94243977,132.9,0.0,136.6,BID
445,1712182538.2512572,17109443.16516362,132.9,1.551670003067514e-07,136.6,BID
446,1712182550.9093668,17117294.17344051,132.9,3.238021859053276e-06,136.6,BID
447,1712182550.9810834,17117605.22114051,132.9,1.28286611897014e-07,136.6,BID
448,1712182550.985778,17118061.64754051,132.9,1.8824571419630065e-07,136.6,BID
449,1712182560.3608,17118061.64754051,132.9,0.0,136.6,BID
450,1712182590.35644,17118061.64754051,132.9,0.0,136.6,BID
451,1712182620.2430584,17118061.64754051,132.9,0.0,136.6,BID
452,1712182650.259669,17118061.64754051,132.9,0.0,136.6,BID
453,1712182660.4091454,17118203.40904051,132.9,5.8438435015190914e-08,136.6,BID
454,1712182676.399465,17118353.99271865,132.8,-6.207520722571476e-08,136.6,ASK
455,1712182676.403773,17125906.77540892,132.8,-3.113488503058548e-06,136.6,ASK
456,1712182676.4791443,17126414.63150892,132.9,2.093538492238331e-07,136.6,BID
457,1712182676.483685,17127116.83080892,132.9,2.894680725049015e-07,136.6,BID
458,1712182676.5589707,17127459.16170892,132.9,1.4111928875851302e-07,136.6,BID
459,1712182676.5791612,17127997.49030892,132.9,2.219155476468685e-07,136.6,BID
460,1712182680.3436096,17127997.49030892,132.9,0.0,136.6,BID
461,1712182686.7187235,17143815.54711855,132.9,6.517142340255268e-06,136.6,BID
462,1712182686.8386683,17181181.56351855,132.9,1.5395041913044888e-05,136.6,BID
463,1712182710.3430529,17181181.56351855,132.9,0.0,136.6,BID
464,1712182740.2342584,17181181.56351855,132.9,0.0,136.6,BID
465,1712182749.0178494,17193181.56351855,132.8,-4.929722100893907e-06,136.6,ASK
466,1712182770.243788,17193181.56351855,132.8,-0.0,136.6,ASK
467,1712182800.300259,17193181.56351855,132.8,-0.0,136.6,ASK
468,1712182830.2277398,17193181.56351855,132.8,-0.0,136.6,ASK
469,1712182837.5269988,17199326.74383948,132.8,-2.5275032299537685e-06,136.6,ASK
470,1712182860.2605724,17199326.74383948,132.8,-0.0,136.6,ASK
471,1712182890.2436316,17199326.74383948,132.8,-0.0,136.6,ASK
472,1712182920.3398554,17199326.74383948,132.8,-0.0,136.6,ASK
473,1712182950.3435786,17199326.74383948,132.8,-0.0,136.6,ASK
474,1712182980.2213948,17199326.74383948,132.8,-0.0,136.6,ASK
475,1712183010.238998,17199326.74383948,132.8,-0.0,136.6,ASK
476,1712183040.3450277,17199326.74383948,132.8,-0.0,136.6,ASK
477,1712183070.3371222,17199326.74383948,132.8,-0.0,136.6,ASK
478,1712183100.2446384,17199326.74383948,132.8,-0.0,136.6,ASK
479,1712183130.2431755,17199326.74383948,132.8,-0.0,136.6,ASK
480,1712183160.2767856,17199326.74383948,132.8,-0.0,136.6,ASK
481,1712183190.211161,17199326.74383948,132.8,-0.0,136.6,ASK
482,1712183220.339556,17199326.74383948,132.8,-0.0,136.6,ASK
483,1712183250.336773,17199326.74383948,132.8,-0.0,136.6,ASK
484,1712183251.163311,17199691.2430406,132.9,1.5022566296184173e-07,136.6,BID
485,1712183280.2571256,17199691.2430406,132.9,0.0,136.6,BID
486,1712183284.7632344,17200456.71818923,132.8,-3.154786499452797e-07,136.6,ASK
487,1712183310.230181,17200456.71818923,132.8,-0.0,136.6,ASK
488,1712183340.3466218,17200456.71818923,132.8,-0.0,136.6,ASK
489,1712183355.5740297,17204217.06525422,132.9,1.549703499193419e-06,136.6,BID
490,1712183370.3283684,17204217.06525422,132.9,0.0,136.6,BID
491,1712183400.4223466,17204217.06525422,132.9,0.0,136.6,BID
492,1712183407.2986836,17204292.30979899,132.9,3.1055381743622104e-08,136.6,BID
493,1712183430.3284595,17204292.30979899,132.9,0.0,136.6,BID
494,1712183453.2420995,17211003.4989749,132.9,2.769870988695253e-06,136.6,BID
495,1712183460.256344,17211003.4989749,132.9,0.0,136.6,BID
496,1712183461.072688,17214765.72621342,132.9,1.552191292298622e-06,136.6,BID
497,1712183490.2465303,17214765.72621342,132.9,0.0,136.6,BID
498,1712183520.3347218,17214765.72621342,132.9,0.0,136.6,BID
499,1712183550.3415778,17214765.72621342,132.9,0.0,136.6,BID
500,1712183580.2489157,17214765.72621342,132.9,0.0,136.6,BID
501,1712183610.2149398,17214765.72621342,132.9,0.0,136.6,BID
502,1712183640.331197,17214765.72621342,132.9,0.0,136.6,BID
503,1712183666.2411976,17215157.75042323,132.8,-1.6170502941363234e-07,136.6,ASK
504,1712183670.320875,17215157.75042323,132.8,-0.0,136.6,ASK
505,1712183700.2206252,17215157.75042323,132.8,-0.0,136.6,ASK
506,1712183730.2460108,17215157.75042323,132.8,-0.0,136.6,ASK
507,1712183760.3353417,17215157.75042323,132.8,-0.0,136.6,ASK
508,1712183790.3267064,17215157.75042323,132.8,-0.0,136.6,ASK
509,1712183820.246378,17215157.75042323,132.8,-0.0,136.6,ASK
510,1712183850.2225733,17215157.75042323,132.8,-0.0,136.6,ASK
511,1712183880.3598435,17215157.75042323,132.8,-0.0,136.6,ASK
512,1712183910.3307068,17215157.75042323,132.8,-0.0,136.6,ASK
513,1712183940.2636857,17215157.75042323,132.8,-0.0,136.6,ASK
514,1712183970.2396486,17215157.75042323,132.8,-0.0,136.6,ASK
515,1712184000.259354,17215157.75042323,132.8,-0.0,136.6,ASK
516,1712184030.221351,17215157.75042323,132.8,-0.0,136.6,ASK
517,1712184060.3395865,17215157.75042323,132.8,-0.0,136.6,ASK
518,1712184084.0241296,17216662.64131864,132.9,6.218679865448453e-07,136.6,BID
519,1712184090.3304482,17216662.64131864,132.9,0.0,136.6,BID
520,1712184120.210648,17216662.64131864,132.9,0.0,136.6,BID
521,1712184150.2300398,17216662.64131864,132.9,0.0,136.6,BID
522,1712184180.331055,17216662.64131864,132.9,0.0,136.6,BID
523,1712184196.738934,17289431.75713695,132.9,3.0067989653278447e-05,136.6,BID
524,1712184210.321773,17289431.75713695,132.9,0.0,136.6,BID
525,1712184240.2301557,17289431.75713695,132.9,0.0,136.6,BID
526,1712184270.2397895,17289431.75713695,132.9,0.0,136.6,BID
527,1712184279.05837,17296719.68460178,132.9,2.9993651260490016e-06,136.6,BID
528,1712184300.2673602,17296719.68460178,132.9,0.0,136.6,BID
529,1712184330.248383,17296719.68460178,132.9,0.0,136.6,BID
530,1712184360.3307266,17296719.68460178,132.9,0.0,136.6,BID
531,1712184390.3311005,17296719.68460178,132.9,0.0,136.6,BID
532,1712184420.240123,17296719.68460178,132.9,0.0,136.6,BID
533,1712184450.2303262,17296719.68460178,132.9,0.0,136.6,BID
534,1712184480.329913,17296719.68460178,132.9,0.0,136.6,BID
535,1712184510.321601,17296719.68460178,132.9,0.0,136.6,BID
536,1712184540.2232664,17296719.68460178,132.9,0.0,136.6,BID
537,1712184570.2303014,17296719.68460178,132.9,0.0,136.6,BID
538,1712184600.262436,17296719.68460178,132.9,0.0,136.6,BID
539,1712184601.9205072,17300026.52240178,132.9,1.363276490388354e-06,136.6,BID
540,1712184630.22552,17300026.52240178,132.9,0.0,136.6,BID
541,1712184660.3507264,17300026.52240178,132.9,0.0,136.6,BID
542,1712184662.7208412,17305075.68360178,132.9,2.0811894236123984e-06,136.6,BID
543,1712184690.323783,17305075.68360178,132.9,0.0,136.6,BID
544,1712184720.2152948,17305075.68360178,132.9,0.0,136.6,BID
545,1712184723.181151,17305374.17680178,132.9,1.2300045299249836e-07,136.6,BID
546,1712184750.223753,17305374.17680178,132.9,0.0,136.6,BID
547,1712184780.3270218,17305374.17680178,132.9,0.0,136.6,BID
548,1712184810.3314528,17305374.17680178,132.9,0.0,136.6,BID
549,1712184840.2357202,17305374.17680178,132.9,0.0,136.6,BID
550,1712184870.2220385,17305374.17680178,132.9,0.0,136.6,BID
551,1712184900.3140044,17305374.17680178,132.9,0.0,136.6,BID
552,1712184930.334473,17305374.17680178,132.9,0.0,136.6,BID
553,1712184960.227686,17305374.17680178,132.9,0.0,136.6,BID
554,1712184990.2435968,17305374.17680178,132.9,0.0,136.6,BID
555,1712185020.316706,17305374.17680178,132.9,0.0,136.6,BID
556,1712185022.4635012,17305449.42134655,132.9,3.103734500940795e-08,136.6,BID
557,1712185050.346691,17305449.42134655,132.9,0.0,136.6,BID
558,1712185080.2272122,17305449.42134655,132.9,0.0,136.6,BID
559,1712185110.2230632,17305449.42134655,132.9,0.0,136.6,BID
560,1712185140.323167,17305449.42134655,132.9,0.0,136.6,BID
561,1712185170.3330967,17305449.42134655,132.9,0.0,136.6,BID
562,1712185200.3533154,17305449.42134655,132.9,0.0,136.6,BID
563,1712185230.223243,17305449.42134655,132.9,0.0,136.6,BID
564,1712185234.333082,17305675.15498086,132.9,9.333017174909762e-08,136.6,BID
565,1712185260.3333538,17305675.15498086,132.9,0.0,136.6,BID
566,1712185290.336237,17305675.15498086,132.9,0.0,136.6,BID
567,1712185320.2129674,17305675.15498086,132.9,0.0,136.6,BID
568,1712185350.2361836,17305675.15498086,132.9,0.0,136.6,BID
569,1712185356.5033493,17427631.80645196,132.9,5.042267663716216e-05,136.6,BID
570,1712185356.582652,17431927.39030483,132.9,1.775998545125109e-06,136.6,BID
571,1712185356.6627855,17431965.06930483,133.0,1.557828958211813e-08,136.6,BID
572,1712185356.6672382,17436950.04528861,133.0,2.0610260206571364e-06,136.6,BID
573,1712185380.3431208,17436950.04528861,133.0,0.0,136.6,BID
574,1712185401.437496,17440181.43833696,133.0,1.3264433266757016e-06,136.6,BID
575,1712185401.4398308,17440856.55472044,133.0,2.771261831027364e-07,136.6,BID
576,1712185410.336553,17440856.55472044,133.0,0.0,136.6,BID
577,1712185440.2228365,17440856.55472044,133.0,0.0,136.6,BID
578,1712185465.7933197,17440894.20572044,133.1,1.5451932918004597e-08,136.6,BID
579,1712185465.7981586,17443024.55105191,133.1,8.742916032405923e-07,136.6,BID
580,1712185470.2267256,17443024.55105191,133.1,0.0,136.6,BID
581,1712185500.3266816,17443024.55105191,133.1,0.0,136.6,BID
582,1712185530.3476715,17443024.55105191,133.1,0.0,136.6,BID
583,1712185560.2304237,17443024.55105191,133.1,0.0,136.6,BID
584,1712185572.833562,17443062.08858944,133.2,1.5469567072683265e-08,136.6,BID
585,1712185590.2333283,17443062.08858944,133.2,0.0,136.6,BID
586,1712185620.3445015,17443062.08858944,133.2,0.0,136.6,BID
587,1712185637.593308,17446824.31582797,132.9,-1.5504455144100393e-06,136.6,ASK
588,1712185650.3437128,17446824.31582797,132.9,-0.0,136.6,ASK
589,1712185655.1234913,17446899.30544057,133.2,3.0897484038829305e-08,136.6,BID
590,1712185655.1275077,17446899.39090304,133.2,3.5212547431665564e-11,136.6,BID
591,1712185680.2433815,17446899.39090304,133.2,0.0,136.6,BID
592,1712185710.2336428,17446899.39090304,133.2,0.0,136.6,BID
593,1712185715.7542198,17450587.660675,133.2,1.5196476274976345e-06,136.6,BID
594,1712185715.759576,17450928.81074506,133.8,1.4056127307410868e-07,136.6,BID
595,1712185715.7635446,17450966.37674506,133.4,1.5478011724641674e-08,136.6,BID
596,1712185715.7675183,17451003.97074506,133.3,1.5489548335983612e-08,136.6,BID
597,1712185715.7713792,17451053.97074506,133.2,2.060109104614416e-08,136.6,BID
598,1712185715.7737498,17456191.48074506,133.6,2.116766225208661e-06,136.6,BID
599,1712185715.776009,17456228.96274506,133.7,1.5443401892150763e-08,136.6,BID
600,1712185715.778272,17456266.50074506,133.5,1.5466475114834642e-08,136.6,BID
601,1712185732.0735788,17456341.2391606,133.8,3.0793858063378935e-08,136.6,BID
602,1712185740.3260438,17456341.2391606,133.8,0.0,136.6,BID
603,1712185770.326058,17456341.2391606,133.8,0.0,136.6,BID
604,1712185800.2567449,17456341.2391606,133.8,0.0,136.6,BID
605,1712185830.2377822,17456341.2391606,133.8,0.0,136.6,BID
606,1712185860.3434198,17456341.2391606,133.8,0.0,136.6,BID
607,1712185881.5249674,17456386.08220992,133.8,1.852856717507554e-08,136.6,BID
608,1712185890.3375278,17456386.08220992,133.8,0.0,136.6,BID
609,1712185920.22352,17456386.08220992,133.8,0.0,136.6,BID
610,1712185948.1033854,17467596.84454175,133.8,4.632130311156514e-06,136.6,BID
611,1712185950.2340653,17467596.84454175,133.8,0.0,136.6,BID
612,1712185962.26336,17471333.76531902,133.8,1.5430870640361342e-06,136.6,BID
613,1712185972.270968,17471371.08621454,133.8,1.5410921056739865e-08,136.6,BID
614,1712185980.3475225,17471371.08621454,133.8,0.0,136.6,BID
615,1712186010.3174102,17471371.08621454,133.8,0.0,136.6,BID
616,1712186020.213729,17471411.08621454,133.8,1.6513760368080197e-08,136.6,BID
617,1712186040.24746,17471411.08621454,133.8,0.0,136.6,BID
618,1712186070.2474165,17471411.08621454,133.8,0.0,136.6,BID
619,1712186100.253376,17471411.08621454,133.8,0.0,136.6,BID
620,1712186130.2679677,17471411.08621454,133.8,0.0,136.6,BID
621,1712186160.3324585,17471411.08621454,133.8,0.0,136.6,BID
622,1712186190.3483024,17471411.08621454,133.8,0.0,136.6,BID
623,1712186220.2357814,17471411.08621454,133.8,0.0,136.6,BID
624,1712186250.2242484,17471411.08621454,133.8,0.0,136.6,BID
625,1712186280.323321,17471411.08621454,133.8,0.0,136.6,BID
626,1712186310.3561494,17471411.08621454,133.8,0.0,136.6,BID
627,1712186340.237571,17471411.08621454,133.8,0.0,136.6,BID
628,1712186346.9134226,17472326.29153322,133.5,-3.778491913878024e-07,136.6,ASK
629,1712186346.918883,17472363.80153322,133.3,-1.548627709963567e-08,136.6,ASK
630,1712186346.9247684,17472401.33953322,133.2,-1.5497837105764413e-08,136.6,ASK
631,1712186346.9271932,17472476.33953322,133.3,-3.0964297055112553e-08,136.6,ASK
632,1712186346.9295745,17489983.74298658,133.0,-7.228059215912874e-06,136.6,ASK
633,1712186346.9319718,17490021.33698658,133.0,-1.5520957113407855e-08,136.6,ASK
634,1712186346.93434,17490058.81898658,133.4,-1.5474717096582955e-08,136.6,ASK
635,1712186346.936741,17490096.38498658,133.1,-1.5509397108817126e-08,136.6,ASK
636,1712186346.9391413,17490196.38498658,133.2,-4.1285729406816736e-08,136.6,ASK
637,1712186346.9415329,17497927.31291104,133.1,-3.1917699835292755e-06,136.6,ASK
638,1712186346.9439414,17502777.31291104,133.0,-2.002357876230612e-06,136.6,ASK
639,1712186370.2400973,17502777.31291104,133.0,-0.0,136.6,ASK
640,1712186385.6732595,17502814.90691104,133.3,1.5494262648337047e-08,136.6,BID
641,1712186385.8133636,17505577.47131104,133.4,1.1385832418989106e-06,136.6,BID
642,1712186385.8186636,17507497.67381104,133.4,7.91406125248755e-07,136.6,BID
643,1712186400.2889853,17507497.67381104,133.4,0.0,136.6,BID
644,1712186406.7234974,17507597.67381104,133.3,-4.1212487974521847e-08,136.6,ASK
645,1712186419.6934528,17508967.69059679,133.3,-5.6461800307545e-07,136.6,ASK
646,1712186430.2388866,17508967.69059679,133.3,-0.0,136.6,ASK
647,1712186444.0652485,17509343.91332063,132.9,-1.5503822436708177e-07,136.6,ASK
648,1712186444.0706804,17509381.47932063,133.1,-1.5480633059712362e-08,136.6,ASK
649,1712186444.0743248,17509419.07332063,133.0,-1.549217162487915e-08,136.6,ASK
650,1712186444.0767171,17509456.69632063,132.9,-1.550412228094628e-08,136.6,ASK
651,1712186444.0791116,17521901.99667503,132.8,-5.128603740248895e-06,136.6,ASK
652,1712186444.0815196,17522001.99667503,132.9,-4.1209160037959166e-08,136.6,ASK
653,1712186444.083943,17523513.37909426,133.1,-6.228279999270088e-07,136.6,ASK
654,1712186444.0863662,17527883.41212285,133.0,-1.8008539044623786e-06,136.6,ASK
655,1712186460.3343463,17527883.41212285,133.0,-0.0,136.6,ASK
656,1712186490.345004,17527883.41212285,133.0,-0.0,136.6,ASK
657,1712186520.2452605,17527883.41212285,133.0,-0.0,136.6,ASK
658,1712186524.1359394,17527933.41212285,132.8,-2.05832608394819e-08,136.6,ASK
659,1712186535.2966373,17545440.81557621,132.8,-7.207189038051613e-06,136.6,ASK
660,1712186550.254239,17545440.81557621,132.8,-0.0,136.6,ASK
661,1712186580.3750262,17545440.81557621,132.8,-0.0,136.6,ASK
662,1712186610.337573,17545440.81557621,132.8,-0.0,136.6,ASK
663,1712186640.240196,17545440.81557621,132.8,-0.0,136.6,ASK
664,1712186670.2488897,17545440.81557621,132.8,-0.0,136.6,ASK
665,1712186700.3492167,17545440.81557621,132.8,-0.0,136.6,ASK
666,1712186730.3472495,17545440.81557621,132.8,-0.0,136.6,ASK
667,1712186760.2526083,17545440.81557621,132.8,-0.0,136.6,ASK
668,1712186760.430016,17549136.28071568,132.8,-1.5217957489592746e-06,136.6,ASK
669,1712186760.4354768,17549810.8486048,132.8,-2.7778764169026453e-07,136.6,ASK
670,1712186790.250273,17549810.8486048,132.8,-0.0,136.6,ASK
671,1712186820.3721032,17549810.8486048,132.8,-0.0,136.6,ASK
672,1712186850.346143,17549810.8486048,132.8,-0.0,136.6,ASK
673,1712186857.4114275,17549818.26508191,133.3,3.053381993697527e-09,136.6,BID
674,1712186857.4172404,17549855.88808191,133.2,1.5489482275798717e-08,136.6,BID
675,1712186880.261672,17549855.88808191,133.2,0.0,136.6,BID
676,1712186910.1572063,17549886.0656048,133.3,1.242413022035318e-08,136.6,BID
677,1712186910.2350695,17549886.0656048,133.3,0.0,136.6,BID
678,1712186910.3014276,17551827.1414048,133.3,-7.991424165219832e-07,136.6,ASK
679,1712186910.3043046,17554675.4591048,133.3,-1.1726546123532791e-06,136.6,ASK
680,1712186910.3834424,17555668.98686117,133.3,-4.090361500086733e-07,136.6,ASK
681,1712186910.3880627,17557745.12456117,133.3,-8.54747505794539e-07,136.6,ASK
682,1712186910.456921,17562961.14528207,133.3,-2.147439787527897e-06,136.6,ASK
683,1712186910.619156,17568403.5512477,133.3,-2.2406427688519715e-06,136.6,ASK
684,1712186940.285222,17568403.5512477,133.3,-0.0,136.6,ASK
685,1712186970.2755303,17568403.5512477,133.3,-0.0,136.6,ASK
686,1712187000.3266337,17568403.5512477,133.3,-0.0,136.6,ASK
687,1712187030.269299,17568403.5512477,133.3,-0.0,136.6,ASK
688,1712187060.334844,17568403.5512477,133.3,-0.0,136.6,ASK
689,1712187066.824,17568441.1172477,133.4,1.5511995950910072e-08,136.6,BID
690,1712187066.834084,17568470.0267821,133.4,1.1937512126283733e-08,136.6,BID
691,1712187083.733659,17569339.36356892,133.3,-3.5897217476655533e-07,136.6,ASK
692,1712187083.8144405,17570208.70035573,133.3,-3.5897217476194054e-07,136.6,ASK
693,1712187090.3537807,17570208.70035573,133.3,-0.0,136.6,ASK
694,1712187098.5637789,17570408.70035573,133.4,8.25770897842016e-08,136.6,BID
695,1712187099.3438778,17570438.78635573,133.4,1.2422071615905214e-08,136.6,BID
696,1712187120.324443,17570438.78635573,133.4,0.0,136.6,BID
697,1712187150.2327266,17570438.78635573,133.4,0.0,136.6,BID
698,1712187180.363731,17570438.78635573,133.4,0.0,136.6,BID
699,1712187181.8148198,17570708.58242823,133.4,-1.113934608351171e-07,136.6,ASK
700,1712187195.40534,17578439.51035269,133.4,-3.191947195476044e-06,136.6,ASK
701,1712187210.3501563,17578439.51035269,133.4,-0.0,136.6,ASK
702,1712187240.2534237,17578439.51035269,133.4,-0.0,136.6,ASK
703,1712187270.2579868,17578439.51035269,133.4,-0.0,136.6,ASK
704,1712187276.2861805,17578477.02035269,133.6,1.5480315279854906e-08,136.6,BID
705,1712187276.2920785,17579898.97834071,133.6,5.868397218953971e-07,136.6,BID
706,1712187276.2976377,17579936.51634071,133.5,1.5491870832601573e-08,136.6,BID
707,1712187300.3432038,17579936.51634071,133.5,0.0,136.6,BID
708,1712187330.3478255,17579936.51634071,133.5,0.0,136.6,BID
709,1712187360.2462776,17579936.51634071,133.5,0.0,136.6,BID
710,1712187390.251233,17579936.51634071,133.5,0.0,136.6,BID
711,1712187420.3498335,17579936.51634071,133.5,0.0,136.6,BID
712,1712187450.343327,17579936.51634071,133.5,0.0,136.6,BID
713,1712187480.25888,17579936.51634071,133.5,0.0,136.6,BID
714,1712187510.257052,17579936.51634071,133.5,0.0,136.6,BID
715,1712187540.370681,17579936.51634071,133.5,0.0,136.6,BID
716,1712187570.3477504,17579936.51634071,133.5,0.0,136.6,BID
717,1712187600.2917376,17579936.51634071,133.5,0.0,136.6,BID
718,1712187620.8882291,17580291.90418902,133.4,-1.5100568550669102e-07,136.6,ASK
719,1712187620.8916357,17587351.22050371,133.4,-2.9995310880126974e-06,136.6,ASK
720,1712187620.9095116,17587351.22050454,133.4,-3.529845603695279e-16,136.6,ASK
721,1712187621.007855,17593114.42239977,133.3,-2.448807006319028e-06,136.6,ASK
722,1712187621.0107296,17593151.93239954,133.3,-1.5938145481503472e-08,136.6,ASK
723,1712187621.0278876,17593151.93239977,133.3,-9.655631471991572e-17,136.6,ASK
724,1712187621.5095122,17593189.47039977,133.2,-1.595004288942634e-08,136.6,ASK
725,1712187622.0884972,17593227.03639977,133.1,-1.5961940197627115e-08,136.6,ASK
726,1712187630.2540505,17593227.03639977,133.1,-0.0,136.6,ASK
727,1712187631.908205,17593508.30494134,133.3,1.194221678437068e-07,136.6,BID
728,1712187631.914148,17594512.31274134,133.3,4.262858097750763e-07,136.6,BID
729,1712187660.3477578,17594512.31274134,133.3,0.0,136.6,BID
730,1712187690.3481855,17594512.31274134,133.3,0.0,136.6,BID
731,1712187693.3983428,17602048.10776771,133.3,3.199346481901277e-06,136.6,BID
732,1712187693.4051523,17603317.93016771,133.3,5.391072625865398e-07,136.6,BID
733,1712187693.4979522,17603656.27496771,133.3,-1.4364539398576274e-07,136.6,ASK
734,1712187693.6179316,17608575.98490938,133.3,-2.088678983276537e-06,136.6,ASK
735,1712187713.1481314,17608613.55090938,133.4,1.5948768446779653e-08,136.6,BID
736,1712187713.152584,17608650.94742812,133.4,1.5876814621173055e-08,136.6,BID
737,1712187715.7579558,17608725.90994686,133.4,3.182558306953429e-08,136.6,BID
738,1712187720.2288263,17608725.90994686,133.4,0.0,136.6,BID
739,1712187722.2182884,17608800.8724656,133.4,3.1800003280798924e-08,136.6,BID
740,1712187750.2411923,17608800.8724656,133.4,0.0,136.6,BID
741,1712187780.3592584,17608800.8724656,133.4,0.0,136.6,BID
742,1712187810.382102,17608800.8724656,133.4,0.0,136.6,BID
743,1712187840.2401288,17608800.8724656,133.4,0.0,136.6,BID
744,1712187870.2552795,17608800.8724656,133.4,0.0,136.6,BID
745,1712187900.2794256,17608800.8724656,133.4,0.0,136.6,BID
746,1712187930.2593064,17608800.8724656,133.4,0.0,136.6,BID
747,1712187960.0595996,17613256.10362063,133.3,-1.8913549145405624e-06,136.6,ASK
748,1712187960.1619153,17613334.93244945,133.2,-3.346477154751711e-08,136.6,ASK
749,1712187960.3432205,17613334.93244945,133.2,-0.0,136.6,ASK
750,1712187961.2851436,17613410.06392954,133.1,-3.1886974909847525e-08,136.6,ASK
751,1712187961.289473,17613447.62992954,133.1,-1.5943597783670718e-08,136.6,ASK
752,1712187990.3415277,17613447.62992954,133.1,-0.0,136.6,ASK
753,1712188020.289709,17613447.62992954,133.1,-0.0,136.6,ASK
754,1712188050.2584698,17613447.62992954,133.1,-0.0,136.6,ASK
755,1712188067.090314,17613597.89288972,133.2,-6.37735438214211e-08,136.6,ASK
756,1712188080.3605769,17613597.89288972,133.2,-0.0,136.6,ASK
757,1712188110.3566377,17613597.89288972,133.2,-0.0,136.6,ASK
758,1712188140.250111,17613597.89288972,133.2,-0.0,136.6,ASK
759,1712188170.26431,17613597.89288972,133.2,-0.0,136.6,ASK
760,1712188182.760406,17613970.47113115,133.4,1.581256814185233e-07,136.6,BID
761,1712188200.266884,17613970.47113115,133.4,0.0,136.6,BID
762,1712188230.250349,17613970.47113115,133.4,0.0,136.6,BID
763,1712188260.3606417,17613970.47113115,133.4,0.0,136.6,BID
764,1712188290.3523667,17613970.47113115,133.4,0.0,136.6,BID
765,1712188320.2761364,17613970.47113115,133.4,0.0,136.6,BID
766,1712188345.951466,17614008.06513115,133.0,-1.5959385474124933e-08,136.6,ASK
767,1712188345.9565425,17615474.23052965,133.0,-6.224157781343798e-07,136.6,ASK
768,1712188350.2552736,17615474.23052965,133.0,-0.0,136.6,ASK
769,1712188380.3676696,17615474.23052965,133.0,-0.0,136.6,ASK
770,1712188410.3670828,17615474.23052965,133.0,-0.0,136.6,ASK
771,1712188440.253663,17615474.23052965,133.0,-0.0,136.6,ASK
772,1712188445.1622367,17615871.34612965,133.3,1.685689973543391e-07,136.6,BID
773,1712188445.1689951,17615912.27828636,133.4,1.7375022830903212e-08,136.6,BID
774,1712188445.174999,17616220.49918636,133.3,1.3083466899022636e-07,136.6,BID
775,1712188470.2414954,17616220.49918636,133.3,0.0,136.6,BID
776,1712188499.19068,17649344.49212557,133.0,-1.4059992855184456e-05,136.6,ASK
777,1712188500.3575902,17649344.49212557,133.0,-0.0,136.6,ASK
778,1712188530.351343,17649344.49212557,133.0,-0.0,136.6,ASK
779,1712188537.8945167,17653344.49212557,133.3,-1.703032447150249e-06,136.6,ASK
780,1712188557.3191123,17653436.23524483,133.0,-3.906037722497182e-08,136.6,ASK
781,1712188560.2605577,17653436.23524483,133.0,-0.0,136.6,ASK
782,1712188590.2391398,17653436.23524483,133.0,-0.0,136.6,ASK
783,1712188605.8675988,17657198.46248335,133.0,-1.6014268990406613e-06,136.6,ASK
784,1712188620.337246,17657198.46248335,133.0,-0.0,136.6,ASK
785,1712188650.3582776,17657198.46248335,133.0,-0.0,136.6,ASK
786,1712188667.89661,17662741.49314081,133.4,2.358939951846072e-06,136.6,BID
787,1712188667.9034977,17663762.12218273,133.4,4.343477010654494e-07,136.6,BID
788,1712188680.2339492,17663762.12218273,133.4,0.0,136.6,BID
789,1712188710.2656968,17663762.12218273,133.4,0.0,136.6,BID
790,1712188740.35753,17663762.12218273,133.4,0.0,136.6,BID
791,1712188740.8096364,17663799.68818273,133.1,-1.598095618225127e-08,136.6,ASK
792,1712188745.9047318,17665810.62898273,133.0,-8.554745464038484e-07,136.6,ASK
793,1712188745.9911122,17665848.22298273,133.0,-1.599286766569159e-08,136.6,ASK
794,1712188745.996271,17678210.39148475,133.0,-5.258991459038357e-06,136.6,ASK
795,1712188746.5249174,17678248.01448475,132.9,-1.6005204558518992e-08,136.6,ASK
796,1712188746.5314202,17678446.25902952,132.9,-8.433523354573199e-08,136.6,ASK
797,1712188761.1044989,17679882.32102952,133.0,6.109152930111788e-07,136.6,BID
798,1712188768.894454,17680232.11092952,133.1,1.4880415974301045e-07,136.6,BID
799,1712188768.9010684,17680999.23912952,133.1,3.263440917456795e-07,136.6,BID
800,1712188768.9049826,17681301.01063287,133.1,1.2837664835491798e-07,136.6,BID
801,1712188770.3772197,17681301.01063287,133.1,0.0,136.6,BID
802,1712188783.0843391,17681843.57723287,133.1,2.3058448613161334e-07,136.6,BID
803,1712188783.089399,17681927.93223287,133.1,3.5849892580286243e-08,136.6,BID
804,1712188800.36751,17681927.93223287,133.1,0.0,136.6,BID
805,1712188805.0563347,4325.43211088,132.8,-1.8700145367763848e-06,132.8,ASK
806,1712188805.0594869,11844.22910336,133.0,-3.2506023247114672e-06,133.0,ASK
807,1712188805.0624192,11965.24540243,132.8,-5.23189897903032e-08,133.0,ASK
808,1712188805.0653152,13019.12889665,132.8,-4.5562556612618723e-07,133.0,ASK
809,1712188808.9191892,16827.51997057,132.8,-1.646482128813466e-06,133.0,ASK
810,1712188808.9383388,18032.67262092,132.8,-5.210237769124492e-07,133.0,ASK
811,1712188808.994326,18107.97382573,132.8,-3.255497809739809e-08,133.0,ASK
812,1712188809.000195,64206.9859779,132.8,-1.992999095714641e-05,133.0,ASK
813,1712188809.133587,64282.34392816,132.7,-3.257951086398993e-08,133.0,ASK
814,1712188809.1385615,66773.01289648,132.7,-1.0767911870216948e-06,133.0,ASK
815,1712188830.3297672,66773.01289648,132.7,-0.0,133.0,ASK
816,1712188831.2666707,67194.04672345,132.6,-1.81330342235616e-07,133.0,ASK
817,1712188831.2718077,68023.60931772,132.6,-3.572750204119881e-07,133.0,ASK
818,1712188860.545508,68023.60931772,132.6,-0.0,133.0,ASK
819,1712188860.5839334,68023.60931772,132.6,-0.0,133.0,ASK
820,1712188860.8999748,69028.94880953,132.5,-4.329474825362739e-07,133.0,ASK
821,1712188860.9050744,69781.96085772,132.5,-3.2428316328883657e-07,133.0,ASK
822,1712188871.144663,69857.48955862,132.4,-3.2526287070468355e-08,133.0,ASK
823,1712188871.1512148,74435.95384039,132.5,-1.9717066730421188e-06,133.0,ASK
824,1712188871.158753,75974.05806999,132.4,-6.623815730990553e-07,133.0,ASK
825,1712188871.1617525,76200.47316432,132.5,-9.7505216791895e-08,133.0,ASK
826,1712188871.1647668,76228.99498225,132.4,-1.2282865013010644e-08,133.0,ASK
827,1712188871.1677756,76455.75235186,132.3,-9.76526169706564e-08,133.0,ASK
828,1712188871.1707652,79455.75235186,132.3,-1.2919441225474895e-06,133.0,ASK
829,1712188871.1737988,79682.68124747,132.2,-9.772648430650724e-08,133.0,ASK
830,1712188871.1768098,83649.22048843,132.4,-1.708182353070752e-06,133.0,ASK
831,1712188871.1798258,87572.55483033,132.2,-1.6895762479354767e-06,133.0,ASK
832,1712188871.182836,90577.00234058,132.1,-1.2938594341233088e-06,133.0,ASK
833,1712188871.1858823,98135.58132772,132.3,-3.255087232415496e-06,133.0,ASK
834,1712188871.188919,101135.58132772,132.4,-1.2919441225474895e-06,133.0,ASK
835,1712188871.192311,132703.53817859,132.1,-1.3594678771438088e-05,133.0,ASK
836,1712188871.1953535,132779.12396846,132.3,-3.2550872323541695e-08,133.0,ASK
837,1712188871.1983814,135779.12396846,132.2,-1.2919441225474895e-06,133.0,ASK
838,1712188871.201444,136514.06683373,132.3,-3.165017050646026e-07,133.0,ASK
839,1712188871.204574,140474.21509394,132.2,-1.705430089731659e-06,133.0,ASK
840,1712188871.207631,141291.77754662,132.1,-3.520816685184765e-07,133.0,ASK
841,1712188887.6541824,142038.26763242,132.5,3.214744929630954e-07,133.0,BID
842,1712188890.3708036,142038.26763242,132.5,0.0,133.0,BID
843,1712188891.698726,142100.76763242,132.1,-2.6802544853987493e-08,133.0,ASK
844,1712188916.4257746,143599.26875667,132.2,-6.426182975433826e-07,133.0,ASK
845,1712188920.5096612,143599.26875667,132.2,-0.0,133.0,ASK
846,1712188920.5754204,143599.26875667,132.2,-0.0,133.0,ASK
847,1712188927.6815548,179901.01837959,132.6,1.5566290825649993e-05,133.0,BID
848,1712188933.221135,179947.89337959,132.2,-2.0100129884418807e-08,133.0,ASK
849,1712188950.2519236,179947.89337959,132.2,-0.0,133.0,ASK
850,1712188955.1648972,181113.60497925,132.2,-4.98829409581087e-07,133.0,ASK
851,1712188955.1701925,185769.05051631,132.2,-1.9921506736879863e-06,133.0,ASK
852,1712188955.281066,187466.69037207,132.2,7.26451282784769e-07,133.0,BID
853,1712188956.0709634,190899.2531227,132.3,-1.4688566629569596e-06,133.0,ASK
854,1712188956.177578,193403.11753535,132.2,1.0714495823817818e-06,133.0,BID
855,1712188958.0497758,193443.11753535,132.1,-1.7116734867409183e-08,133.0,ASK
856,1712188980.6048832,193443.11753535,132.1,-0.0,133.0,ASK
857,1712188980.699383,193443.11753535,132.1,-0.0,133.0,ASK
858,1712189005.488207,194957.12207736,132.1,-6.473760343539864e-07,133.0,ASK
859,1712189005.4926467,197957.12207736,132.1,-1.282775612075503e-06,133.0,ASK
860,1712189005.4957411,206290.45541069,132.0,-3.563265589097192e-06,133.0,ASK
861,1712189005.4987788,210753.5306105,132.1,-1.908374673725092e-06,133.0,ASK
862,1712189005.5018604,211753.5306105,132.0,-4.275918706918343e-07,133.0,ASK
863,1712189005.504935,211853.5306105,132.1,-4.275918706918343e-08,133.0,ASK
864,1712189005.5082967,239267.87432988,132.0,-1.1722150514758637e-05,133.0,ASK
865,1712189010.3625169,239267.87432988,132.0,-0.0,133.0,ASK
866,1712189040.5342395,239267.87432988,132.0,-0.0,133.0,ASK
867,1712189040.6019468,239267.87432988,132.0,-0.0,133.0,ASK
868,1712189070.238594,239267.87432988,132.0,-0.0,133.0,ASK
869,1712189100.5225208,239267.87432988,132.0,-0.0,133.0,ASK
870,1712189100.5891738,239267.87432988,132.0,-0.0,133.0,ASK
871,1712189119.26392,241540.6016026,132.2,-1.15526400732266e-06,133.0,ASK
872,1712189119.2672443,248469.0569369,132.1,-3.521845832597398e-06,133.0,ASK
873,1712189119.2704148,250313.52970543,132.2,-9.375753208695764e-07,133.0,ASK
874,1712189125.5934737,250371.52970543,132.1,-2.94823374669684e-08,133.0,ASK
875,1712189130.3492908,250371.52970543,132.1,-0.0,133.0,ASK
876,1712189137.0317266,257356.52970543,132.5,3.5479423312069173e-06,133.0,BID
877,1712189137.0889297,285027.05730043,132.6,1.405489422779237e-05,133.0,BID
878,1712189137.109079,295544.11680094,132.6,5.342007244335186e-06,133.0,BID
879,1712189142.455686,295630.13688451,132.5,-4.36928125743576e-08,133.0,ASK
880,1712189160.4297402,295630.13688451,132.5,-0.0,133.0,ASK
881,1712189160.5501685,295630.13688451,132.5,-0.0,133.0,ASK
882,1712189166.1757967,295667.75988451,133.2,1.905205744173047e-08,133.2,BID
883,1712189166.181122,296121.24379085,133.4,2.2964148080919962e-07,133.4,BID
884,1712189166.186889,296158.83779085,133.3,1.9037372018839227e-08,133.4,BID
885,1712189176.4886112,303169.81574506,133.3,-3.550316420972225e-06,133.4,ASK
886,1712189176.5964031,303660.71325971,133.3,-2.4858750357785146e-07,133.4,ASK
887,1712189177.5726454,303687.66232239,133.0,-1.3646840767085721e-08,133.4,ASK
888,1712189177.5792985,303725.22832239,133.1,-1.9023192989806223e-08,133.4,ASK
889,1712189187.878876,303762.85132239,132.9,-1.905205744173047e-08,133.4,ASK
890,1712189187.8858936,303762.96968208,132.5,-5.993662418498649e-11,133.4,ASK
891,1712189187.8912385,303773.6146194,133.0,-5.390531251753505e-09,133.4,ASK
892,1712189190.278891,303773.6146194,133.0,-0.0,133.4,ASK
1093,1712189193.4983852,303818.6146194,132.5,-2.277520549244161e-08,133.4,ASK
893,1712189193.4983852,303818.6146194,132.5,-2.2775205492441612e-08,133.4,ASK
894,1712189208.7792504,307623.21717161,132.5,-1.9255689987477804e-06,133.4,ASK
895,1712189208.7862043,314258.36314559,132.5,-3.3581514006609235e-06,133.4,ASK
896,1712189220.597753,314258.36314559,132.5,-0.0,133.4,ASK
897,1712189220.6459029,314258.36314559,132.5,-0.0,133.4,ASK
898,1712189250.354028,314258.36314559,132.5,-0.0,133.4,ASK
899,1712189280.4373925,314258.36314559,132.5,-0.0,133.4,ASK
900,1712189280.5732267,314258.36314559,132.5,-0.0,133.4,ASK
901,1712189310.2511065,314258.36314559,132.5,-0.0,133.4,ASK
902,1712189340.571165,314258.36314559,132.5,-0.0,133.4,ASK
903,1712189340.643194,314258.36314559,132.5,-0.0,133.4,ASK
904,1712189370.3548594,314258.36314559,132.5,-0.0,133.4,ASK
905,1712189386.3473544,314803.482908,132.8,-2.756998104528406e-07,133.4,ASK
906,1712189400.5456731,314803.482908,132.8,-0.0,133.4,ASK
907,1712189400.5971098,314803.482908,132.8,-0.0,133.4,ASK
908,1712189412.677551,314954.42630422,133.0,-7.801534020658112e-08,133.4,ASK
909,1712189427.497418,315563.2543103,133.1,3.146737466566788e-07,133.4,BID
910,1712189427.504599,316563.2543103,133.1,5.168516288906218e-07,133.4,BID
911,1712189428.1574144,316622.2061078,133.1,-3.0469332563915374e-08,133.4,ASK
912,1712189430.2528422,316622.2061078,133.1,-0.0,133.4,ASK
913,1712189460.5468006,316622.2061078,133.1,-0.0,133.4,ASK
914,1712189460.6020591,316622.2061078,133.1,-0.0,133.4,ASK
915,1712189490.3543448,316622.2061078,133.1,-0.0,133.4,ASK
916,1712189520.3979137,316622.2061078,133.1,-0.0,133.4,ASK
917,1712189520.5718384,316622.2061078,133.1,-0.0,133.4,ASK
918,1712189550.2567298,316622.2061078,133.1,-0.0,133.4,ASK
919,1712189580.5413923,316622.2061078,133.1,-0.0,133.4,ASK
920,1712189580.5809095,316622.2061078,133.1,-0.0,133.4,ASK
921,1712189610.3464355,316622.2061078,133.1,-0.0,133.4,ASK
922,1712189640.3543131,316622.2061078,133.1,-0.0,133.4,ASK
923,1712189640.5648248,316622.2061078,133.1,-0.0,133.4,ASK
924,1712189670.230926,316622.2061078,133.1,-0.0,133.4,ASK
925,1712189700.4253397,316622.2061078,133.1,-0.0,133.4,ASK
926,1712189700.5870926,316622.2061078,133.1,-0.0,133.4,ASK
927,1712189703.4595318,317698.22016748,133.1,-5.634417609497741e-07,133.4,ASK
928,1712189730.258613,317698.22016748,133.1,-0.0,133.4,ASK
929,1712189760.3673313,317698.22016748,133.1,-0.0,133.4,ASK
930,1712189786.6361833,321134.31656068,133.1,-1.7991354336501702e-06,133.4,ASK
931,1712189786.6436722,322153.45132251,133.1,-5.336175857294486e-07,133.4,ASK
932,1712189790.3505633,322153.45132251,133.1,-0.0,133.4,ASK
933,1712189806.6857336,322191.07432251,133.2,1.969323747677621e-08,133.4,BID
934,1712189820.2435749,322191.07432251,133.2,0.0,133.4,BID
935,1712189824.5597844,326706.08491562,133.2,-2.3633134674026025e-06,133.4,ASK
936,1712189850.243117,326706.08491562,133.2,-0.0,133.4,ASK
937,1712189880.3397107,326706.08491562,133.2,-0.0,133.4,ASK
938,1712189882.096156,326930.72706674,133.0,-1.1754850603357257e-07,133.4,ASK
939,1712189882.102021,327251.20467804,133.1,-1.6769633053148776e-07,133.4,ASK
940,1712189910.3824067,327251.20467804,133.1,-0.0,133.4,ASK
941,1712189927.0453565,330172.09537171,133.0,-1.5283565645623956e-06,133.4,ASK
942,1712189940.216246,330172.09537171,133.0,-0.0,133.4,ASK
943,1712189944.665954,330247.28334163,133.1,3.9334122862468216e-08,133.4,BID
944,1712189946.1918678,331350.92385796,133.1,5.773627311857728e-07,133.4,BID
945,1712189958.0154653,332205.39101317,133.0,-4.470092236928221e-07,133.4,ASK
946,1712189958.0228872,334319.13743961,133.0,-1.10579340985219e-06,133.4,ASK
947,1712189970.2284677,334319.13743961,133.0,-0.0,133.4,ASK
948,1712189998.8153405,334664.74228233,133.0,-1.8074887745745944e-07,133.4,ASK
949,1712189999.6954336,335042.24980112,133.0,-1.974337503954564e-07,133.4,ASK
950,1712189999.7098532,335565.64775885,133.0,-2.737334135096594e-07,133.4,ASK
951,1712190000.2572863,335565.64775885,133.0,-0.0,133.4,ASK
952,1712190009.2187886,335603.27075885,132.9,-2.0230344365708242e-08,133.4,ASK
1152,1712190009.2187886,335603.27075885,132.9,-2.023034436570824e-08,133.4,ASK
953,1712190018.2370386,335641.0820796,132.5,-2.033160672185533e-08,133.4,ASK
954,1712190018.2444215,335741.0820796,132.5,-5.3771215388799456e-08,133.4,ASK
955,1712190018.2487595,336082.35926993,132.4,-1.835088930851727e-07,133.4,ASK
956,1712190018.252025,339537.23950752,132.8,-1.857731093979584e-06,133.4,ASK
957,1712190018.3230257,343202.99174876,132.4,1.9711195332569035e-06,133.4,BID
958,1712190027.575107,343278.03147152,132.3,-4.0349770952455495e-08,133.4,ASK
959,1712190030.2560754,343278.03147152,132.3,-0.0,133.4,ASK
960,1712190060.3534195,343278.03147152,132.3,-0.0,133.4,ASK
961,1712190063.256938,347278.03147152,132.3,-2.149666675063073e-06,133.4,ASK
962,1712190088.6883848,347378.03147152,132.3,-5.3741666876576826e-08,133.4,ASK
963,1712190088.695291,347450.81201851,132.3,-3.91134791143111e-08,133.4,ASK
964,1712190088.8049097,351460.69026446,132.3,2.154975409094759e-06,133.4,BID
965,1712190090.3549316,351460.69026446,132.3,0.0,133.4,BID
966,1712190093.2349367,351541.97005653,132.2,-4.3655716681555e-08,133.4,ASK
967,1712190120.240309,351541.97005653,132.2,-0.0,133.4,ASK
968,1712190150.2547932,351541.97005653,132.2,-0.0,133.4,ASK
969,1712190180.348152,351541.97005653,132.2,-0.0,133.4,ASK
970,1712190210.35806,351541.97005653,132.2,-0.0,133.4,ASK
971,1712190240.2180078,351541.97005653,132.2,-0.0,133.4,ASK
972,1712190241.6448855,354943.75269803,132.5,-1.8271011570601848e-06,133.4,ASK
973,1712190241.6520677,359043.84552539,132.5,-2.2021643174769163e-06,133.4,ASK
974,1712190270.2378092,359043.84552539,132.5,-0.0,133.4,ASK
975,1712190277.7441075,390058.12389696,132.5,-1.664891416575489e-05,133.4,ASK
976,1712190277.7534797,391617.55785922,132.5,-8.371267541285018e-07,133.4,ASK
977,1712190280.5444615,395543.06199766,132.5,-2.1072675196632325e-06,133.4,ASK
978,1712190285.585009,395598.06199766,132.9,2.9524797196503828e-08,133.4,BID
979,1712190300.3383338,395598.06199766,132.9,0.0,133.4,BID
980,1712190330.344293,395598.06199766,132.9,0.0,133.4,BID
981,1712190333.0243473,395706.06199766,132.6,-5.986178990104146e-08,133.4,ASK
982,1712190333.0378678,397590.48884532,132.6,-1.044492259615775e-06,133.4,ASK
983,1712190333.204454,399523.56613611,132.6,1.0714580244791132e-06,133.4,BID
984,1712190351.661965,399689.45543694,132.5,-9.194843030664293e-08,133.4,ASK
985,1712190351.6673124,401007.67292693,132.5,-7.306560965709211e-07,133.4,ASK
986,1712190359.405789,404198.04877316,132.9,1.7683482278923623e-06,133.4,BID
987,1712190359.4122722,405698.04877316,132.8,8.314137486255756e-07,133.4,BID
988,1712190359.4189394,406228.90477316,133.2,2.9424065129360174e-07,133.4,BID
989,1712190359.422461,406266.49877316,133.3,2.0837445643877044e-08,133.4,BID
990,1712190359.425954,406304.12177316,133.2,2.0853519643038563e-08,133.4,BID
991,1712190359.4294684,406341.68777316,133.4,2.0821925920574272e-08,133.4,BID
992,1712190359.4919682,406507.67292693,133.4,-9.200155927474777e-08,133.4,ASK
993,1712190360.2364542,406507.67292693,133.4,-0.0,133.4,ASK
994,1712190362.8162746,406562.67292693,133.4,3.046071899411084e-08,133.4,BID
995,1712190369.5843828,406600.23892693,133.1,-2.0805224904227506e-08,133.4,ASK
996,1712190371.9750564,406655.23892693,133.4,3.046071899411084e-08,133.4,BID
997,1712190390.244419,406655.23892693,133.4,0.0,133.4,BID
998,1712190400.93489,406734.06775575,133.3,4.3657393456153786e-08,133.4,BID
999,1712190400.9422207,406743.23892693,133.4,5.0792258955763485e-09,133.4,BID
1000,1712190410.6047688,406859.23892693,133.1,-6.42437255090988e-08,133.4,ASK
1201,1712190412.4342108,406914.23892693,133.4,3.046038709483133e-08,133.4,BID
1202,1712190418.102043,407022.23892693,133.1,-5.981312374985061e-08,133.4,ASK
1203,1712190420.3465922,407022.23892693,133.1,-0.0,133.4,ASK
1204,1712190421.4844043,407077.23892693,133.4,3.0459562478887886e-08,133.4,BID
1205,1712190429.2379787,407676.93907685,133.4,3.321200760924918e-07,133.4,BID
1206,1712190435.6841717,407731.93907685,133.4,3.0459562478887886e-08,133.4,BID
1207,1712190450.336802,407731.93907685,133.4,0.0,133.4,BID
1208,1712190471.799229,408103.66475823,133.4,2.0585469068977082e-07,133.4,BID
1209,1712190480.2412057,408103.66475823,133.4,0.0,133.4,BID
1210,1712190497.354511,415127.1609838,133.0,-3.889373301092914e-06,133.4,ASK
1211,1712190497.357199,416103.66475823,133.0,-5.407545738911681e-07,133.4,ASK
1212,1712190498.635974,416155.66475823,133.4,2.879583118739653e-08,133.4,BID
1213,1712190504.8815763,416193.25875823,133.3,2.081827841654164e-08,133.4,BID
1214,1712190504.888844,416210.66475823,133.4,9.638850723973924e-09,133.4,BID
1215,1712190510.246072,416210.66475823,133.4,0.0,133.4,BID
1216,1712190514.3349693,416332.95645823,133.3,6.7680570934815e-08,133.4,BID
1217,1712190514.3374588,416340.66475823,133.4,4.2660470411051665e-09,133.4,BID
1218,1712190540.2733662,416340.66475823,133.4,0.0,133.4,BID
1219,1712190570.2489183,416340.66475823,133.4,0.0,133.4,BID
1220,1712190598.2064805,416385.64226947,133.4,2.4891913715349934e-08,133.4,BID
1221,1712190600.3298953,416385.64226947,133.4,0.0,133.4,BID
1222,1712190630.2498891,416385.64226947,133.4,0.0,133.4,BID
1223,1712190660.3517296,416385.64226947,133.4,0.0,133.4,BID
1224,1712190690.3483734,416385.64226947,133.4,0.0,133.4,BID
1225,1712190720.2894835,416385.64226947,133.4,0.0,133.4,BID
1226,1712190750.230081,416385.64226947,133.4,0.0,133.4,BID
1227,1712190780.261387,416385.64226947,133.4,0.0,133.4,BID
1228,1712190787.3040133,416873.4279969,133.0,-2.806001317285364e-07,133.4,ASK
1229,1712190787.3067875,416911.0219969,133.0,-2.1626055784322187e-08,133.4,ASK
1230,1712190790.4037683,416966.0219969,133.4,3.163890695691508e-08,133.4,BID
1231,1712190793.7701817,416983.4279969,133.4,1.0012851172592891e-08,133.4,BID
1232,1712190793.7729464,417021.0219969,133.3,2.1626055784322187e-08,133.4,BID
1233,1712190795.9798665,417058.6159969,133.0,-2.162605578435567e-08,133.4,ASK
1234,1712190796.8253007,417113.6159969,133.4,3.163890695691508e-08,133.4,BID
1235,1712190800.3401177,417151.2099969,133.3,2.1626055784322187e-08,133.4,BID
1236,1712190800.3423018,417165.6159969,133.4,8.287092611306614e-09,133.4,BID
1237,1712190810.2361968,417165.6159969,133.4,0.0,133.4,BID
1238,1712190813.3438857,417203.2099969,133.0,-2.1624764346308832e-08,133.4,ASK
1239,1712190815.4832044,417258.2099969,133.4,3.1637017583857285e-08,133.4,BID
1240,1712190821.5407605,417295.8039969,133.3,2.1624764346308832e-08,133.4,BID
1241,1712190821.5437627,417323.2099969,133.4,1.576443825279523e-08,133.4,BID
1242,1712190825.7572143,417360.8039969,133.0,-2.1624764346308832e-08,133.4,ASK
1243,1712190827.3567338,417412.8039969,133.4,2.9911362079283255e-08,133.4,BID
1244,1712190831.1304295,417430.2099969,133.4,1.0012253237548453e-08,133.4,BID
1245,1712190831.140875,417467.8039969,133.3,2.1624764346308832e-08,133.4,BID
1246,1712190834.6111035,417530.8039969,133.4,3.623876559605472e-08,133.4,BID
1247,1712190840.3439038,417530.8039969,133.4,0.0,133.4,BID
1248,1712190870.3534098,417530.8039969,133.4,0.0,133.4,BID
1249,1712190898.7629511,426563.12219841,133.4,5.195411065680701e-06,133.4,BID
1250,1712190898.771057,426600.68819841,133.4,2.1608053186245093e-08,133.4,BID
1251,1712190898.7728918,437947.82533425,133.4,6.526900461664872e-06,133.4,BID
1252,1712190898.888823,443890.78087099,133.4,-3.418402260591935e-06,133.4,ASK
1253,1712190898.9015174,446656.80538099,133.4,-1.591023923935206e-06,133.4,ASK
1254,1712190898.9813,448391.09468099,133.4,-9.975673597067614e-07,133.4,ASK
1255,1712190899.0011897,449953.90518099,133.4,-8.989323431834708e-07,133.4,ASK
1256,1712190900.2861369,449953.90518099,133.4,-0.0,133.4,ASK
1257,1712190902.272318,455012.06336721,133.4,-2.98396560452484e-06,133.4,ASK
1258,1712190930.2542868,455012.06336721,133.4,-0.0,133.4,ASK
1259,1712190932.502225,455049.62936721,133.1,-2.2152539446274752e-08,133.4,ASK
1260,1712190932.5051422,455087.22336721,133.0,-2.2169050948845938e-08,133.4,ASK
1261,1712190939.851864,458846.62186345,133.0,2.216904208120122e-06,133.4,BID
1262,1712190945.013506,458890.50623643,133.4,2.587846200062954e-08,133.4,BID
1263,1712190945.0165591,458908.02786345,133.0,1.0332442467203936e-08,133.4,BID
1264,1712190945.018753,458945.62186345,133.3,2.2169050948811613e-08,133.4,BID
1265,1712190947.6819024,459000.62186345,133.4,3.2433308564802835e-08,133.4,BID
1266,1712190960.3643816,459000.62186345,133.4,0.0,133.4,BID
1267,1712190981.3523896,459750.62186345,133.2,4.421340663803102e-07,133.4,BID
1268,1712190981.3623414,459777.62186345,133.4,1.5916826389691166e-08,133.4,BID
1269,1712190990.3561764,459777.62186345,133.4,0.0,133.4,BID
1270,1712191020.2171454,459777.62186345,133.4,0.0,133.4,BID
1271,1712191050.2944767,459777.62186345,133.4,0.0,133.4,BID
1272,1712191080.3473935,459777.62186345,133.4,0.0,133.4,BID
1273,1712191094.7837615,459815.21586345,133.0,-2.2160765303803732e-08,133.4,ASK
1274,1712191099.5119689,459853.32209055,133.0,2.2462710947879933e-08,133.4,BID
1275,1712191099.5185845,459855.21586345,133.3,1.1163339037235827e-09,133.4,BID
1276,1712191104.005394,459892.78186345,133.4,2.2144259972378494e-08,133.4,BID
1277,1712191104.0085683,459942.27273635,133.4,2.9173687796353722e-08,133.4,BID
1278,1712191104.0114472,459977.97296345,133.3,2.104443140008013e-08,133.4,BID
1279,1712191104.013773,460188.21586345,133.3,1.239331692207869e-07,133.4,BID
1280,1712191110.3737175,460188.21586345,133.3,0.0,133.4,BID
1281,1712191140.2468047,460188.21586345,133.3,0.0,133.4,BID
1282,1712191170.264578,460188.21586345,133.3,0.0,133.4,BID
1283,1712191200.2677271,460188.21586345,133.3,0.0,133.4,BID
1284,1712191216.5949273,465495.88434993,133.2,3.185528976021714e-06,133.4,BID
1285,1712191220.8647628,471241.06196351,133.2,-3.448110937423658e-06,133.4,ASK
1286,1712191221.0084684,471690.60266351,133.2,-2.698030084958906e-07,133.4,ASK
1287,1712191228.9475107,471728.45277706,133.2,-2.2716685069210023e-08,133.4,ASK
1288,1712191230.2680118,471728.45277706,133.2,-0.0,133.4,ASK
1289,1712191260.3593185,471728.45277706,133.2,-0.0,133.4,ASK
1290,1712191290.360239,471728.45277706,133.2,-0.0,133.4,ASK
1291,1712191319.9958556,472204.40746734,133.2,-2.8539272715825935e-07,133.4,ASK
1292,1712191319.9983623,472404.40746734,133.2,-1.1992432598588433e-07,133.4,ASK
1293,1712191320.2697425,472404.40746734,133.2,-0.0,133.4,ASK
1294,1712191339.6260316,472437.84146734,133.0,-2.0046667290951225e-08,133.4,ASK
1295,1712191339.6286528,472475.40746734,133.1,-2.252417010981389e-08,133.4,ASK
1296,1712191340.46554,481475.40746734,133.2,5.39630333249135e-06,133.4,BID
1297,1712191343.942893,481513.03046734,132.9,-2.2558346697604183e-08,133.4,ASK
1298,1712191343.946066,481517.19046734,133.0,-2.494291318113979e-09,133.4,ASK
1299,1712191343.9490836,481525.40746734,132.5,-4.926824942567116e-09,133.4,ASK
1300,1712191350.2426834,481525.40746734,132.5,-0.0,133.4,ASK
1301,1712191380.34211,481525.40746734,132.5,-0.0,133.4,ASK
1302,1712191410.3600917,481525.40746734,132.5,-0.0,133.4,ASK
1303,1712191440.3355038,481525.40746734,132.5,-0.0,133.4,ASK
1304,1712191470.2593603,481525.40746734,132.5,-0.0,133.4,ASK
1305,1712191500.276379,481525.40746734,132.5,-0.0,133.4,ASK
1306,1712191530.2618396,481525.40746734,132.5,-0.0,133.4,ASK
1307,1712191560.360892,481525.40746734,132.5,-0.0,133.4,ASK
1308,1712191590.3497396,481525.40746734,132.5,-0.0,133.4,ASK
1309,1712191620.262012,481525.40746734,132.5,-0.0,133.4,ASK
1310,1712191620.898109,482821.69686734,132.6,-7.857852543654563e-07,133.4,ASK
1311,1712191620.901449,487353.50364837,132.6,-2.747092542889504e-06,133.4,ASK
1312,1712191620.99782,487462.06742991,132.6,6.580923881064255e-08,133.4,BID
1313,1712191621.0009897,487811.73692991,132.6,2.119628047574518e-07,133.4,BID
1314,1712191630.5922666,487861.73692991,132.5,-3.030902105523084e-08,133.4,ASK
1315,1712191650.2839887,487861.73692991,132.5,-0.0,133.4,ASK
1316,1712191680.3599188,487861.73692991,132.5,-0.0,133.4,ASK
1317,1712191710.3664722,487861.73692991,132.5,-0.0,133.4,ASK
1318,1712191719.238116,488677.86648843,132.5,-4.944699219161176e-07,133.4,ASK
1319,1712191740.2478757,488677.86648843,132.5,-0.0,133.4,ASK
1320,1712191754.118971,489366.32518863,132.5,-4.170904167259101e-07,133.4,ASK
1321,1712191754.1217122,489516.32518863,132.6,-9.087482297879281e-08,133.4,ASK
1322,1712191754.124348,496189.14844143,132.5,-4.042610879113136e-06,133.4,ASK
1323,1712191770.264892,496189.14844143,132.5,-0.0,133.4,ASK
1324,1712191800.2885258,496189.14844143,132.5,-0.0,133.4,ASK
1325,1712191807.1587768,496264.33641135,133.0,4.616290657662551e-08,133.4,BID
1326,1712191820.3088107,496939.14844143,133.0,4.143120865547296e-07,133.4,BID
1327,1712191821.348697,497017.99431145,132.7,-4.84087352745174e-08,133.4,ASK
1328,1712191830.2383249,497017.99431145,132.7,-0.0,133.4,ASK
1329,1712191832.641674,501767.99431145,133.6,2.916144296390484e-06,133.6,BID
1330,1712191832.6451745,501805.61731145,133.2,2.309770460277088e-08,133.6,BID
1331,1712191832.648633,501843.21131145,133.3,2.3079900774411287e-08,133.6,BID
1332,1712191832.6520624,502538.29006537,133.7,4.267263039549384e-07,133.7,BID
1333,1712191832.6535792,502575.85606537,133.4,2.3062710871231623e-08,133.7,BID
1334,1712191832.6550896,502613.33806537,133.7,2.3011141161513968e-08,133.7,BID
1335,1712191832.6566195,505613.33806537,133.5,1.8417753450887268e-06,133.7,BID
1336,1712191832.6581368,508613.33806537,133.7,1.8417753450887268e-06,133.7,BID
1337,1712191832.6596909,511650.84806537,133.6,1.864803676153492e-06,133.7,BID
1338,1712191832.6612203,511688.38606537,133.5,2.3045520967980493e-08,133.7,BID
1339,1712191832.662758,511987.5633279,133.7,1.836724353129772e-07,133.7,BID
1340,1712191837.3919246,512021.04261091,133.3,-2.0553772673025053e-08,133.7,ASK
1341,1712191837.399099,512058.52461091,133.4,-2.3011141161513968e-08,133.7,ASK
1342,1712191840.199022,512096.06261091,133.2,-2.3045520967980493e-08,133.7,ASK
1343,1712191840.20882,512118.35904863,133.1,-1.3688343092007801e-08,133.7,ASK
1344,1712191840.2116294,512122.38976562,133.3,-2.4745583917400508e-09,133.7,ASK
1345,1712191842.9693842,512159.98376562,133.0,-2.3079900774411287e-08,133.7,ASK
1346,1712191842.9760342,512175.2533279,133.1,-9.374367779223824e-09,133.7,ASK
1347,1712191842.979249,512179.86840486,132.9,-2.833311653542189e-09,133.7,ASK
1348,1712191857.230155,512217.46240486,133.3,2.3079900774411287e-08,133.7,BID
1349,1712191860.3636231,512217.46240486,133.3,0.0,133.7,BID
1350,1712191866.1024108,512269.19318018,133.0,-3.1719279297715644e-08,133.7,ASK
1351,1712191890.3576126,512269.19318018,133.0,-0.0,133.7,ASK
1352,1712191893.8690612,512501.98166913,133.0,-1.4273615469003236e-07,133.7,ASK
1353,1712191920.2447608,512501.98166913,133.0,-0.0,133.7,ASK
1354,1712191950.2695525,512501.98166913,133.0,-0.0,133.7,ASK
1355,1712191980.3143702,512501.98166913,133.0,-0.0,133.7,ASK
1356,1712192010.377748,512501.98166913,133.0,-0.0,133.7,ASK
1357,1712192040.3598258,512501.98166913,133.0,-0.0,133.7,ASK
1358,1712192070.3926263,512501.98166913,133.0,-0.0,133.7,ASK
1359,1712192100.2044382,516200.2065212,133.0,-2.267553589489978e-06,133.7,ASK
1360,1712192100.2399745,516200.2065212,133.0,-0.0,133.7,ASK
1361,1712192130.270276,516200.2065212,133.0,-0.0,133.7,ASK
1362,1712192160.3808718,516200.2065212,133.0,-0.0,133.7,ASK
1363,1712192168.4107687,516237.7445212,133.5,2.3588730282502065e-08,133.7,BID
1364,1712192168.4137104,516275.2545212,133.6,2.35711351935868e-08,133.7,BID
1365,1712192168.416504,516354.10039122,133.6,4.954643193006036e-08,133.7,BID
1366,1712192168.4192915,516391.66639122,133.4,2.3606325371417334e-08,133.7,BID
1367,1712192168.4221225,516449.86351345,133.7,3.6570840734768166e-08,133.7,BID
1368,1712192168.4253263,516676.79240906,133.4,1.4260121774867473e-07,133.7,BID
1369,1712192168.4270368,516714.27440906,133.7,2.3553540104671533e-08,133.7,BID
1370,1712192168.4286096,523675.16839298,133.8,4.37419816484037e-06,133.8,BID
1371,1712192181.4203663,523681.33423466,133.3,-3.874590451132228e-09,133.8,ASK
1372,1712192181.4235458,523718.81623466,133.4,-2.3553540104634952e-08,133.8,ASK
1373,1712192188.6304235,523750.16039298,133.3,-1.9696544742454568e-08,133.8,ASK
1374,1712192188.6338875,523758.81623466,133.2,-5.439296573014314e-09,133.8,ASK
1375,1712192190.3617694,523758.81623466,133.2,-0.0,133.8,ASK
1376,1712192220.275068,523758.81623466,133.2,-0.0,133.8,ASK
1377,1712192250.272581,523758.81623466,133.2,-0.0,133.8,ASK
1378,1712192280.2807112,523758.81623466,133.2,-0.0,133.8,ASK
1379,1712192310.264114,523758.81623466,133.2,-0.0,133.8,ASK
1380,1712192340.4014082,523758.81623466,133.2,-0.0,133.8,ASK
1381,1712192370.37403,523758.81623466,133.2,-0.0,133.8,ASK
1382,1712192397.5611637,523787.69839298,133.2,-1.813790879840816e-08,133.8,ASK
1383,1712192397.564995,524138.81623466,133.2,-2.2050095146380375e-07,133.8,ASK
1384,1712192400.4832828,524138.81623466,133.2,-0.0,133.8,ASK
1385,1712192430.3614018,524138.81623466,133.2,-0.0,133.8,ASK
1386,1712192441.9317548,546850.60331667,133.2,-1.4309957166010466e-05,133.8,ASK
1387,1712192460.2468069,546850.60331667,133.2,-0.0,133.8,ASK
1388,1712192490.2587829,546850.60331667,133.2,-0.0,133.8,ASK
1389,1712192520.3794532,546850.60331667,133.2,-0.0,133.8,ASK
1390,1712192550.3745017,546850.60331667,133.2,-0.0,133.8,ASK
1391,1712192580.263236,546850.60331667,133.2,-0.0,133.8,ASK
1392,1712192593.7876065,550612.83055519,133.3,-2.3659471227767e-06,133.8,ASK
1393,1712192610.253881,550612.83055519,133.3,-0.0,133.8,ASK
1394,1712192640.3336976,550612.83055519,133.3,-0.0,133.8,ASK
1395,1712192670.3804278,550612.83055519,133.3,-0.0,133.8,ASK
1396,1712192683.5203412,558464.26983554,133.4,4.935968059206207e-06,133.8,BID
1397,1712192683.640355,559068.5167464,133.4,3.798721922671916e-07,133.8,BID
1398,1712192696.8361351,559143.47926514,133.4,4.712672223858713e-08,133.8,BID
1399,1712192700.263569,559143.47926514,133.4,0.0,133.8,BID
1400,1712192730.2506418,559143.47926514,133.4,0.0,133.8,BID
1401,1712192760.3736277,559143.47926514,133.4,0.0,133.8,BID
1402,1712192790.3653643,559143.47926514,133.4,0.0,133.8,BID
1403,1712192820.2896764,559143.47926514,133.4,0.0,133.8,BID
1404,1712192850.2393346,559143.47926514,133.4,0.0,133.8,BID
1405,1712192880.3731654,559143.47926514,133.4,0.0,133.8,BID
1406,1712192910.3594253,559143.47926514,133.4,0.0,133.8,BID
1407,1712192940.270595,559143.47926514,133.4,0.0,133.8,BID
1408,1712192970.2486978,559143.47926514,133.4,0.0,133.8,BID
1409,1712192977.1198974,566396.80898062,133.4,4.584269392060954e-06,133.8,BID
1410,1712192977.1238377,571084.29098062,133.7,2.962595263327899e-06,133.8,BID
1411,1712192977.131071,571121.80098062,133.6,2.370717334540336e-08,133.8,BID
1412,1712192977.1328158,571159.33898062,133.5,2.3724869982429252e-08,133.8,BID
1413,1712192977.137902,573340.02518058,133.8,1.3782432885728235e-06,133.8,BID
1414,1712193000.270938,573340.02518058,133.8,0.0,133.8,BID
1415,1712193015.2587223,574834.79349149,133.8,9.789750127000025e-07,133.8,BID
1416,1712193030.2686105,574834.79349149,133.8,0.0,133.8,BID
1417,1712193060.3408651,574834.79349149,133.8,0.0,133.8,BID
1418,1712193079.3593216,576186.9667024,133.8,8.854686083016503e-07,133.8,BID
1419,1712193079.3634222,576329.5618024,133.7,9.337818833334697e-08,133.8,BID
1420,1712193087.8184648,580066.48257967,133.8,2.447116991584063e-06,133.8,BID
1421,1712193090.3547766,580066.48257967,133.8,0.0,133.8,BID
1422,1712193096.0582483,580103.85926128,133.8,2.446484983622148e-08,133.8,BID
1423,1712193120.2506225,580103.85926128,133.8,0.0,133.8,BID
1424,1712193150.278556,580103.85926128,133.8,0.0,133.8,BID
1425,1712193180.3585124,580103.85926128,133.8,0.0,133.8,BID
1426,1712193207.3980842,587583.29082448,133.7,4.895634475758059e-06,133.8,BID
1427,1712193210.359635,587583.29082448,133.7,0.0,133.8,BID
1428,1712193240.225363,587583.29082448,133.7,0.0,133.8,BID
1429,1712193270.244355,587583.29082448,133.7,0.0,133.8,BID
1430,1712193274.2187805,588268.89417089,133.7,4.4846561230275e-07,133.8,BID
1431,1712193300.288102,588268.89417089,133.7,0.0,133.8,BID
1432,1712193330.241721,588268.89417089,133.7,0.0,133.8,BID
1433,1712193343.5581508,588321.32862781,133.5,-3.507189781511288e-08,133.8,ASK
1434,1712193355.3479424,588360.12532332,133.5,2.594999205518156e-08,133.8,BID
1435,1712193360.3589263,588360.12532332,133.5,0.0,133.8,BID
1436,1712193390.3755336,588360.12532332,133.5,0.0,133.8,BID
1437,1712193396.1781008,588405.06914354,133.5,-3.006138180782592e-08,133.8,ASK
1438,1712193399.928655,589589.42264354,133.4,-7.92173486470295e-07,133.8,ASK
1439,1712193399.932739,589626.90464354,133.4,-2.5070425865200625e-08,133.8,ASK
1440,1712193399.9366782,591364.81474354,133.4,-1.1624285342923033e-06,133.8,ASK
1441,1712193400.0078528,593177.39971654,133.4,1.2123759988762698e-06,133.8,BID
1442,1712193400.048665,593177.39971658,133.4,2.6785980023152848e-17,133.8,BID
1443,1712193420.250528,593177.39971658,133.4,0.0,133.8,BID
1444,1712193450.279572,593177.39971658,133.4,0.0,133.8,BID
1445,1712193480.3411193,593177.39971658,133.4,0.0,133.8,BID
1446,1712193510.351622,593177.39971658,133.4,0.0,133.8,BID
1447,1712193527.8281229,623162.40721283,133.4,2.004732739466485e-05,133.8,BID
1448,1712193536.2024322,629264.38989583,133.4,4.079653627499464e-06,133.8,BID
1449,1712193536.3152063,637720.13166783,133.4,5.653326039329137e-06,133.8,BID
1450,1712193540.267137,637720.13166783,133.4,0.0,133.8,BID
1451,1712193551.8378165,637720.13166842,133.4,3.9289560422532255e-16,133.8,BID
1452,1712193570.2779994,637720.13166842,133.4,0.0,133.8,BID
1453,1712193600.2714686,637720.13166842,133.4,0.0,133.8,BID
1454,1712193630.2558637,637720.13166842,133.4,0.0,133.8,BID
1455,1712193660.319909,637720.13166842,133.4,0.0,133.8,BID
1456,1712193690.2297697,637720.13166842,133.4,0.0,133.8,BID
1457,1712193716.8383627,639511.0560399,133.7,1.215432513889049e-06,133.8,BID
1458,1712193716.842623,644105.41962653,133.7,3.118020488605711e-06,133.8,BID
1459,1712193720.351128,644105.41962653,133.7,0.0,133.8,BID
1460,1712193750.3817384,644105.41962653,133.7,0.0,133.8,BID
1461,1712193780.252005,644105.41962653,133.7,0.0,133.8,BID
1462,1712193810.2501335,644105.41962653,133.7,0.0,133.8,BID
1463,1712193840.3599172,644105.41962653,133.7,0.0,133.8,BID
1464,1712193845.15843,650206.48446777,133.7,4.13816396164574e-06,133.8,BID
1465,1712193845.1627283,650243.96646777,133.7,2.5422883651765725e-08,133.8,BID
1466,1712193849.039187,650281.42046777,133.8,2.5403892115922854e-08,133.8,BID
1467,1712193849.043339,653281.42046777,133.8,2.034807399688965e-06,133.8,BID
1468,1712193849.0466218,662675.27309365,133.8,6.371560278242773e-06,133.8,BID
1469,1712193852.9717083,662735.83327533,133.9,4.107610193633693e-08,133.9,BID
1470,1712193852.9760926,665773.25927533,133.9,2.060192300269203e-06,133.9,BID
1471,1712193870.351143,665773.25927533,133.9,0.0,133.9,BID
1472,1712193900.2802565,665773.25927533,133.9,0.0,133.9,BID
1473,1712193921.599075,666445.01148521,133.9,-4.5738784953684e-07,133.9,ASK
1474,1712193921.6010563,666556.63508695,133.9,-7.6003142835257e-08,133.9,ASK
1475,1712193929.4085171,673353.14277251,133.9,-4.627658813677725e-06,133.9,ASK
1476,1712193930.2506323,673353.14277251,133.9,-0.0,133.9,ASK
1477,1712193960.36595,673353.14277251,133.9,-0.0,133.9,ASK
1478,1712193974.0616872,674101.64576652,133.6,-5.092945626886436e-07,133.9,ASK
1479,1712193974.0638323,674139.07176652,133.6,-2.5465306693103733e-08,133.9,ASK
1480,1712193978.6990454,674176.52576652,133.5,-2.54843583840592e-08,133.9,ASK
1481,1712193988.728316,674216.52576652,133.4,-2.721670143014902e-08,133.9,ASK
1482,1712193990.358534,674216.52576652,133.4,-0.0,133.9,ASK
1483,1712193991.326305,674340.88136982,133.4,-8.460709346160997e-08,133.9,ASK
1484,1712193991.331076,681258.830052,133.3,-4.706724226198676e-06,133.9,ASK
1485,1712193991.335831,681296.312052,133.4,-2.5501408806432e-08,133.9,ASK
1486,1712193993.9284043,681333.822052,133.3,-2.5520459002468493e-08,133.9,ASK
1487,1712193993.931894,685635.13245744,133.3,-2.926457367605879e-06,133.9,ASK
1488,1712193994.007974,688376.09833749,133.3,1.8648549018651808e-06,133.9,BID
1489,1712194020.2706046,688376.09833749,133.3,0.0,133.9,BID
1490,1712194050.2829652,688376.09833749,133.3,0.0,133.9,BID
1491,1712194080.3418462,688376.09833749,133.3,0.0,133.9,BID
1492,1712194110.3567848,688376.09833749,133.3,0.0,133.9,BID
1493,1712194140.260746,688376.09833749,133.3,0.0,133.9,BID
1494,1712194170.2483468,688376.09833749,133.3,0.0,133.9,BID
1495,1712194200.3535252,688376.09833749,133.3,0.0,133.9,BID
1496,1712194210.178431,688413.60833749,133.6,2.5616947679402083e-08,133.9,BID
1497,1712194210.418354,688451.11709217,133.6,-2.5616097204961883e-08,133.9,ASK
1498,1712194230.2625225,688451.11709217,133.6,-0.0,133.9,ASK
1499,1712194260.3620007,688451.11709217,133.6,-0.0,133.9,ASK
1500,1712194290.3412638,688451.11709217,133.6,-0.0,133.9,ASK
1501,1712194320.2711098,688451.11709217,133.6,-0.0,133.9,ASK
1502,1712194350.2498865,688451.11709217,133.6,-0.0,133.9,ASK
1503,1712194368.1588578,688525.96739157,133.6,5.1117650740138484e-08,133.9,BID
1504,1712194380.3588493,688525.96739157,133.6,0.0,133.9,BID
1505,1712194382.4089816,688600.81769097,133.6,5.1117301643902655e-08,133.9,BID
1506,1712194389.8052,694487.10374945,133.6,4.019904561843844e-06,133.9,BID
1507,1712194389.8088124,697130.55854945,133.6,1.805287052646648e-06,133.9,BID
1508,1712194389.9186206,698676.79434945,133.6,-1.0559664080803297e-06,133.9,ASK
1509,1712194389.9984274,699723.24014945,133.6,-7.14646247795269e-07,133.9,ASK
1510,1712194390.018705,700493.45404945,133.6,-5.259999835966167e-07,133.9,ASK
1511,1712194410.3590467,700493.45404945,133.6,-0.0,133.9,ASK
1512,1712194438.4190145,702281.70279576,133.6,-1.219911595459324e-06,133.9,ASK
1513,1712194440.2594717,702281.70279576,133.6,-0.0,133.9,ASK
1514,1712194451.1288755,702356.72155044,133.5,-5.116812523692391e-08,133.9,ASK
1515,1712194451.132787,702431.57184984,133.5,-5.105322675726491e-08,133.9,ASK
1516,1712194470.2729523,702431.57184984,133.5,-0.0,133.9,ASK
1517,1712194500.351334,702431.57184984,133.5,-0.0,133.9,ASK
1518,1712194530.3489966,702431.57184984,133.5,-0.0,133.9,ASK
1519,1712194560.2991593,702431.57184984,133.5,-0.0,133.9,ASK
1520,1712194580.019143,702469.08184984,133.3,-2.5949247787522363e-08,133.9,ASK
1521,1712194580.0236738,702544.10060452,133.3,-5.1897634068267046e-08,133.9,ASK
1522,1712194580.1191485,705205.1520127,133.3,1.8409032888878137e-06,133.9,BID
1523,1712194590.2806554,705205.1520127,133.3,0.0,133.9,BID
1524,1712194620.368922,705205.1520127,133.3,0.0,133.9,BID
1525,1712194650.382165,705205.1520127,133.3,0.0,133.9,BID
1526,1712194680.2690408,705205.1520127,133.3,0.0,133.9,BID
1527,1712194682.248423,705280.17076738,133.3,-5.1884363635907255e-08,133.9,ASK
1528,1712194682.2882185,705957.03171194,133.3,4.681295967690231e-07,133.9,BID
1529,1712194702.5285418,705994.64432455,133.2,-2.6013581247539932e-08,133.9,ASK
1530,1712194702.5332563,706745.3950753,133.2,-5.19233158667656e-07,133.9,ASK
1531,1712194703.6915443,707434.43621078,133.2,4.765536429632057e-07,133.9,BID
1532,1712194703.8082378,708726.38833979,133.2,8.935380805455739e-07,133.9,BID
1533,1712194703.868257,709899.91152364,133.2,8.116304231617069e-07,133.9,BID
1534,1712194703.9681013,711561.28121455,133.2,1.149034125459314e-06,133.9,BID
1535,1712194704.068146,713507.78877767,133.2,1.3462407721332997e-06,133.9,BID
1536,1712194704.1783412,715175.34066138,133.2,1.1533098447866966e-06,133.9,BID
1537,1712194704.308268,717416.30669863,133.2,1.5498937201540089e-06,133.9,BID
1538,1712194704.4238582,717545.54019862,133.1,-8.9380288116173e-08,133.9,ASK
1539,1712194705.518494,720972.07970158,133.2,2.36985834199188e-06,133.9,BID
1540,1712194705.619227,724931.73969421,133.2,2.738574371280246e-06,133.9,BID
1541,1712194710.2512786,724931.73969421,133.2,0.0,133.9,BID
1542,1712194715.354997,728923.9449104,133.2,2.7560745628999937e-06,133.9,BID
1543,1712194715.3591814,729068.1543104,133.2,9.955697103430113e-08,133.9,BID
1544,1712194740.3489816,729068.1543104,133.2,0.0,133.9,BID
1545,1712194770.3491757,729068.1543104,133.2,0.0,133.9,BID
1546,1712194800.2929912,729068.1543104,133.2,0.0,133.9,BID
1547,1712194808.2377996,729143.22938548,133.2,5.1923989760798126e-08,133.9,BID
1548,1712194830.2442577,729143.22938548,133.2,0.0,133.9,BID
1549,1712194860.3519063,729143.22938548,133.2,0.0,133.9,BID
1550,1712194890.3638222,729143.22938548,133.2,0.0,133.9,BID
1551,1712194920.2360148,729143.22938548,133.2,0.0,133.9,BID
1552,1712194950.2473817,729143.22938548,133.2,0.0,133.9,BID
1553,1712194972.157199,729223.22938548,133.2,-5.53298208091696e-08,133.9,ASK
1554,1712194972.2739947,731406.24881915,133.2,1.5098259260986852e-06,133.9,BID
1555,1712194972.2764149,731835.46861915,133.2,2.968581827718193e-07,133.9,BID
1556,1712194980.3669868,731835.46861915,133.2,0.0,133.9,BID
1557,1712195010.3508642,731835.46861915,133.2,0.0,133.9,BID
1558,1712195023.9886315,733835.46861915,133.5,1.382902532389917e-06,133.9,BID
1559,1712195023.9936006,733872.97861915,133.6,2.593633699497933e-08,133.9,BID
1560,1712195023.9981797,734309.82521915,133.5,3.020581347029958e-07,133.9,BID
1561,1712195024.0003526,736767.08545488,133.6,1.6990757013660146e-06,133.9,BID
1562,1712195024.0025537,738096.23996053,133.7,9.190455659003788e-07,133.9,BID
1563,1712195024.0047584,743920.14796053,133.5,4.026948560802986e-06,133.9,BID
1564,1712195040.260954,743920.14796053,133.5,0.0,133.9,BID
1565,1712195070.2541676,743920.14796053,133.5,0.0,133.9,BID
1566,1712195076.7975442,743949.94928854,133.1,-2.0583197651826025e-08,133.9,ASK
1567,1712195076.802373,744049.94928854,133.1,-6.906805510442375e-08,133.9,ASK
1568,1712195076.807432,744087.43128854,133.4,-2.5888088414212453e-08,133.9,ASK
1569,1712195076.810708,744124.94128854,133.3,-2.5907427469675784e-08,133.9,ASK
1570,1712195076.8129077,744221.10222882,133.1,-6.641649122148879e-08,133.9,ASK
1571,1712195100.2678888,744221.10222882,133.1,-0.0,133.9,ASK
1572,1712195130.260672,744221.10222882,133.1,-0.0,133.9,ASK
1573,1712195130.4770284,744875.12446557,133.2,-4.521836640364825e-07,133.9,ASK
1574,1712195160.3631966,744875.12446557,133.2,-0.0,133.9,ASK
1575,1712195161.2533896,785114.9688636,133.1,-2.7819703023870173e-05,133.9,ASK
1576,1712195161.2578087,821818.94662685,133.2,-2.537519159041124e-05,133.9,ASK
1577,1712195170.2040644,821856.42862685,133.7,2.5913075071200692e-08,133.9,BID
1578,1712195170.2082045,821873.1091325,133.8,1.1532020573462992e-08,133.9,BID
1579,1712195170.2120771,821910.6191325,133.6,2.5932432792327452e-08,133.9,BID
1580,1712195170.2149398,822618.94662685,133.7,4.897002170670561e-07,133.9,BID
1581,1712195173.1972744,822653.1731325,133.8,2.366239822671184e-08,133.9,BID
1582,1712195173.2021887,822673.94662685,133.8,1.4361696776691413e-08,133.9,BID
1583,1712195175.7271962,822711.40062685,133.5,-2.5893717350073922e-08,133.9,ASK
1584,1712195177.706741,822748.88262685,133.4,-2.5913075071281167e-08,133.9,ASK
1585,1712195180.7470045,822766.40062685,133.8,1.2111019932122077e-08,133.9,BID
1586,1712195180.7521386,822803.88262685,133.7,2.5913075071281167e-08,133.9,BID
1587,1712195183.3869386,822858.88262685,133.8,3.8024095003403243e-08,133.9,BID
1588,1712195190.3572488,822858.88262685,133.8,0.0,133.9,BID
1589,1712195220.2512307,822858.88262685,133.8,0.0,133.9,BID
1590,1712195250.2570062,822858.88262685,133.8,0.0,133.9,BID
1591,1712195280.34187,822858.88262685,133.8,0.0,133.9,BID
1592,1712195310.363367,822858.88262685,133.8,0.0,133.9,BID
1593,1712195340.2981567,822858.88262685,133.8,0.0,133.9,BID
1594,1712195370.2628772,822858.88262685,133.8,0.0,133.9,BID
1595,1712195377.9098792,823170.15152685,133.7,2.136610263331126e-07,133.9,BID
1596,1712195377.9151018,823180.88262685,133.8,7.366035732138871e-09,133.9,BID
1597,1712195400.3135648,823180.88262685,133.8,0.0,133.9,BID
1598,1712195430.2544446,823180.88262685,133.8,0.0,133.9,BID
1599,1712195444.6263568,823288.88262685,133.5,-7.475258284452238e-08,133.9,ASK
1600,1712195448.396525,823340.88262685,133.8,3.599198433254781e-08,133.9,BID
1601,1712195452.7264447,823504.53112685,133.7,1.1326988938548693e-07,133.9,BID
1602,1712195452.736271,823510.88262685,133.8,4.3962132401501685e-09,133.9,BID
1603,1712195460.351507,823510.88262685,133.8,0.0,133.9,BID
1604,1712195471.6288638,823613.88262685,133.5,-7.128963881902765e-08,133.9,ASK
1605,1712195482.596481,823651.36462685,133.4,-2.5942507205941163e-08,133.9,ASK
1606,1712195482.609516,823688.87462685,133.3,-2.5961886913615452e-08,133.9,ASK
1607,1712195482.6135664,828630.62556748,133.3,-3.42034601641846e-06,133.9,ASK
1608,1712195483.4061258,829221.12894042,133.3,-4.087065260030129e-07,133.9,ASK
1609,1712195484.706421,829261.12894042,133.5,2.76852966287486e-08,133.9,BID
1610,1712195490.3767943,829261.12894042,133.5,0.0,133.9,BID
1611,1712195520.2837713,829261.12894042,133.5,0.0,133.9,BID
1612,1712195550.2563703,829261.12894042,133.5,0.0,133.9,BID
1613,1712195580.3410923,829261.12894042,133.5,0.0,133.9,BID
1614,1712195604.7366366,830352.47711756,133.5,7.549569098781009e-07,133.9,BID
1615,1712195604.7408426,834504.5746333,133.5,2.872277404824469e-06,133.9,BID
1616,1712195610.3812425,834504.5746333,133.5,0.0,133.9,BID
1617,1712195632.9262176,834506.5826333,133.8,1.388392616744449e-09,133.9,BID
1618,1712195632.9363258,834544.0926333,133.6,2.5935561281523977e-08,133.9,BID
1619,1712195632.9404292,834581.5746333,133.7,2.5916201225081363e-08,133.9,BID
1620,1712195636.3736143,834636.5746333,133.5,3.8028682230964134e-08,133.9,BID
1621,1712195640.2279012,834636.5746333,133.5,0.0,133.9,BID
1622,1712195641.6062834,839690.54951851,133.5,3.494430210467928e-06,133.9,BID
1623,1712195670.2898586,839690.54951851,133.5,0.0,133.9,BID
1624,1712195700.3894868,839690.54951851,133.5,0.0,133.9,BID
1625,1712195730.3580503,839690.54951851,133.5,0.0,133.9,BID
1626,1712195760.3520105,839690.54951851,133.5,0.0,133.9,BID
