,time,acc_trade_volume,trade_price,dev,high,ask_bid
0,1712173460.2789574,2387210.14440255,3537.0,0.0,3658.0,ASK
1,1712173470.572399,2387210.14440255,3537.0,-0.0,3658.0,ASK
2,1712173500.4240978,2387210.14440255,3537.0,-0.0,3658.0,ASK
3,1712173530.402259,2387210.14440255,3537.0,-0.0,3658.0,ASK
4,1712173560.5932937,2387210.14440255,3537.0,-0.0,3658.0,ASK
5,1712173590.5921533,2387210.14440255,3537.0,-0.0,3658.0,ASK
6,1712173620.402256,2387210.14440255,3537.0,-0.0,3658.0,ASK
7,1712173650.402248,2387210.14440255,3537.0,-0.0,3658.0,ASK
8,1712173680.582535,2387210.14440255,3537.0,-0.0,3658.0,ASK
9,1712173710.5821042,2387210.14440255,3537.0,-0.0,3658.0,ASK
10,1712173739.8321056,2387214.10244386,3545.0,4.5022950408353845e-10,3658.0,BID
11,1712173739.8336666,2387364.4771251,3545.0,1.7105207566425884e-08,3658.0,BID
12,1712173739.9650557,2387442.95534754,3545.0,-8.926943506788151e-09,3658.0,ASK
13,1712173740.3942204,2387442.95534754,3545.0,-0.0,3658.0,ASK
14,1712173745.2220595,2387593.33001879,3547.0,1.7103600743369386e-08,3658.0,BID
15,1712173745.3418806,2387652.35540392,3547.0,-6.7135416662779194e-09,3658.0,ASK
16,1712173749.202374,2387752.35540392,3548.0,1.13739904474479e-08,3658.0,BID
17,1712173749.203968,2387792.88016314,3548.0,4.609282242529442e-09,3658.0,BID
18,1712173749.2477884,2387840.7518808,3548.0,-5.444924593649939e-09,3658.0,ASK
19,1712173755.4222715,2387940.7518808,3549.0,1.13739904474479e-08,3658.0,BID
20,1712173755.4235885,2388010.25151449,3549.0,7.904881696950816e-09,3658.0,BID
21,1712173762.1258066,2388070.86436316,3549.0,6.8940996176241234e-09,3658.0,BID
22,1712173762.1272006,2388147.53097349,3549.0,8.720052935302381e-09,3658.0,BID
23,1712173766.88232,2388186.91812482,3549.0,4.479890829823778e-09,3658.0,BID
24,1712173766.8839176,2388192.20976309,3549.0,6.018704313456273e-10,3658.0,BID
25,1712173766.9420018,2388271.07560509,3549.0,-8.970193335339545e-09,3658.0,ASK
26,1712173766.9435885,2388271.07560578,3549.0,-7.849304863772256e-17,3658.0,ASK
27,1712173770.3940537,2388271.07560578,3549.0,-0.0,3658.0,ASK
28,1712173800.4221194,2388271.07560578,3549.0,-0.0,3658.0,ASK
29,1712173819.441999,2388838.59569124,3549.0,6.454671831568714e-08,3658.0,BID
30,1712173819.4435277,2388839.88954944,3550.0,1.4715655516967958e-10,3658.0,BID
31,1712173830.372197,2388839.88954944,3550.0,0.0,3658.0,BID
32,1712173860.5922987,2388839.88954944,3550.0,0.0,3658.0,BID
33,1712173890.5837724,2388839.88954944,3550.0,0.0,3658.0,BID
34,1712173920.381869,2388839.88954944,3550.0,0.0,3658.0,BID
35,1712173950.3918045,2388839.88954944,3550.0,0.0,3658.0,BID
36,1712173975.641872,2389084.73223419,3550.0,2.7840713503828864e-08,3658.0,BID
37,1712173975.6433468,2389121.57969028,3550.0,4.189871832942371e-09,3658.0,BID
38,1712173980.5818412,2389121.57969028,3550.0,0.0,3658.0,BID
39,1712174010.5817125,2389121.57969028,3550.0,0.0,3658.0,BID
40,1712174040.3916864,2389121.57969028,3550.0,0.0,3658.0,BID
41,1712174070.4119897,2389121.57969028,3550.0,0.0,3658.0,BID
42,1712174100.5714946,2389121.57969028,3550.0,0.0,3658.0,BID
43,1712174130.571686,2389121.57969028,3550.0,0.0,3658.0,BID
44,1712174160.4222324,2389121.57969028,3550.0,0.0,3658.0,BID
45,1712174190.4320524,2389121.57969028,3550.0,0.0,3658.0,BID
46,1712174220.4341607,2389121.57969028,3550.0,0.0,3658.0,BID
47,1712174250.1169405,2389135.66419732,3550.0,1.601526771872557e-09,3658.0,BID
48,1712174250.4222546,2389135.66419732,3550.0,0.0,3658.0,BID
49,1712174280.5889118,2389135.66419732,3550.0,0.0,3658.0,BID
50,1712174310.595792,2389135.66419732,3550.0,0.0,3658.0,BID
51,1712174340.3636026,2389135.66419732,3550.0,0.0,3658.0,BID
52,1712174370.3927824,2389135.66419732,3550.0,0.0,3658.0,BID
53,1712174400.4648995,2389135.66419732,3550.0,0.0,3658.0,BID
54,1712174430.3930964,2389135.66419732,3550.0,0.0,3658.0,BID
55,1712174460.5744536,2389135.66419732,3550.0,0.0,3658.0,BID
56,1712174490.5729177,2389135.66419732,3550.0,0.0,3658.0,BID
57,1712174520.393495,2389135.66419732,3550.0,0.0,3658.0,BID
58,1712174550.3777184,2389135.66419732,3550.0,0.0,3658.0,BID
59,1712174580.5642831,2389135.66419732,3550.0,0.0,3658.0,BID
60,1712174610.5832973,2389135.66419732,3550.0,0.0,3658.0,BID
61,1712174640.3732843,2389135.66419732,3550.0,0.0,3658.0,BID
62,1712174670.3934011,2389135.66419732,3550.0,0.0,3658.0,BID
63,1712174700.5732057,2389135.66419732,3550.0,0.0,3658.0,BID
64,1712174730.5832832,2389135.66419732,3550.0,0.0,3658.0,BID
65,1712174760.4050293,2389135.66419732,3550.0,0.0,3658.0,BID
66,1712174761.6135657,2389184.73223419,3550.0,5.580493529298978e-09,3658.0,BID
67,1712174761.6155596,2389205.81630999,3550.0,2.397885794429394e-09,3658.0,BID
68,1712174765.3234997,2389223.34560576,3550.0,1.9936016979147376e-09,3658.0,BID
69,1712174790.395746,2389223.34560576,3550.0,0.0,3658.0,BID
70,1712174820.6034968,2389223.34560576,3550.0,0.0,3658.0,BID
71,1712174850.583595,2389223.34560576,3550.0,0.0,3658.0,BID
72,1712174880.3936906,2389223.34560576,3550.0,0.0,3658.0,BID
73,1712174910.375361,2389223.34560576,3550.0,0.0,3658.0,BID
74,1712174940.593417,2389223.34560576,3550.0,0.0,3658.0,BID
75,1712174970.5733376,2389223.34560576,3550.0,0.0,3658.0,BID
76,1712175000.4435537,2389223.34560576,3550.0,0.0,3658.0,BID
77,1712175005.5039892,2389224.8432289,3541.0,-1.7032431076979147e-10,3658.0,ASK
78,1712175005.604572,2389226.52091049,3541.0,-1.9080231392750582e-10,3658.0,ASK
79,1712175030.4086976,2389226.52091049,3541.0,-0.0,3658.0,ASK
80,1712175031.4636345,2389249.65187443,3550.0,2.63067546659623e-09,3658.0,BID
81,1712175060.583512,2389249.65187443,3550.0,0.0,3658.0,BID
82,1712175090.583595,2389249.65187443,3550.0,0.0,3658.0,BID
83,1712175108.998067,2389396.85125094,3541.0,-1.6740771079907994e-08,3658.0,ASK
84,1712175109.075403,2389721.48841991,3541.0,3.69205132427082e-08,3658.0,BID
85,1712175109.093484,2389721.48841992,3541.0,1.1650975861533685e-18,3658.0,BID
86,1712175120.3937235,2389721.48841992,3541.0,0.0,3658.0,BID
87,1712175150.393458,2389721.48841992,3541.0,0.0,3658.0,BID
88,1712175179.4035313,2389749.68920954,3543.0,-3.206625497132774e-09,3658.0,ASK
89,1712175180.5735934,2389749.68920954,3543.0,-0.0,3658.0,ASK
90,1712175189.0035794,2389837.37061798,3543.0,-9.969871392283348e-09,3658.0,ASK
91,1712175210.5935185,2389837.37061798,3543.0,-0.0,3658.0,ASK
92,1712175232.363668,2389842.37061798,3549.0,5.685081600403231e-10,3658.0,BID
93,1712175240.4042742,2389842.37061798,3549.0,0.0,3658.0,BID
94,1712175264.4635758,2389987.74529922,3549.0,1.6529305159522026e-08,3658.0,BID
95,1712175270.4054537,2389987.74529922,3549.0,0.0,3658.0,BID
96,1712175290.863424,2389996.22796656,3550.0,9.6443459819553e-10,3658.0,BID
97,1712175290.8739262,2390034.48363105,3550.0,4.349467559271617e-09,3658.0,BID
98,1712175300.4379015,2390034.48363105,3550.0,0.0,3658.0,BID
99,1712175330.3858817,2390034.48363105,3550.0,0.0,3658.0,BID
100,1712175360.5934274,2390034.48363105,3550.0,0.0,3658.0,BID
101,1712175390.5837295,2390034.48363105,3550.0,0.0,3658.0,BID
102,1712175411.783889,2390176.52908559,3550.0,-1.6150012391322928e-08,3658.0,ASK
103,1712175420.3950806,2390176.52908559,3550.0,-0.0,3658.0,ASK
104,1712175450.3934257,2390176.52908559,3550.0,-0.0,3658.0,ASK
105,1712175480.5734072,2390176.52908559,3550.0,-0.0,3658.0,ASK
106,1712175510.5834,2390176.52908559,3550.0,-0.0,3658.0,ASK
107,1712175540.383289,2390176.52908559,3550.0,-0.0,3658.0,ASK
108,1712175570.4135604,2390176.52908559,3550.0,-0.0,3658.0,ASK
109,1712175590.394256,2390788.55346823,3550.0,-6.958078835769642e-08,3658.0,ASK
110,1712175590.3965435,2390800.55346823,3550.0,-1.3642748295263627e-09,3658.0,ASK
111,1712175600.4333117,2390800.55346823,3550.0,-0.0,3658.0,ASK
112,1712175630.373103,2390800.55346823,3550.0,-0.0,3658.0,ASK
113,1712175660.5933912,2390800.55346823,3550.0,-0.0,3658.0,ASK
114,1712175690.5931983,2390800.55346823,3550.0,-0.0,3658.0,ASK
115,1712175720.3911395,2390800.55346823,3550.0,-0.0,3658.0,ASK
116,1712175750.386776,2390800.55346823,3550.0,-0.0,3658.0,ASK
117,1712175758.153316,2390833.96403161,3549.0,3.7974787553741656e-09,3658.0,BID
118,1712175780.57394,2390833.96403161,3549.0,0.0,3658.0,BID
119,1712175810.5730915,2390833.96403161,3549.0,0.0,3658.0,BID
120,1712175831.198029,2390841.12758541,3542.0,-8.142058676546198e-10,3658.0,ASK
121,1712175840.4032638,2390841.12758541,3542.0,-0.0,3658.0,ASK
122,1712175845.6332352,2391123.4539547,3543.0,-3.208897845383618e-08,3658.0,ASK
123,1712175864.223339,2391241.72124849,3543.0,-1.3442161466405882e-08,3658.0,ASK
124,1712175864.2332337,2391301.70900138,3543.0,-6.818157704611745e-09,3658.0,ASK
125,1712175870.4131744,2391301.70900138,3543.0,-0.0,3658.0,ASK
126,1712175900.5841708,2391301.70900138,3543.0,-0.0,3658.0,ASK
127,1712175930.59333,2391301.70900138,3543.0,-0.0,3658.0,ASK
128,1712175960.383358,2391301.70900138,3543.0,-0.0,3658.0,ASK
129,1712175990.4057343,2391301.70900138,3543.0,-0.0,3658.0,ASK
130,1712176020.5730717,2391301.70900138,3543.0,-0.0,3658.0,ASK
131,1712176027.8333125,2391315.797477,3549.0,1.6009873874853563e-09,3658.0,BID
132,1712176050.5830095,2391315.797477,3549.0,0.0,3658.0,BID
133,1712176080.3935194,2391315.797477,3549.0,0.0,3658.0,BID
134,1712176110.4328585,2391315.797477,3549.0,0.0,3658.0,BID
135,1712176140.5843954,2391315.797477,3549.0,0.0,3658.0,BID
136,1712176170.5935876,2391315.797477,3549.0,0.0,3658.0,BID
137,1712176200.6741903,2391315.797477,3549.0,0.0,3658.0,BID
138,1712176228.8852718,2391335.28793394,3543.0,-2.215421454680765e-09,3658.0,ASK
139,1712176228.8878736,2391343.297477,3543.0,-9.104206018103755e-10,3658.0,ASK
140,1712176230.5912237,2391343.297477,3543.0,-0.0,3658.0,ASK
141,1712176260.3958397,2391343.297477,3543.0,-0.0,3658.0,ASK
142,1712176290.4198706,2391343.297477,3543.0,-0.0,3658.0,ASK
143,1712176300.2963748,2391511.95936638,3543.0,-1.9171075943076548e-08,3658.0,ASK
144,1712176306.2265666,2391517.39103727,3549.0,6.173948099153053e-10,3658.0,BID
145,1712176320.5968125,2391517.39103727,3549.0,0.0,3658.0,BID
146,1712176350.587405,2391517.39103727,3549.0,0.0,3658.0,BID
147,1712176380.4305642,2391517.39103727,3549.0,0.0,3658.0,BID
148,1712176410.408486,2391517.39103727,3549.0,0.0,3658.0,BID
149,1712176440.598833,2391517.39103727,3549.0,0.0,3658.0,BID
150,1712176470.5893395,2391517.39103727,3549.0,0.0,3658.0,BID
151,1712176500.4003778,2391517.39103727,3549.0,0.0,3658.0,BID
152,1712176501.223076,2391799.47848437,3545.0,-3.2061426236400445e-08,3658.0,ASK
153,1712176501.3650706,2391801.27848437,3544.0,-2.0458396085257303e-10,3658.0,ASK
154,1712176501.3745084,2391964.52573285,3543.0,-1.8554315937310172e-08,3658.0,ASK
155,1712176501.4825256,2391984.52573285,3540.0,-2.2731551202313047e-09,3658.0,ASK
156,1712176501.4897497,2394693.19112785,3540.0,-3.0786083058188204e-07,3658.0,ASK
157,1712176501.5415514,2394693.19112833,3540.0,-5.451379748616004e-17,3658.0,ASK
158,1712176530.4177036,2394693.19112833,3540.0,-0.0,3658.0,ASK
159,1712176560.5969472,2394693.19112833,3540.0,-0.0,3658.0,ASK
160,1712176590.6123376,2394693.19112833,3540.0,-0.0,3658.0,ASK
161,1712176620.4513726,2394693.19112833,3540.0,-0.0,3658.0,ASK
162,1712176650.4015288,2394693.19112833,3540.0,-0.0,3658.0,ASK
163,1712176680.6330414,2394693.19112833,3540.0,-0.0,3658.0,ASK
164,1712176710.6021223,2394693.19112833,3540.0,-0.0,3658.0,ASK
165,1712176740.395677,2394693.19112833,3540.0,-0.0,3658.0,ASK
166,1712176770.425939,2394693.19112833,3540.0,-0.0,3658.0,ASK
167,1712176800.452666,2394693.19112833,3540.0,-0.0,3658.0,ASK
168,1712176830.3931332,2394693.19112833,3540.0,-0.0,3658.0,ASK
169,1712176848.1438918,2394843.56580957,3531.0,-1.707431659165813e-08,3658.0,ASK
170,1712176848.2631998,2395082.74258253,3531.0,2.7157363920683984e-08,3658.0,BID
171,1712176848.2831948,2395693.19112833,3531.0,6.931347516724489e-08,3658.0,BID
172,1712176848.305122,2395712.41804433,3531.0,-2.183123170486388e-09,3658.0,ASK
173,1712176860.5834415,2395712.41804433,3531.0,-0.0,3658.0,ASK
174,1712176863.9529653,2395732.68992033,3531.0,-2.300833111811323e-09,3658.0,ASK
175,1712176887.4808528,2395741.08317412,3530.0,-9.526240312681272e-10,3658.0,ASK
176,1712176887.4819589,2395744.08317412,3530.0,-3.4049632779319204e-10,3658.0,ASK
177,1712176887.483013,2395832.9325936,3519.0,-1.0084300353134312e-08,3658.0,ASK
178,1712176887.484058,2395834.9325936,3528.0,-2.26997551862128e-10,3658.0,ASK
179,1712176887.4851124,2395834.93259398,3531.0,-4.312722066405613e-17,3658.0,ASK
180,1712176887.4861605,2395837.93259398,3529.0,-3.4049632779319204e-10,3658.0,ASK
181,1712176887.487227,2395858.20447036,3530.0,-2.300833154991396e-09,3658.0,ASK
182,1712176887.4882889,2395861.03813428,3529.0,-3.2161738631327765e-10,3658.0,ASK
183,1712176887.489376,2395985.03813428,3521.0,-1.4073848215451938e-08,3658.0,ASK
184,1712176890.6061478,2395985.03813428,3521.0,-0.0,3658.0,ASK
185,1712176920.3938732,2395985.03813428,3521.0,-0.0,3658.0,ASK
186,1712176950.4364812,2395985.03813428,3521.0,-0.0,3658.0,ASK
187,1712176980.423984,2395985.03813428,3521.0,-0.0,3658.0,ASK
188,1712177010.4062395,2395985.03813428,3521.0,-0.0,3658.0,ASK
189,1712177040.7150953,2395985.03813428,3521.0,-0.0,3658.0,ASK
190,1712177057.6447575,2396217.50255771,3514.0,-2.6381552207349444e-08,3658.0,ASK
191,1712177057.6460674,2396343.50255771,3515.0,-1.4299287302048012e-08,3658.0,ASK
192,1712177061.42522,2396522.73476942,3514.0,-2.034041975419669e-08,3658.0,ASK
193,1712177064.2559962,2396612.35087528,3514.0,-1.0170209877600384e-08,3658.0,ASK
194,1712177070.594754,2396612.35087528,3514.0,-0.0,3658.0,ASK
195,1712177100.428003,2396612.35087528,3514.0,-0.0,3658.0,ASK
196,1712177130.4052634,2396612.35087528,3514.0,-0.0,3658.0,ASK
197,1712177160.4353554,2396612.35087528,3514.0,-0.0,3658.0,ASK
198,1712177190.4060042,2396612.35087528,3514.0,-0.0,3658.0,ASK
199,1712177220.5954816,2396612.35087528,3514.0,-0.0,3658.0,ASK
200,1712177226.053355,2396635.48183922,3514.0,-2.626641616229787e-09,3658.0,ASK
201,1712177250.5879292,2396635.48183922,3514.0,-0.0,3658.0,ASK
202,1712177280.4457097,2396635.48183922,3514.0,-0.0,3658.0,ASK
203,1712177303.5758858,2396638.28217526,3514.0,-3.1798983002919686e-10,3658.0,ASK
204,1712177310.409538,2396638.28217526,3514.0,-0.0,3658.0,ASK
205,1712177340.6258876,2396638.28217526,3514.0,-0.0,3658.0,ASK
206,1712177370.606088,2396638.28217526,3514.0,-0.0,3658.0,ASK
207,1712177377.22623,2396957.95514823,3515.0,-3.6300158015306446e-08,3658.0,ASK
208,1712177377.228243,2397588.00982685,3514.0,-7.154525507655986e-08,3658.0,ASK
209,1712177400.436339,2397588.00982685,3514.0,-0.0,3658.0,ASK
210,1712177430.4087322,2397588.00982685,3514.0,-0.0,3658.0,ASK
211,1712177460.6166716,2397588.00982685,3514.0,-0.0,3658.0,ASK
212,1712177490.6067052,2397588.00982685,3514.0,-0.0,3658.0,ASK
213,1712177520.4071934,2397588.00982685,3514.0,-0.0,3658.0,ASK
214,1712177522.308583,2397596.01936991,3514.0,-9.093512924633704e-10,3658.0,ASK
215,1712177538.6270552,2397598.01936991,3514.0,-2.270669589182108e-10,3658.0,ASK
216,1712177538.6297832,2397764.35952784,3514.0,-1.88851769035482e-08,3658.0,ASK
217,1712177545.5202663,2397784.09549701,3528.0,2.2406932503673553e-09,3658.0,BID
218,1712177545.522711,2397934.47017825,3527.0,1.707256078377799e-08,3658.0,BID
219,1712177550.4368489,2397934.47017825,3527.0,0.0,3658.0,BID
220,1712177564.137155,2397939.52706826,3515.0,-5.740468263733555e-10,3658.0,ASK
221,1712177580.5969963,2397939.52706826,3515.0,-0.0,3658.0,ASK
222,1712177610.6124551,2397939.52706826,3515.0,-0.0,3658.0,ASK
223,1712177640.4270802,2397939.52706826,3515.0,-0.0,3658.0,ASK
224,1712177670.430689,2397939.52706826,3515.0,-0.0,3658.0,ASK
225,1712177700.5872524,2397939.52706826,3515.0,-0.0,3658.0,ASK
226,1712177730.6373248,2397939.52706826,3515.0,-0.0,3658.0,ASK
227,1712177760.4254525,2397939.52706826,3515.0,-0.0,3658.0,ASK
228,1712177773.7875514,2397974.24327914,3515.0,-3.942064139027185e-09,3658.0,ASK
229,1712177790.4004383,2397974.24327914,3515.0,-0.0,3658.0,ASK
230,1712177820.447704,2397974.24327914,3515.0,-0.0,3658.0,ASK
231,1712177850.4278622,2397974.24327914,3515.0,-0.0,3658.0,ASK
232,1712177880.6078448,2397974.24327914,3515.0,-0.0,3658.0,ASK
233,1712177894.4481027,2400637.56219043,3514.0,-3.024186173953216e-07,3658.0,ASK
234,1712177894.4509454,2400729.58637341,3515.0,-1.0449302960265304e-08,3658.0,ASK
235,1712177894.5678694,2400809.29583581,3514.0,9.050972194890408e-09,3658.0,BID
236,1712177910.597866,2400809.29583581,3514.0,0.0,3658.0,BID
237,1712177940.4009628,2400809.29583581,3514.0,0.0,3658.0,BID
238,1712177970.3925004,2400809.29583581,3514.0,0.0,3658.0,BID
239,1712178000.529979,2400809.29583581,3514.0,0.0,3658.0,BID
240,1712178030.428681,2400809.29583581,3514.0,0.0,3658.0,BID
241,1712178060.588439,2400809.29583581,3514.0,0.0,3658.0,BID
242,1712178090.598407,2400809.29583581,3514.0,0.0,3658.0,BID
243,1712178096.5685673,2400814.9712047,3524.0,6.437073012757337e-10,3658.0,BID
244,1712178120.43863,2400814.9712047,3524.0,0.0,3658.0,BID
245,1712178150.428543,2400814.9712047,3524.0,0.0,3658.0,BID
246,1712178180.6002443,2400814.9712047,3524.0,0.0,3658.0,BID
247,1712178187.719249,2401055.7275487,3514.0,-2.7306817919402568e-08,3658.0,ASK
248,1712178187.720867,2401096.72931511,3514.0,-4.650460092289492e-09,3658.0,ASK
249,1712178210.6151526,2401096.72931511,3514.0,-0.0,3658.0,ASK
250,1712178240.4271948,2401096.72931511,3514.0,-0.0,3658.0,ASK
251,1712178270.3907914,2401096.72931511,3514.0,-0.0,3658.0,ASK
252,1712178300.5957634,2401096.72931511,3514.0,-0.0,3658.0,ASK
253,1712178330.613913,2401096.72931511,3514.0,-0.0,3658.0,ASK
254,1712178350.0169911,2401121.72931511,3520.0,2.836125938666172e-09,3658.0,BID
255,1712178360.398739,2401121.72931511,3520.0,0.0,3658.0,BID
256,1712178390.443943,2401121.72931511,3520.0,0.0,3658.0,BID
257,1712178420.434799,2401121.72931511,3520.0,0.0,3658.0,BID
258,1712178450.393805,2401121.72931511,3520.0,0.0,3658.0,BID
259,1712178480.5916896,2401121.72931511,3520.0,0.0,3658.0,BID
260,1712178510.5911608,2401121.72931511,3520.0,0.0,3658.0,BID
261,1712178540.400824,2401121.72931511,3520.0,0.0,3658.0,BID
262,1712178570.419182,2401121.72931511,3520.0,0.0,3658.0,BID
263,1712178600.4024563,2401121.72931511,3520.0,0.0,3658.0,BID
264,1712178603.110164,2401126.63368361,3510.0,-5.57949193256245e-10,3658.0,ASK
265,1712178603.1119556,2401129.48268645,3510.0,-3.241189637848852e-10,3658.0,ASK
266,1712178604.4199247,2401133.96655592,3510.0,-5.101108029875003e-10,3658.0,ASK
267,1712178630.4031527,2401133.96655592,3510.0,-0.0,3658.0,ASK
268,1712178660.399143,2401133.96655592,3510.0,-0.0,3658.0,ASK
269,1712178690.418426,2401133.96655592,3510.0,-0.0,3658.0,ASK
270,1712178703.138523,2401505.6450131,3510.0,-4.228407428771972e-08,3658.0,ASK
271,1712178703.2986257,2401581.78450967,3510.0,8.66202511068709e-09,3658.0,BID
272,1712178720.5982397,2401581.78450967,3510.0,0.0,3658.0,BID
273,1712178750.613845,2401581.78450967,3510.0,0.0,3658.0,BID
274,1712178759.9552176,2401584.6351368,3508.0,-3.2424418602860167e-10,3658.0,ASK
275,1712178759.965679,2401586.6351368,3509.0,-2.2748972156191004e-10,3658.0,ASK
276,1712178759.9670625,2401792.29934821,3508.0,-2.3393247094466483e-08,3658.0,ASK
277,1712178763.2276268,2401793.73188902,3508.0,-1.6294415501938532e-10,3658.0,ASK
278,1712178780.407622,2401793.73188902,3508.0,-0.0,3658.0,ASK
279,1712178787.1673756,2401795.57528902,3509.0,-2.0965954524377048e-10,3658.0,ASK
280,1712178787.267379,2402241.54984278,3509.0,5.072302384112317e-08,3658.0,BID
281,1712178810.4172273,2402241.54984278,3509.0,0.0,3658.0,BID
282,1712178840.5865011,2402241.54984278,3509.0,0.0,3658.0,BID
283,1712178870.587511,2402241.54984278,3509.0,0.0,3658.0,BID
284,1712178900.4287212,2402241.54984278,3509.0,0.0,3658.0,BID
285,1712178930.4158666,2402241.54984278,3509.0,0.0,3658.0,BID
286,1712178960.5754397,2402241.54984278,3509.0,0.0,3658.0,BID
287,1712178990.565462,2402241.54984278,3509.0,0.0,3658.0,BID
288,1712179017.2852602,2402244.39884562,3510.0,-3.2500345496154267e-10,3658.0,ASK
289,1712179017.3864384,2402380.43858142,3508.0,-1.5518897884684093e-08,3658.0,ASK
290,1712179017.395587,2402835.3453543,3509.0,-5.18940419418825e-08,3658.0,ASK
291,1712179017.3969731,2402917.96643694,3509.0,-9.425100225810385e-09,3658.0,ASK
292,1712179017.403723,2402926.51588122,3509.0,-9.752882271735255e-10,3658.0,ASK
293,1712179017.4103725,2403235.32158247,3508.0,-3.5227384967517824e-08,3658.0,ASK
294,1712179017.41196,2403279.65663626,3508.0,5.057575041811758e-09,3658.0,BID
295,1712179017.4134705,2403317.9426651,3508.0,4.3675251828830885e-09,3658.0,BID
296,1712179020.4110048,2403317.9426651,3508.0,0.0,3658.0,BID
297,1712179030.3649874,2403346.7213207,3509.0,3.2815462834005003e-09,3658.0,BID
298,1712179050.4150405,2403346.7213207,3509.0,0.0,3658.0,BID
299,1712179054.334657,2403373.01523287,3507.0,-2.9981837027155674e-09,3658.0,ASK
300,1712179054.501526,2403484.88033656,3507.0,1.2755505100097245e-08,3658.0,BID
301,1712179054.503261,2403484.88033658,3509.0,2.283187726623646e-18,3658.0,BID
302,1712179073.2049894,2403491.75413367,3506.0,-7.837900377300542e-10,3658.0,ASK
303,1712179080.5945528,2403491.75413367,3506.0,-0.0,3658.0,ASK
304,1712179093.787197,2403747.38079604,3511.0,2.9146337812227146e-08,3658.0,BID
305,1712179110.584211,2403747.38079604,3511.0,0.0,3658.0,BID
306,1712179127.574916,2404041.69899194,3507.0,-3.3554480315743527e-08,3658.0,ASK
307,1712179127.5784457,2404880.16826713,3506.0,-9.55917818933753e-08,3658.0,ASK
308,1712179140.4113054,2404880.16826713,3506.0,-0.0,3658.0,ASK
309,1712179170.4072435,2404880.16826713,3506.0,-0.0,3658.0,ASK
310,1712179200.426936,2404880.16826713,3506.0,-0.0,3658.0,ASK
311,1712179214.574396,2404924.97632006,3506.0,-5.107147582591567e-09,3658.0,ASK
312,1712179220.6235187,2404972.15915504,3506.0,-5.377821303338111e-09,3658.0,ASK
313,1712179220.6271937,2405424.97632006,3506.0,-5.16113497120193e-08,3658.0,ASK
314,1712179230.386236,2405424.97632006,3506.0,-0.0,3658.0,ASK
315,1712179260.604887,2405424.97632006,3506.0,-0.0,3658.0,ASK
316,1712179290.5970402,2405424.97632006,3506.0,-0.0,3658.0,ASK
317,1712179305.6033368,2405426.68134989,3519.0,1.9429417339675527e-10,3658.0,BID
318,1712179320.403253,2405426.68134989,3519.0,0.0,3658.0,BID
319,1712179345.0930686,2405556.68134989,3519.0,1.481394919284581e-08,3658.0,BID
320,1712179345.0946746,2405705.35099131,3519.0,1.6941419342447053e-08,3658.0,BID
321,1712179345.1793318,2405816.28989884,3519.0,-1.264187184349764e-08,3658.0,ASK
322,1712179350.4059148,2405816.28989884,3519.0,-0.0,3658.0,ASK
323,1712179359.142502,2405958.45651811,3507.0,-1.6197846845749776e-08,3658.0,ASK
324,1712179380.4354377,2405958.45651811,3507.0,-0.0,3658.0,ASK
325,1712179408.3076136,2405960.16154794,3519.0,1.9425265534811448e-10,3658.0,BID
326,1712179410.4054804,2405960.16154794,3519.0,0.0,3658.0,BID
327,1712179425.6324437,2406093.22577073,3519.0,1.5159887809449945e-08,3658.0,BID
328,1712179440.5823703,2406093.22577073,3519.0,0.0,3658.0,BID
329,1712179470.602366,2406093.22577073,3519.0,0.0,3658.0,BID
330,1712179472.042118,2406095.76638177,3507.0,-2.894341012852958e-10,3658.0,ASK
331,1712179500.3966382,2406095.76638177,3507.0,-0.0,3658.0,ASK
332,1712179510.7220197,2406097.4714116,3519.0,1.9462835515628757e-10,3658.0,BID
333,1712179530.417992,2406097.4714116,3519.0,0.0,3658.0,BID
334,1712179560.5819511,2406097.4714116,3519.0,0.0,3658.0,BID
335,1712179590.5815294,2406097.4714116,3519.0,0.0,3658.0,BID
336,1712179620.3952615,2406097.4714116,3519.0,0.0,3658.0,BID
337,1712179650.4076688,2406097.4714116,3519.0,0.0,3658.0,BID
338,1712179680.5621774,2406097.4714116,3519.0,0.0,3658.0,BID
339,1712179686.9070654,2406501.66049771,3515.0,4.613796295235375e-08,3658.0,BID
340,1712179687.0920012,2406624.85837115,3515.0,1.4062969822586377e-08,3658.0,BID
341,1712179710.5710073,2406624.85837115,3515.0,0.0,3658.0,BID
342,1712179740.3914058,2406624.85837115,3515.0,0.0,3658.0,BID
343,1712179770.402202,2406624.85837115,3515.0,0.0,3658.0,BID
344,1712179800.502288,2406624.85837115,3515.0,0.0,3658.0,BID
345,1712179808.9006565,2408142.93518341,3509.0,-1.733613218912163e-07,3658.0,ASK
346,1712179808.9030352,2408285.07690679,3509.0,-1.6232299223622676e-08,3658.0,ASK
347,1712179808.9604833,2408884.57855583,3509.0,6.84618838218005e-08,3658.0,BID
348,1712179810.330744,2408929.13632321,3509.0,5.088407510832133e-09,3658.0,BID
349,1712179810.450287,2409209.56015249,3509.0,3.202383788568734e-08,3658.0,BID
350,1712179810.5579467,2409804.60583899,3509.0,6.795302185248929e-08,3658.0,BID
351,1712179810.6542835,2409863.71984365,3509.0,6.750700562294841e-09,3658.0,BID
352,1712179810.6904566,2410298.85080825,3509.0,4.969108190682669e-08,3658.0,BID
353,1712179811.7906148,2410333.34621225,3515.0,3.939305829839802e-09,3658.0,BID
354,1712179830.4104793,2410333.34621225,3515.0,0.0,3658.0,BID
355,1712179860.590063,2410333.34621225,3515.0,0.0,3658.0,BID
356,1712179878.560167,2410333.3462128,3515.0,6.270953390288663e-17,3658.0,BID
357,1712179890.5601444,2410333.3462128,3515.0,0.0,3658.0,BID
358,1712179920.4051738,2410333.3462128,3515.0,0.0,3658.0,BID
359,1712179924.5288706,2410459.3462128,3526.0,1.4367595281452364e-08,3658.0,BID
360,1712179924.530589,2410585.3462128,3529.0,1.4367595281452364e-08,3658.0,BID
361,1712179924.5322428,2410593.3462128,3540.0,9.122282718382451e-10,3658.0,BID
362,1712179924.5340102,2410743.72089404,3523.0,1.714700444946806e-08,3658.0,BID
363,1712179924.5356865,2410765.63093708,3551.0,2.4983700872651206e-09,3658.0,BID
364,1712179924.53729,2410956.49417162,3532.0,2.1763854825233177e-08,3658.0,BID
365,1712179924.5388844,2411182.20521438,3549.0,2.5737499308963563e-08,3658.0,BID
366,1712179950.4144385,2411182.20521438,3549.0,0.0,3658.0,BID
367,1712179954.6099384,2411189.68686168,3526.0,-8.528295326765342e-10,3658.0,ASK
368,1712179980.425629,2411189.68686168,3526.0,-0.0,3658.0,ASK
369,1712180010.4102316,2411189.68686168,3526.0,-0.0,3658.0,ASK
370,1712180037.969575,2411274.48053041,3538.0,9.665562211371038e-09,3658.0,BID
371,1712180040.6095352,2411274.48053041,3538.0,0.0,3658.0,BID
372,1712180070.579307,2411274.48053041,3538.0,0.0,3658.0,BID
373,1712180100.381541,2411274.48053041,3538.0,0.0,3658.0,BID
374,1712180130.3925924,2411274.48053041,3538.0,0.0,3658.0,BID
375,1712180160.45926,2411274.48053041,3538.0,0.0,3658.0,BID
376,1712180190.4137516,2411274.48053041,3538.0,0.0,3658.0,BID
377,1712180220.5687802,2411274.48053041,3538.0,0.0,3658.0,BID
378,1712180250.5891476,2411274.48053041,3538.0,0.0,3658.0,BID
379,1712180280.4091642,2411274.48053041,3538.0,0.0,3658.0,BID
380,1712180310.3909433,2411274.48053041,3538.0,0.0,3658.0,BID
381,1712180340.581905,2411274.48053041,3538.0,0.0,3658.0,BID
382,1712180369.6569006,2411275.98053041,3528.0,-1.7121456983909032e-10,3658.0,ASK
383,1712180370.5924616,2411275.98053041,3528.0,-0.0,3658.0,ASK
384,1712180400.454208,2411275.98053041,3528.0,-0.0,3658.0,ASK
385,1712180430.4340613,2411275.98053041,3528.0,-0.0,3658.0,ASK
386,1712180460.5748205,2411275.98053041,3528.0,-0.0,3658.0,ASK
387,1712180490.595006,2411275.98053041,3528.0,-0.0,3658.0,ASK
388,1712180520.4156003,2411275.98053041,3528.0,-0.0,3658.0,ASK
389,1712180530.0968518,2411301.70979028,3548.0,2.937365779020298e-09,3658.0,BID
390,1712180530.1012712,2411367.29079279,3538.0,7.487016474589567e-09,3658.0,BID
391,1712180530.105038,2411487.29079279,3546.0,1.3699729229025394e-08,3658.0,BID
392,1712180530.1078942,2411489.5890431,3544.0,2.623783912434024e-10,3658.0,BID
393,1712180550.4062707,2411489.5890431,3544.0,0.0,3658.0,BID
394,1712180580.596782,2411489.5890431,3544.0,0.0,3658.0,BID
395,1712180610.5892074,2411489.5890431,3544.0,0.0,3658.0,BID
396,1712180640.4278543,2411489.5890431,3544.0,0.0,3658.0,BID
397,1712180670.38137,2411489.5890431,3544.0,0.0,3658.0,BID
398,1712180680.0383446,2411496.5890431,3538.0,-7.9908181508509e-10,3658.0,ASK
399,1712180700.4191487,2411496.5890431,3538.0,-0.0,3658.0,ASK
400,1712180730.3989692,2411496.5890431,3538.0,-0.0,3658.0,ASK
401,1712180760.5752847,2411496.5890431,3538.0,-0.0,3658.0,ASK
402,1712180771.4494667,2411525.01624019,3542.0,-3.2486283800951204e-09,3658.0,ASK
403,1712180790.5895116,2411525.01624019,3542.0,-0.0,3658.0,ASK
404,1712180820.4283285,2411525.01624019,3542.0,-0.0,3658.0,ASK
405,1712180850.400447,2411525.01624019,3542.0,-0.0,3658.0,ASK
406,1712180872.830814,2411553.53063996,3542.0,-3.258556310106993e-09,3658.0,ASK
407,1712180880.5909083,2411553.53063996,3542.0,-0.0,3658.0,ASK
408,1712180910.6125138,2411553.53063996,3542.0,-0.0,3658.0,ASK
409,1712180940.4115937,2411553.53063996,3542.0,-0.0,3658.0,ASK
410,1712180942.2056067,2411646.96372434,3542.0,-1.0677182588089197e-08,3658.0,ASK
411,1712180942.2612898,2411646.96372435,3542.0,1.1707085737278673e-18,3658.0,BID
412,1712180942.2653356,2411837.05771679,3542.0,2.1723228764757377e-08,3658.0,BID
413,1712180970.3770168,2411837.05771679,3542.0,0.0,3658.0,BID
414,1712181000.5318005,2411837.05771679,3542.0,0.0,3658.0,BID
415,1712181030.3823862,2411837.05771679,3542.0,0.0,3658.0,BID
416,1712181060.5920472,2411837.05771679,3542.0,0.0,3658.0,BID
417,1712181070.9825656,2411839.87541191,3549.0,3.2206634074787207e-10,3658.0,BID
418,1712181080.9693377,2411842.69310703,3549.0,3.2206634074787207e-10,3658.0,BID
419,1712181090.57232,2411842.69310703,3549.0,0.0,3658.0,BID
420,1712181097.1727154,2411987.43239803,3549.0,1.6543857751507318e-08,3658.0,BID
421,1712181097.1768966,2412049.09553961,3550.0,7.048163879748057e-09,3658.0,BID
422,1712181120.4324996,2412049.09553961,3550.0,0.0,3658.0,BID
423,1712181140.5331445,2412351.84114676,3543.0,-3.4601253508713924e-08,3658.0,ASK
424,1712181140.5371816,2412494.69202777,3543.0,-1.6326643330322775e-08,3658.0,ASK
425,1712181140.636848,2412497.51529146,3542.0,-3.2267507883888117e-10,3658.0,ASK
426,1712181140.6386204,2412500.33935245,3541.0,-3.227662034775297e-10,3658.0,ASK
427,1712181140.6404772,2412534.005925,3542.0,-3.847803515790405e-09,3658.0,ASK
428,1712181140.8129656,2412536.83158196,3539.0,-3.2294860927817937e-10,3658.0,ASK
429,1712181140.8169985,2412619.39894478,3539.0,-9.436748824804628e-09,3658.0,ASK
430,1712181140.892737,2412749.39894478,3537.0,-1.4857896695757396e-08,3658.0,ASK
431,1712181140.897041,2412752.22619951,3537.0,-3.2313122083172954e-10,3658.0,ASK
432,1712181145.8729253,2412892.52280283,3537.0,-1.6034711068436055e-08,3658.0,ASK
433,1712181150.5425117,2412892.52280283,3537.0,-0.0,3658.0,ASK
434,1712181180.5881715,2412892.52280283,3537.0,-0.0,3658.0,ASK
435,1712181210.5929034,2412892.52280283,3537.0,-0.0,3658.0,ASK
436,1712181240.413233,2412892.52280283,3537.0,-0.0,3658.0,ASK
437,1712181270.4174893,2412892.52280283,3537.0,-0.0,3658.0,ASK
438,1712181300.474846,2412892.52280283,3537.0,-0.0,3658.0,ASK
439,1712181330.4066556,2412892.52280283,3537.0,-0.0,3658.0,ASK
440,1712181360.5954134,2412892.52280283,3537.0,-0.0,3658.0,ASK
441,1712181390.631545,2412892.52280283,3537.0,-0.0,3658.0,ASK
442,1712181403.344204,2412896.96549051,3537.0,-5.07640296515713e-10,3658.0,ASK
443,1712181403.3546896,2413235.45735254,3538.0,-3.867751270969975e-08,3658.0,ASK
444,1712181403.357883,2413284.33251752,3537.0,-5.584683198496026e-09,3658.0,ASK
445,1712181420.4240742,2413284.33251752,3537.0,-0.0,3658.0,ASK
446,1712181450.3940706,2413284.33251752,3537.0,-0.0,3658.0,ASK
447,1712181480.6042824,2413284.33251752,3537.0,-0.0,3658.0,ASK
448,1712181510.594468,2413284.33251752,3537.0,-0.0,3658.0,ASK
449,1712181540.439081,2413284.33251752,3537.0,-0.0,3658.0,ASK
450,1712181550.7845442,2413354.17737943,3537.0,7.979505646332888e-09,3658.0,BID
451,1712181570.4446816,2413354.17737943,3537.0,0.0,3658.0,BID
452,1712181600.5904264,2413354.17737943,3537.0,0.0,3658.0,BID
453,1712181613.354697,2413504.55206067,3549.0,1.7181659653767112e-08,3658.0,BID
454,1712181613.4781787,2414142.91533378,3549.0,-7.29387447644959e-08,3658.0,ASK
455,1712181616.3652549,2414221.74968148,3549.0,9.007533183373045e-09,3658.0,BID
456,1712181624.4485557,2414250.34195083,3541.0,-3.266923903981096e-09,3658.0,ASK
457,1712181630.4005592,2414250.34195083,3541.0,-0.0,3658.0,ASK
458,1712181660.6150963,2414250.34195083,3541.0,-0.0,3658.0,ASK
459,1712181680.92761,2414348.11705083,3541.0,-1.1167626451622902e-08,3658.0,ASK
460,1712181680.9299498,2414613.37376272,3541.0,-3.0296955688934425e-08,3658.0,ASK
461,1712181690.6055367,2414613.37376272,3541.0,-0.0,3658.0,ASK
462,1712181720.4048817,2414613.37376272,3541.0,-0.0,3658.0,ASK
463,1712181744.3968258,2414692.20811043,3538.0,-9.002939410653165e-09,3658.0,ASK
464,1712181744.4750617,2414766.69721343,3538.0,8.506709328414104e-09,3658.0,BID
465,1712181744.495093,2414766.69721354,3538.0,1.255020980882241e-17,3658.0,BID
466,1712181750.4450762,2414766.69721354,3538.0,0.0,3658.0,BID
467,1712181752.124345,2414886.49001354,3538.0,-1.3679576787752636e-08,3658.0,ASK
468,1712181752.1287682,2415027.81279477,3538.0,-1.613816387712768e-08,3658.0,ASK
469,1712181752.171498,2415241.93294377,3538.0,2.4451160838157137e-08,3658.0,BID
470,1712181752.1751523,2415241.93294416,3538.0,4.4507944508457295e-17,3658.0,BID
471,1712181780.6101315,2415241.93294416,3538.0,0.0,3658.0,BID
472,1712181810.6053174,2415241.93294416,3538.0,0.0,3658.0,BID
473,1712181812.5952437,2415507.48671334,3538.0,-3.031873223671325e-08,3658.0,ASK
474,1712181812.65533,2415655.23560587,3538.0,1.6868746110118894e-08,3658.0,BID
475,1712181812.675848,2415663.48100587,3538.0,9.41391551524052e-10,3658.0,BID
476,1712181812.7002232,2415666.3082606,3537.0,-3.227925530746727e-10,3658.0,ASK
477,1712181812.7152407,2415678.4075606,3536.0,1.381397967277264e-09,3658.0,BID
478,1712181812.882305,2415723.7856606,3536.0,-5.180896010455169e-09,3658.0,ASK
479,1712181812.88566,2415783.5575606,3536.0,-6.824261003624416e-09,3658.0,ASK
480,1712181812.8890066,2415906.4058606,3535.0,-1.4025802476617256e-08,3658.0,ASK
481,1712181812.9597497,2415962.6558606,3535.0,-6.422159600975509e-09,3658.0,ASK
482,1712181813.0753274,2415969.0960606,3535.0,-7.352887513360401e-10,3658.0,ASK
483,1712181813.0786743,2415989.9977606,3535.0,-2.386383170320156e-09,3658.0,ASK
484,1712181813.0820208,2416025.8242606,3535.0,-4.090373350117933e-09,3658.0,ASK
485,1712181813.279944,2416040.3909606,3535.0,-1.663105284649933e-09,3658.0,ASK
486,1712181813.2868884,2416101.7332606,3535.0,-7.003556282467475e-09,3658.0,ASK
487,1712181840.4352794,2416101.7332606,3535.0,-0.0,3658.0,ASK
488,1712181854.5654762,2416243.05604183,3538.0,1.6129466202421645e-08,3658.0,BID
489,1712181870.408278,2416243.05604183,3538.0,0.0,3658.0,BID
490,1712181900.6102345,2416243.05604183,3538.0,0.0,3658.0,BID
491,1712181919.8455944,2417910.75074168,3538.0,1.9040749616929498e-07,3658.0,BID
492,1712181930.5948093,2417910.75074168,3538.0,0.0,3658.0,BID
493,1712181933.7857506,2417953.05579468,3538.0,4.82688851353833e-09,3658.0,BID
494,1712181933.790306,2417953.05579474,3538.0,6.853854321838175e-18,3658.0,BID
495,1712181960.3820858,2417953.05579474,3538.0,0.0,3658.0,BID
496,1712181990.432134,2417953.05579474,3538.0,0.0,3658.0,BID
497,1712182020.5979822,2417953.05579474,3538.0,0.0,3658.0,BID
498,1712182050.6058142,2417953.05579474,3538.0,0.0,3658.0,BID
499,1712182080.4163582,2417953.05579474,3538.0,0.0,3658.0,BID
500,1712182110.445789,2417953.05579474,3538.0,0.0,3658.0,BID
501,1712182140.5957117,2417953.05579474,3538.0,0.0,3658.0,BID
502,1712182170.6119404,2417953.05579474,3538.0,0.0,3658.0,BID
503,1712182200.4575467,2417953.05579474,3538.0,0.0,3658.0,BID
504,1712182206.2546687,2417954.59272504,3545.0,1.7539925703133499e-10,3658.0,BID
505,1712182222.9865203,2417954.59272599,3545.0,1.0841113186161376e-16,3658.0,BID
506,1712182222.991106,2418103.43046599,3545.0,1.6985824937653327e-08,3658.0,BID
507,1712182223.117955,2418106.25054496,3546.0,3.2183616664384086e-10,3658.0,BID
508,1712182223.120879,2418255.08828496,3543.0,1.6985824937600186e-08,3658.0,BID
509,1712182223.122907,2418403.80527999,3549.0,1.6972045146820303e-08,3658.0,BID
510,1712182230.425918,2418403.80527999,3549.0,0.0,3658.0,BID
511,1712182260.606527,2418403.80527999,3549.0,0.0,3658.0,BID
512,1712182273.7960706,2418405.21679565,3543.0,-1.6105717336543498e-10,3658.0,ASK
513,1712182273.865961,2418405.28376174,3543.0,7.640984462032643e-12,3658.0,BID
514,1712182275.4840174,2418451.20206395,3543.0,-5.2393835725740464e-09,3658.0,ASK
515,1712182275.5964308,2418472.94866174,3543.0,-2.481336672708229e-09,3658.0,ASK
516,1712182275.60103,2418585.42479344,3543.0,-1.2833784534232425e-08,3658.0,ASK
517,1712182287.9866912,2418631.34309565,3543.0,-5.239383572627178e-09,3658.0,ASK
518,1712182287.990887,2418661.34309565,3543.0,-3.423068789865251e-09,3658.0,ASK
519,1712182290.5862184,2418661.34309565,3543.0,-0.0,3658.0,ASK
520,1712182320.4159286,2418661.34309565,3543.0,-0.0,3658.0,ASK
521,1712182350.4249125,2418661.34309565,3543.0,-0.0,3658.0,ASK
522,1712182380.585292,2418661.34309565,3543.0,-0.0,3658.0,ASK
523,1712182385.7141123,2418761.34309565,3549.0,1.1409041465718621e-08,3658.0,BID
524,1712182385.794438,2418761.34309661,3551.0,1.0954888305771999e-16,3658.0,BID
525,1712182385.8001835,2419239.43305261,3551.0,5.4545481323473823e-08,3658.0,BID
526,1712182385.8741586,2419639.43305261,3552.0,4.5636165862874484e-08,3658.0,BID
527,1712182385.95443,2419739.43305187,3554.0,1.1409041381299038e-08,3658.0,BID
528,1712182385.960437,2420615.43002735,3554.0,9.994285817091396e-08,3658.0,BID
529,1712182386.994366,2420684.33069621,3555.0,-7.860905880388883e-09,3658.0,ASK
530,1712182387.1540873,2420762.41812091,3555.0,-8.909026663551735e-09,3658.0,ASK
531,1712182410.6435933,2420762.41812091,3555.0,-0.0,3658.0,ASK
532,1712182440.426029,2420762.41812091,3555.0,-0.0,3658.0,ASK
533,1712182470.402353,2420762.41812091,3555.0,-0.0,3658.0,ASK
534,1712182480.200804,2420765.02662091,3558.0,2.973516091927444e-10,3658.0,BID
535,1712182500.4566467,2420765.02662091,3558.0,0.0,3658.0,BID
536,1712182530.4214058,2420765.02662091,3558.0,0.0,3658.0,BID
537,1712182560.6008816,2420765.02662091,3558.0,0.0,3658.0,BID
538,1712182590.6103418,2420765.02662091,3558.0,0.0,3658.0,BID
539,1712182620.3998177,2420765.02662091,3558.0,0.0,3658.0,BID
540,1712182650.429638,2420765.02662091,3558.0,0.0,3658.0,BID
541,1712182680.588843,2420765.02662091,3558.0,0.0,3658.0,BID
542,1712182709.4987974,2420766.71296155,3558.0,1.9228381863802643e-10,3658.0,BID
543,1712182710.6022756,2420766.71296155,3558.0,0.0,3658.0,BID
544,1712182740.4185424,2420766.71296155,3558.0,0.0,3658.0,BID
545,1712182770.420994,2420766.71296155,3558.0,0.0,3658.0,BID
546,1712182780.5474744,2420909.40621446,3558.0,1.6270487791129142e-08,3658.0,BID
547,1712182780.5574732,2421137.85521446,3558.0,2.604872052179139e-08,3658.0,BID
548,1712182780.657669,2421275.06797228,3558.0,-1.5645578577642888e-08,3658.0,ASK
549,1712182780.6627564,2421610.09368827,3558.0,-3.8201048126433056e-08,3658.0,ASK
550,1712182800.4801755,2421610.09368827,3558.0,-0.0,3658.0,ASK
551,1712182803.797499,2421760.09368827,3551.0,-1.710766907915333e-08,3658.0,ASK
552,1712182830.410405,2421760.09368827,3551.0,-0.0,3658.0,ASK
553,1712182860.4367013,2421760.09368827,3551.0,-0.0,3658.0,ASK
554,1712182886.8163817,2421844.60073052,3550.0,-9.637537950487101e-09,3658.0,ASK
555,1712182890.420425,2421844.60073052,3550.0,-0.0,3658.0,ASK
556,1712182902.8663394,2421929.10777277,3550.0,9.6372082301258e-09,3658.0,BID
557,1712182920.5858753,2421929.10777277,3550.0,0.0,3658.0,BID
558,1712182950.5859363,2421929.10777277,3550.0,0.0,3658.0,BID
559,1712182980.3810313,2421929.10777277,3550.0,0.0,3658.0,BID
560,1712183010.4156177,2421929.10777277,3550.0,0.0,3658.0,BID
561,1712183040.5849445,2421929.10777277,3550.0,0.0,3658.0,BID
562,1712183070.584702,2421929.10777277,3550.0,0.0,3658.0,BID
563,1712183100.414426,2421929.10777277,3550.0,0.0,3658.0,BID
564,1712183130.4245007,2421929.10777277,3550.0,0.0,3658.0,BID
565,1712183160.4796908,2421929.10777277,3550.0,0.0,3658.0,BID
566,1712183164.4040174,2422039.10777277,3549.0,-1.25476598398945e-08,3658.0,ASK
567,1712183190.36583,2422039.10777277,3549.0,-0.0,3658.0,ASK
568,1712183220.5835557,2422039.10777277,3549.0,-0.0,3658.0,ASK
569,1712183238.5736172,2422939.86014477,3550.0,1.0274391886096525e-07,3658.0,BID
570,1712183238.5940633,2423137.318046,3550.0,2.2522947719134372e-08,3658.0,BID
571,1712183238.5985682,2423496.6580847,3550.0,4.098796176103324e-08,3658.0,BID
572,1712183250.603331,2423496.6580847,3550.0,0.0,3658.0,BID
573,1712183280.4235826,2423496.6580847,3550.0,0.0,3658.0,BID
574,1712183310.3860366,2423496.6580847,3550.0,0.0,3658.0,BID
575,1712183340.5843668,2423496.6580847,3550.0,0.0,3658.0,BID
576,1712183358.4936018,2423624.6580847,3547.0,-1.459165103435652e-08,3658.0,ASK
577,1712183358.4987838,2423626.06960036,3543.0,-1.6090893704668586e-10,3658.0,ASK
578,1712183358.503483,2423627.47912685,3548.0,-1.6068217709230115e-10,3658.0,ASK
579,1712183358.5072331,2423630.18693186,3549.0,-3.086823888699934e-10,3658.0,ASK
580,1712183358.509635,2423631.59685573,3547.0,-1.6072747727307968e-10,3658.0,ASK
581,1712183358.5118914,2423633.23370674,3544.0,-1.86596552645908e-10,3658.0,ASK
582,1712183358.5141757,2423634.64402822,3546.0,-1.6077280373049623e-10,3658.0,ASK
583,1712183358.5164716,2423636.05474754,3545.0,-1.6081815646455082e-10,3658.0,ASK
584,1712183358.5187464,2424283.61336243,3543.0,-7.38199166622459e-08,3658.0,ASK
585,1712183358.5212152,2424311.83006671,3544.0,-3.216627360845992e-09,3658.0,ASK
586,1712183358.5234993,2424340.03881142,3545.0,-3.2157199916415063e-09,3658.0,ASK
587,1712183370.5731702,2424340.03881142,3545.0,-0.0,3658.0,ASK
588,1712183400.672335,2424340.03881142,3545.0,-0.0,3658.0,ASK
589,1712183430.5723994,2424340.03881142,3545.0,-0.0,3658.0,ASK
590,1712183460.4222128,2424340.03881142,3545.0,-0.0,3658.0,ASK
591,1712183490.413874,2424340.03881142,3545.0,-0.0,3658.0,ASK
592,1712183520.4751322,2425740.03881142,3543.0,-1.595654278170357e-07,3658.0,ASK
593,1712183520.5815294,2425740.03881142,3543.0,-0.0,3658.0,ASK
594,1712183542.3317692,2425802.64598023,3543.0,-7.131639393609919e-09,3658.0,ASK
595,1712183550.58188,2425802.64598023,3543.0,-0.0,3658.0,ASK
596,1712183565.471603,2425812.62306046,3543.0,-1.1364695441536855e-09,3658.0,ASK
597,1712183565.4780583,2426172.64598023,3543.0,-4.10095011845145e-08,3658.0,ASK
598,1712183580.431309,2426172.64598023,3543.0,-0.0,3658.0,ASK
599,1712183610.3982527,2426172.64598023,3543.0,-0.0,3658.0,ASK
600,1712183640.5709715,2426172.64598023,3543.0,-0.0,3658.0,ASK
601,1712183670.5784333,2426172.64598023,3543.0,-0.0,3658.0,ASK
602,1712183689.9009674,2426178.27344224,3554.0,6.409174019788313e-10,3658.0,BID
603,1712183700.391184,2426178.27344224,3554.0,0.0,3658.0,BID
604,1712183704.850601,2426378.27344224,3554.0,2.2778411022527783e-08,3658.0,BID
605,1712183704.8605342,2426523.02066147,3554.0,1.6485558269949894e-08,3658.0,BID
606,1712183704.9707024,2426540.73455415,3554.0,-2.0174716413844153e-09,3658.0,ASK
607,1712183704.9806087,2427006.74468776,3554.0,-5.3074851820117495e-08,3658.0,ASK
608,1712183730.417428,2427006.74468776,3554.0,-0.0,3658.0,ASK
609,1712183760.5803492,2427006.74468776,3554.0,-0.0,3658.0,ASK
610,1712183790.580294,2427006.74468776,3554.0,-0.0,3658.0,ASK
611,1712183820.4301758,2427006.74468776,3554.0,-0.0,3658.0,ASK
612,1712183822.0300796,2427157.119369,3547.0,-1.7120740175599156e-08,3658.0,ASK
613,1712183850.392165,2427157.119369,3547.0,-0.0,3658.0,ASK
614,1712183850.9803903,2428477.96842167,3543.0,-1.5037465122245896e-07,3658.0,ASK
615,1712183850.9859734,2428674.43938761,3543.0,-2.2367622491648625e-08,3658.0,ASK
616,1712183880.5998597,2428674.43938761,3543.0,-0.0,3658.0,ASK
617,1712183910.5900216,2428674.43938761,3543.0,-0.0,3658.0,ASK
618,1712183925.329744,2428677.25311861,3554.0,3.2013879153296557e-10,3658.0,BID
619,1712183940.4296887,2428677.25311861,3554.0,0.0,3658.0,BID
620,1712183970.4096675,2428677.25311861,3554.0,0.0,3658.0,BID
621,1712184000.430771,2428677.25311861,3554.0,0.0,3658.0,BID
622,1712184000.8295894,2428688.50804263,3554.0,1.2811759903560591e-09,3658.0,BID
623,1712184030.3892567,2428688.50804263,3554.0,0.0,3658.0,BID
624,1712184045.2832222,2428722.52155987,3554.0,3.871825623991059e-09,3658.0,BID
625,1712184060.5925431,2428722.52155987,3554.0,0.0,3658.0,BID
626,1712184090.5891356,2428722.52155987,3554.0,0.0,3658.0,BID
627,1712184120.3788643,2428722.52155987,3554.0,0.0,3658.0,BID
628,1712184150.418844,2428722.52155987,3554.0,0.0,3658.0,BID
629,1712184176.0987618,2428727.30454116,3548.0,-5.444486838054276e-10,3658.0,ASK
630,1712184180.5886903,2428727.30454116,3548.0,-0.0,3658.0,ASK
631,1712184210.5784545,2428727.30454116,3548.0,-0.0,3658.0,ASK
632,1712184240.4160807,2428727.30454116,3548.0,-0.0,3658.0,ASK
633,1712184270.4094484,2428727.30454116,3548.0,-0.0,3658.0,ASK
634,1712184300.4289217,2428727.30454116,3548.0,-0.0,3658.0,ASK
635,1712184330.428094,2428727.30454116,3548.0,-0.0,3658.0,ASK
636,1712184338.3781967,2428735.74151569,3554.0,9.63562249689381e-10,3658.0,BID
637,1712184360.588425,2428735.74151569,3554.0,0.0,3658.0,BID
638,1712184384.8087227,2428835.37465231,3554.0,1.13787709281519e-08,3658.0,BID
639,1712184384.8139455,2429927.93644449,3554.0,1.247778678845653e-07,3658.0,BID
640,1712184390.5986514,2429927.93644449,3554.0,0.0,3658.0,BID
641,1712184420.4190524,2429927.93644449,3554.0,0.0,3658.0,BID
642,1712184431.0992143,2430141.20085692,3554.0,-2.4344442731971755e-08,3658.0,ASK
643,1712184450.049898,2430247.90166596,3554.0,1.2180052478229621e-08,3658.0,BID
644,1712184450.0530488,2430252.83461596,3553.0,5.63103414217044e-10,3658.0,BID
645,1712184450.0560272,2430421.8094224,3555.0,1.92887198180948e-08,3658.0,BID
646,1712184450.058941,2430641.20085692,3554.0,2.5043851211319865e-08,3658.0,BID
647,1712184450.409175,2430641.20085692,3554.0,0.0,3658.0,BID
648,1712184475.2596145,2430728.87061542,3555.0,1.0004735160535684e-08,3658.0,BID
649,1712184475.2693634,2431141.20085692,3555.0,4.7054479622907536e-08,3658.0,BID
650,1712184478.0594645,2431144.01379644,3555.0,3.2100824048834213e-10,3658.0,BID
651,1712184480.5699708,2431144.01379644,3555.0,0.0,3658.0,BID
652,1712184510.5596895,2431144.01379644,3555.0,0.0,3658.0,BID
653,1712184540.4096775,2431144.01379644,3555.0,0.0,3658.0,BID
654,1712184567.020192,2431145.4202662,3555.0,1.6047138621679967e-10,3658.0,BID
655,1712184570.4187987,2431145.4202662,3555.0,0.0,3658.0,BID
656,1712184600.4543774,2431145.4202662,3555.0,0.0,3658.0,BID
657,1712184630.4003828,2431145.4202662,3555.0,0.0,3658.0,BID
658,1712184660.600593,2431145.4202662,3555.0,0.0,3658.0,BID
659,1712184673.710741,2431161.52646236,3555.0,1.8392950184157903e-09,3658.0,BID
660,1712184673.7705534,2431631.81270539,3555.0,-5.3705737558655495e-08,3658.0,ASK
661,1712184678.6807134,2431831.81270539,3557.0,2.283959539730411e-08,3658.0,BID
662,1712184678.6851828,2432331.81270539,3557.0,5.709898849326028e-08,3658.0,BID
663,1712184678.762766,2432491.0346902,3557.0,-1.8182828557049692e-08,3658.0,ASK
664,1712184678.765305,2432800.70150388,3555.0,-3.5363323662114456e-08,3658.0,ASK
665,1712184689.9610794,2432817.60767463,3549.0,-1.930650498242893e-09,3658.0,ASK
666,1712184689.9672494,2432966.22962764,3549.0,-1.6972326369538385e-08,3658.0,ASK
667,1712184690.560946,2432966.22962764,3549.0,-0.0,3658.0,ASK
668,1712184698.0537286,2433000.61519697,3548.0,-3.9238616079306394e-09,3658.0,ASK
669,1712184698.0584536,2433115.20493903,3548.0,-1.3076249667992049e-08,3658.0,ASK
670,1712184720.3928487,2433115.20493903,3548.0,-0.0,3658.0,ASK
671,1712184750.4030554,2433115.20493903,3548.0,-0.0,3658.0,ASK
672,1712184780.5811503,2433115.20493903,3548.0,-0.0,3658.0,ASK
673,1712184810.581381,2433115.20493903,3548.0,-0.0,3658.0,ASK
674,1712184840.4116132,2433115.20493903,3548.0,-0.0,3658.0,ASK
675,1712184870.3969789,2433115.20493903,3548.0,-0.0,3658.0,ASK
676,1712184900.551927,2433115.20493903,3548.0,-0.0,3658.0,ASK
677,1712184930.591753,2433115.20493903,3548.0,-0.0,3658.0,ASK
678,1712184960.4074764,2433115.20493903,3548.0,-0.0,3658.0,ASK
679,1712184981.9123635,2433137.07993903,3548.0,-2.496689577283215e-09,3658.0,ASK
680,1712184989.6023338,2433139.07993903,3557.0,2.2826876135160822e-10,3658.0,BID
681,1712184990.4273198,2433139.07993903,3557.0,0.0,3658.0,BID
682,1712185010.4422293,2433146.70868018,3557.0,8.706932266839792e-10,3658.0,BID
683,1712185020.5620975,2433146.70868018,3557.0,0.0,3658.0,BID
684,1712185050.6138177,2433146.70868018,3557.0,0.0,3658.0,BID
685,1712185080.4028225,2433146.70868018,3557.0,0.0,3658.0,BID
686,1712185110.3761668,2433146.70868018,3557.0,0.0,3658.0,BID
687,1712185140.5731196,2433146.70868018,3557.0,0.0,3658.0,BID
688,1712185170.5900033,2433146.70868018,3557.0,0.0,3658.0,BID
689,1712185172.1755912,2433149.52003806,3554.0,3.2086849387124936e-10,3658.0,BID
690,1712185200.6031747,2433149.52003806,3554.0,0.0,3658.0,BID
691,1712185223.7333343,2433165.04441084,3552.0,1.7731813796871099e-09,3658.0,BID
692,1712185223.7361116,2433177.65734813,3554.0,1.4406395583232683e-09,3658.0,BID
693,1712185230.386232,2433177.65734813,3554.0,0.0,3658.0,BID
694,1712185256.9201877,2433180.47107914,3548.0,-3.2137842453326887e-10,3658.0,ASK
695,1712185260.574132,2433180.47107914,3548.0,-0.0,3658.0,ASK
696,1712185279.8927195,2433204.11427368,3548.0,-2.7004727605072683e-09,3658.0,ASK
697,1712185279.89554,2433372.69487614,3548.0,-1.9254899084145888e-08,3658.0,ASK
698,1712185285.8460886,2433372.69487691,3548.0,-8.797095059511259e-17,3658.0,ASK
699,1712185290.5927193,2433372.69487691,3548.0,-0.0,3658.0,ASK
700,1712185302.225152,2433422.69487691,3546.0,-5.710443256353097e-09,3658.0,ASK
701,1712185302.2302382,2433424.10559623,3545.0,-1.6111665251717068e-10,3658.0,ASK
702,1712185302.2339249,2433425.51790913,3541.0,-1.6129865353407968e-10,3658.0,ASK
703,1712185302.2364995,2433429.11180913,3540.0,-4.104552403510464e-10,3658.0,ASK
704,1712185302.239106,2433430.52774583,3539.0,-1.6171252360657068e-10,3658.0,ASK
705,1712185302.241691,2433431.96224611,3542.0,-1.6383264903774571e-10,3658.0,ASK
706,1712185302.2443202,2433433.37336349,3544.0,-1.6116211453307467e-10,3658.0,ASK
707,1712185302.2469304,2433434.26154281,3539.0,-1.0143795215632732e-10,3658.0,ASK
708,1712185302.2495754,2433442.69487614,3540.0,-9.63161428841125e-10,3658.0,ASK
709,1712185320.3836238,2433442.69487614,3540.0,-0.0,3658.0,ASK
710,1712185350.415721,2433442.69487614,3540.0,-0.0,3658.0,ASK
711,1712185368.5826375,2433593.06955738,3540.0,-1.7173635040762245e-08,3658.0,ASK
712,1712185380.592794,2433593.06955738,3540.0,-0.0,3658.0,ASK
713,1712185410.5927372,2433593.06955738,3540.0,-0.0,3658.0,ASK
714,1712185440.3931422,2433593.06955738,3540.0,-0.0,3658.0,ASK
715,1712185470.4061737,2433593.06955738,3540.0,-0.0,3658.0,ASK
716,1712185500.5830245,2433593.06955738,3540.0,-0.0,3658.0,ASK
717,1712185508.143144,2433607.26237464,3541.0,-1.620842909947093e-09,3658.0,ASK
718,1712185508.290208,2433708.35713083,3541.0,1.1545186258756124e-08,3658.0,BID
719,1712185508.294045,2433708.35713084,3541.0,1.116764869507692e-18,3658.0,BID
720,1712185517.4329226,2434634.06513252,3541.0,-1.0571736560214392e-07,3658.0,ASK
721,1712185530.5929303,2434634.06513252,3541.0,-0.0,3658.0,ASK
722,1712185532.0628738,2434767.79487752,3541.0,1.5265728923903254e-08,3658.0,BID
723,1712185532.0733204,2434767.79487782,3541.0,3.428620194898756e-17,3658.0,BID
724,1712185560.393427,2434767.79487782,3541.0,0.0,3658.0,BID
725,1712185590.4134054,2434767.79487782,3541.0,0.0,3658.0,BID
726,1712185594.813839,2434879.23647497,3541.0,-1.2720769458746552e-08,3658.0,ASK
727,1712185620.603366,2434879.23647497,3541.0,-0.0,3658.0,ASK
728,1712185637.8734512,2435876.67164168,3541.0,-1.1384951066929785e-07,3658.0,ASK
729,1712185650.5934625,2435876.67164168,3541.0,-0.0,3658.0,ASK
730,1712185680.4234776,2435876.67164168,3541.0,-0.0,3658.0,ASK
731,1712185710.4033947,2435876.67164168,3541.0,-0.0,3658.0,ASK
732,1712185740.5833006,2435876.67164168,3541.0,-0.0,3658.0,ASK
733,1712185770.5736325,2435876.67164168,3541.0,-0.0,3658.0,ASK
734,1712185800.4422016,2435876.67164168,3541.0,-0.0,3658.0,ASK
735,1712185802.643824,2435878.26517974,3542.0,-1.820375204362201e-10,3658.0,ASK
736,1712185806.453306,2435879.78622605,3551.0,1.7375643905396588e-10,3658.0,BID
737,1712185830.4156082,2435879.78622605,3551.0,0.0,3658.0,BID
738,1712185860.224201,2435946.40722587,3542.0,-7.610427776684056e-09,3658.0,ASK
739,1712185860.5941098,2435946.40722587,3542.0,-0.0,3658.0,ASK
740,1712185890.603394,2435946.40722587,3542.0,-0.0,3658.0,ASK
741,1712185920.3880477,2435946.40722587,3542.0,-0.0,3658.0,ASK
742,1712185950.413522,2435946.40722587,3542.0,-0.0,3658.0,ASK
743,1712185980.593362,2435946.40722587,3542.0,-0.0,3658.0,ASK
744,1712186008.2734025,2436165.10795134,3542.0,-2.4982531268598253e-08,3658.0,ASK
745,1712186010.574928,2436165.10795134,3542.0,-0.0,3658.0,ASK
746,1712186040.4236696,2436165.10795134,3542.0,-0.0,3658.0,ASK
747,1712186070.433734,2436165.10795134,3542.0,-0.0,3658.0,ASK
748,1712186100.4332497,2436165.10795134,3542.0,-0.0,3658.0,ASK
749,1712186108.7933347,2436166.93640204,3550.0,2.0891357318169078e-10,3658.0,BID
750,1712186111.3634956,2436169.48194881,3550.0,2.90846929241155e-10,3658.0,BID
751,1712186111.369819,2436169.63251877,3550.0,1.7203695103595295e-11,3658.0,BID
752,1712186130.4633036,2436169.63251877,3550.0,0.0,3658.0,BID
753,1712186160.5793223,2436169.63251877,3550.0,0.0,3658.0,BID
754,1712186190.6031969,2436169.63251877,3550.0,0.0,3658.0,BID
755,1712186220.393456,2436169.63251877,3550.0,0.0,3658.0,BID
756,1712186250.3933785,2436169.63251877,3550.0,0.0,3658.0,BID
757,1712186250.7131755,2436171.32218365,3551.0,1.9305594602490096e-10,3658.0,BID
758,1712186280.5634036,2436171.32218365,3551.0,0.0,3658.0,BID
759,1712186297.5434082,2436173.01232449,3550.0,1.9311019541134928e-10,3658.0,BID
760,1712186310.6033037,2436173.01232449,3550.0,0.0,3658.0,BID
761,1712186340.438233,2436173.01232449,3550.0,0.0,3658.0,BID
762,1712186357.1742811,2436201.21311411,3546.0,-3.222131630421832e-09,3658.0,ASK
763,1712186357.1807964,2436232.25148882,3544.0,-3.546344987491792e-09,3658.0,ASK
764,1712186357.1870213,2436260.46023353,3545.0,-3.22304055346681e-09,3658.0,ASK
765,1712186357.1905718,2436288.68490189,3543.0,-3.2248599385635203e-09,3658.0,ASK
766,1712186357.1935496,2436573.01232449,3542.0,-3.2486337939859455e-08,3658.0,ASK
767,1712186370.4063706,2436573.01232449,3542.0,-0.0,3658.0,ASK
768,1712186400.5103292,2436573.01232449,3542.0,-0.0,3658.0,ASK
769,1712186430.4175334,2436573.01232449,3542.0,-0.0,3658.0,ASK
770,1712186460.5972695,2436573.01232449,3542.0,-0.0,3658.0,ASK
771,1712186490.595394,2436573.01232449,3542.0,-0.0,3658.0,ASK
772,1712186520.4158988,2436573.01232449,3542.0,-0.0,3658.0,ASK
773,1712186550.409992,2436573.01232449,3542.0,-0.0,3658.0,ASK
774,1712186568.9212308,2436574.60157931,3542.0,-1.8164309959845526e-10,3658.0,ASK
775,1712186571.0470283,2436659.10862156,3550.0,9.658690916701809e-09,3658.0,BID
776,1712186580.6171107,2436659.10862156,3550.0,0.0,3658.0,BID
777,1712186610.5875533,2436659.10862156,3550.0,0.0,3658.0,BID
778,1712186613.1378322,2436892.78598396,3550.0,2.6707106517792124e-08,3658.0,BID
779,1712186613.1443338,2437043.1606652,3550.0,1.718640003552384e-08,3658.0,BID
780,1712186613.277632,2437055.6127052,3550.0,-1.4231500870477434e-09,3658.0,ASK
781,1712186640.408352,2437055.6127052,3550.0,-0.0,3658.0,ASK
782,1712186670.4241772,2437055.6127052,3550.0,-0.0,3658.0,ASK
783,1712186700.5992482,2437055.6127052,3550.0,-0.0,3658.0,ASK
784,1712186716.4198215,2437055.61270606,3550.0,-9.833311204495256e-17,3658.0,ASK
785,1712186730.6005723,2437055.61270606,3550.0,-0.0,3658.0,ASK
786,1712186760.4325497,2437055.61270606,3550.0,-0.0,3658.0,ASK
787,1712186789.3506503,2437337.85938966,3543.0,-3.2269452851315845e-08,3658.0,ASK
788,1712186789.3565605,2437466.71226176,3543.0,-1.4731835385843262e-08,3658.0,ASK
789,1712186790.4301555,2437466.71226176,3543.0,-0.0,3658.0,ASK
790,1712186820.6208107,2437466.71226176,3543.0,-0.0,3658.0,ASK
791,1712186824.9015665,2437490.77961768,3543.0,-2.751178820780532e-09,3658.0,ASK
792,1712186824.9080634,2437775.03692854,3542.0,-3.249391814798895e-08,3658.0,ASK
793,1712186828.5907593,2437787.95818393,3542.0,-1.4770498381597983e-09,3658.0,ASK
794,1712186832.0610569,2438069.72769646,3549.0,3.2209533851746635e-08,3658.0,BID
795,1712186850.5928338,2438069.72769646,3549.0,0.0,3658.0,BID
796,1712186880.426817,2438069.72769646,3549.0,0.0,3658.0,BID
797,1712186910.41546,2438069.72769646,3549.0,0.0,3658.0,BID
798,1712186938.1423082,2438080.99847696,3542.0,-1.2880665707754654e-09,3658.0,ASK
799,1712186940.457776,2438080.99847696,3542.0,-0.0,3658.0,ASK
800,1712186970.4631264,2438080.99847696,3542.0,-0.0,3658.0,ASK
801,1712187000.5128653,2438080.99847696,3542.0,-0.0,3658.0,ASK
802,1712187028.7237124,2438165.69638774,3542.0,-9.687990743373942e-09,3658.0,ASK
803,1712187028.7288835,2438422.6415965,3542.0,-2.9390132307961065e-08,3658.0,ASK
804,1712187028.7338386,2439048.4382236,3541.0,-7.158041886481839e-08,3658.0,ASK
805,1712187030.4533796,2439048.4382236,3541.0,-0.0,3658.0,ASK
806,1712187038.3641467,2439056.95700561,3541.0,-9.740210978066126e-10,3658.0,ASK
807,1712187044.0233796,2439170.85588672,3541.0,-1.3022978294719213e-08,3658.0,ASK
808,1712187051.6334283,2439179.81330478,3541.0,-1.024173897359388e-09,3658.0,ASK
809,1712187060.5671244,2439179.81330478,3541.0,-0.0,3658.0,ASK
810,1712187080.3138592,2439264.53513477,3541.0,-9.686415347490642e-09,3658.0,ASK
811,1712187080.3351269,2439546.81840681,3539.0,-3.227400799716004e-08,3658.0,ASK
812,1712187080.3435483,2439613.10463237,3538.0,-7.578636021780212e-09,3658.0,ASK
813,1712187080.346451,2439761.44602827,3541.0,-1.6960166867045504e-08,3658.0,ASK
814,1712187080.349365,2439845.29020002,3538.0,-9.586070935163944e-09,3658.0,ASK
815,1712187080.3522873,2439958.2845503,3540.0,-1.2918868830607136e-08,3658.0,ASK
816,1712187080.3552244,2440008.2845503,3538.0,-5.716599457685542e-09,3658.0,ASK
817,1712187090.6239457,2440008.2845503,3538.0,-0.0,3658.0,ASK
818,1712187105.1940231,2440015.32878811,3549.0,8.051117990323662e-10,3658.0,BID
819,1712187116.096572,2440028.29620274,3549.0,1.4820934220235143e-09,3658.0,BID
820,1712187116.102962,2440150.10483703,3549.0,1.3921955977846e-08,3658.0,BID
821,1712187116.1739702,2440276.82383703,3549.0,-1.4483179701013876e-08,3658.0,ASK
822,1712187116.1780546,2440363.18043703,3549.0,-9.8700128328211e-09,3658.0,ASK
823,1712187116.294224,2440678.92043761,3549.0,-3.608708376168119e-08,3658.0,ASK
824,1712187118.4540565,2440750.02734413,3549.0,-8.127069382767847e-09,3658.0,ASK
825,1712187120.4941337,2440750.02734413,3549.0,-0.0,3658.0,ASK
826,1712187133.1345322,2442262.249205,3549.0,-1.7278540165284577e-07,3658.0,ASK
827,1712187133.4342022,2442732.149582,3549.0,-5.369048515811477e-08,3658.0,ASK
828,1712187133.8143504,2442734.06053974,3550.0,2.1834468156956152e-10,3658.0,BID
829,1712187150.4046333,2442734.06054044,3549.0,-7.99688130355439e-17,3658.0,ASK
830,1712187150.4080534,2442770.35994497,3549.0,-4.147544321203359e-09,3658.0,ASK
831,1712187150.41119,2442770.35994497,3549.0,-0.0,3658.0,ASK
832,1712187180.6145618,2442770.35994497,3549.0,-0.0,3658.0,ASK
833,1712187195.1049535,2442787.5883657,3548.0,1.9668957887174424e-09,3658.0,BID
834,1712187195.2451048,2442789.5883657,3548.0,2.28331524928222e-10,3658.0,BID
835,1712187210.5749433,2442789.5883657,3548.0,0.0,3658.0,BID
836,1712187216.5054832,2442909.98805286,3540.0,-1.374541502658608e-08,3658.0,ASK
1036,1712187216.5054832,2442909.98805286,3540.0,-1.3745415026586081e-08,3658.0,ASK
837,1712187216.512264,2442927.2679173,3541.0,-1.9727535339732674e-09,3658.0,ASK
838,1712187216.5187902,2442929.08740882,3540.0,-2.0772201880691647e-10,3658.0,ASK
839,1712187216.522576,2443057.94028091,3541.0,-1.4710471812880409e-08,3658.0,ASK
1040,1712187216.525565,2443104.71228033,3538.0,-5.339719386423672e-09,3658.0,ASK
840,1712187216.525565,2443104.71228033,3538.0,-5.3397193864236724e-09,3658.0,ASK
841,1712187216.5288064,2443707.69511404,3536.0,-6.883945879568904e-08,3658.0,ASK
842,1712187216.5318172,2443828.24936665,3539.0,-1.3763060971628352e-08,3658.0,ASK
843,1712187216.53482,2443942.75346616,3537.0,-1.3072346009698528e-08,3658.0,ASK
844,1712187216.5378337,2443944.39515168,3536.0,-1.8742281932420247e-10,3658.0,ASK
845,1712187216.5408504,2444310.50193709,3537.0,-4.1796534760356434e-08,3658.0,ASK
846,1712187216.543881,2444451.90465202,3536.0,-1.6143223030299268e-08,3658.0,ASK
847,1712187216.5469098,2445916.21885673,3535.0,-1.671732456110943e-07,3658.0,ASK
848,1712187240.4252288,2445916.21885673,3535.0,-0.0,3658.0,ASK
849,1712187265.8653498,2446172.13955267,3535.0,2.9180320698688825e-08,3658.0,BID
850,1712187270.4353812,2446172.13955267,3535.0,0.0,3658.0,BID
851,1712187299.7155976,2446173.55466302,3534.0,-1.6133558333852622e-10,3658.0,ASK
852,1712187300.5898478,2446173.55466302,3534.0,-0.0,3658.0,ASK
853,1712187311.3992336,2446188.49121602,3534.0,1.707081416019317e-09,3658.0,BID
854,1712187311.495595,2446257.45194402,3534.0,7.881442070588137e-09,3658.0,BID
855,1712187325.2659626,2446257.45194426,3534.0,2.7408244111408418e-17,3658.0,BID
856,1712187330.6074948,2446257.45194426,3534.0,0.0,3658.0,BID
857,1712187360.4269168,2446257.45194426,3534.0,0.0,3658.0,BID
858,1712187390.4315226,2446257.45194426,3534.0,0.0,3658.0,BID
859,1712187393.3768368,2446321.87060836,3534.0,-7.362085355387545e-09,3658.0,ASK
860,1712187420.586956,2446321.87060836,3534.0,-0.0,3658.0,ASK
861,1712187447.1069512,2446519.26591991,3534.0,-2.255873113493129e-08,3658.0,ASK
862,1712187450.5873427,2446519.26591991,3534.0,-0.0,3658.0,ASK
863,1712187467.1076033,2446587.20944191,3534.0,-7.764102655447499e-09,3658.0,ASK
864,1712187467.6271095,2446587.2094426,3534.0,-7.88608676968277e-17,3658.0,ASK
865,1712187467.632565,2446654.52404691,3533.0,-7.692234413029675e-09,3658.0,ASK
866,1712187480.4175482,2446654.52404691,3533.0,-0.0,3658.0,ASK
867,1712187510.426424,2446654.52404691,3533.0,-0.0,3658.0,ASK
868,1712187540.627695,2446654.52404691,3533.0,-0.0,3658.0,ASK
869,1712187570.5975354,2446654.52404691,3533.0,-0.0,3658.0,ASK
870,1712187576.878617,2446655.94109107,3532.0,-1.6192088893402256e-10,3658.0,ASK
871,1712187576.8858747,2446931.46114131,3529.0,-3.1482753124234814e-08,3658.0,ASK
872,1712187576.8925943,2446931.46114214,3533.0,-9.48194275336529e-17,3658.0,ASK
873,1712187576.8970065,2446932.87858762,3531.0,-1.6196674641864234e-10,3658.0,ASK
874,1712187576.9000957,2446934.54704894,3529.0,-1.9064948554124324e-10,3658.0,ASK
875,1712187576.9032128,2446936.21418775,3530.0,-1.9049836678595888e-10,3658.0,ASK
876,1712187588.418108,2446937.91486802,3528.0,-1.9433103700645277e-10,3658.0,ASK
1076,1712187588.418108,2446937.91486802,3528.0,-1.943310370064528e-10,3658.0,ASK
877,1712187588.4246025,2447206.12559137,3529.0,-3.0647540827366175e-08,3658.0,ASK
878,1712187588.4299293,2448429.79863558,3528.0,-1.3982501934819514e-07,3658.0,ASK
879,1712187600.4806974,2448429.79863558,3528.0,-0.0,3658.0,ASK
1080,1712187619.968125,2448456.67703694,3528.0,-3.0734029725925804e-09,3658.0,ASK
880,1712187619.968125,2448456.67703694,3528.0,-3.07340297259258e-09,3658.0,ASK
881,1712187619.978489,2450384.86519689,3527.0,-2.2047811337937521e-07,3658.0,ASK
882,1712187619.9819024,2450404.09361763,3528.0,-2.198668167389e-09,3658.0,ASK
883,1712187619.9851918,2450430.94527116,3528.0,-3.0703444997398523e-09,3658.0,ASK
884,1712187630.4271843,2450430.94527116,3528.0,-0.0,3658.0,ASK
885,1712187660.5881064,2450430.94527116,3528.0,-0.0,3658.0,ASK
886,1712187688.8081076,2450466.75640606,3533.0,4.091511698028951e-09,3658.0,BID
887,1712187690.587941,2450466.75640606,3533.0,0.0,3658.0,BID
888,1712187718.0885112,2450581.3199524,3533.0,1.3088982398078378e-08,3658.0,BID
889,1712187718.1926467,2450749.80197639,3533.0,-1.924921422959966e-08,3658.0,ASK
890,1712187720.388386,2450749.80197639,3533.0,-0.0,3658.0,ASK
891,1712187725.1680143,2450776.6422217,3533.0,3.066170493058849e-09,3658.0,BID
892,1712187729.2581573,2450778.6422217,3526.0,-2.2847559384599678e-10,3658.0,ASK
893,1712187750.4088438,2450778.6422217,3526.0,-0.0,3658.0,ASK
894,1712187779.8986871,2450784.64986054,3526.0,-6.86291438466999e-10,3658.0,ASK
895,1712187779.9055476,2450789.98652118,3526.0,-6.09641259182111e-10,3658.0,ASK
896,1712187780.6085756,2450789.98652118,3526.0,-0.0,3658.0,ASK
897,1712187797.7987812,2450940.36120242,3528.0,-1.717819387550307e-08,3658.0,ASK
898,1712187797.8058798,2451216.73588366,3526.0,-3.1571922995666214e-08,3658.0,ASK
899,1712187810.6185637,2451216.73588366,3526.0,-0.0,3658.0,ASK
900,1712187814.89887,2451218.15654786,3523.0,-1.6226302050047154e-10,3658.0,ASK
901,1712187814.904683,2451218.84061369,3523.0,-7.813147392290553e-11,3658.0,ASK
902,1712187814.910086,2451220.41650021,3525.0,-1.7999194088752548e-10,3658.0,ASK
903,1712187819.5085666,2451224.02871018,3523.0,-4.1257328831750784e-10,3658.0,ASK
904,1712187837.8793707,2451245.27884369,3523.0,-2.4271118046816037e-09,3658.0,ASK
905,1712187837.887256,2451275.09286918,3522.0,-3.4052479329666317e-09,3658.0,ASK
906,1712187840.4188118,2451275.09286918,3522.0,-0.0,3658.0,ASK
907,1712187848.0490477,2451275.0928698,3522.0,-7.0842239550142e-17,3658.0,ASK
1108,1712187848.0562985,2451278.48596491,3522.0,-3.875376989152335e-10,3658.0,ASK
908,1712187848.0562985,2451278.48596491,3522.0,-3.8753769891523346e-10,3658.0,ASK
909,1712187850.5788682,2451378.48596491,3525.0,1.1421362689311472e-08,3658.0,BID
910,1712187854.2490993,2451381.53975106,3522.0,-3.4878399191481243e-10,3658.0,ASK
911,1712187868.079082,2451384.52016547,3523.0,-3.404039394245069e-10,3658.0,ASK
912,1712187868.0864108,2451388.41076992,3522.0,-4.4436004502976806e-10,3658.0,ASK
913,1712187870.4396522,2451388.41076992,3522.0,-0.0,3658.0,ASK
914,1712187876.3094974,2451512.41076992,3523.0,-1.416184370106484e-08,3658.0,ASK
915,1712187876.3146508,2451790.98300948,3523.0,-3.181529448472077e-08,3658.0,ASK
916,1712187876.3179984,2454283.4745173,3522.0,-2.846635093546468e-07,3658.0,ASK
917,1712187876.3213277,2454637.70074494,3523.0,-4.0455616698854544e-08,3658.0,ASK
918,1712187881.6290362,2454759.30074494,3540.0,1.3887743500409704e-08,3658.0,BID
919,1712187882.129014,2454761.36205059,3522.0,-2.354184551294216e-10,3658.0,ASK
1120,1712187882.3491385,2454777.31969315,3537.0,1.822497094924766e-09,3658.0,BID
920,1712187882.3491385,2454777.31969315,3537.0,1.8224970949247661e-09,3658.0,BID
921,1712187883.169118,2454792.52054454,3537.0,1.736065173469777e-09,3658.0,BID
922,1712187883.409195,2454905.77590347,3537.0,1.2934715253798862e-08,3658.0,BID
923,1712187885.5989735,2455040.84544749,3537.0,1.5426078799894188e-08,3658.0,BID
924,1712187885.6047974,2455046.80625586,3537.0,6.80774487621454e-10,3658.0,BID
925,1712187885.8587708,2455048.66143095,3522.0,-2.118766101855316e-10,3658.0,ASK
926,1712187887.269182,2455102.12088527,3535.0,6.105519648623482e-09,3658.0,BID
927,1712187887.2766252,2455226.12088527,3535.0,1.416184370106484e-08,3658.0,BID
928,1712187890.7810402,2455227.79054285,3522.0,-1.9068894900743108e-10,3658.0,ASK
929,1712187900.4762237,2455227.79054285,3522.0,-0.0,3658.0,ASK
930,1712187930.4302862,2455227.79054285,3522.0,-0.0,3658.0,ASK
931,1712187960.5991924,2455227.79054285,3522.0,-0.0,3658.0,ASK
932,1712187980.313482,2467339.26915902,3522.0,-1.3834911758876956e-06,3658.0,ASK
933,1712187980.3170695,2467396.03895748,3523.0,-6.484799892343853e-09,3658.0,ASK
934,1712187980.3204465,2467910.83915748,3525.0,-5.8805498206820573e-08,3658.0,ASK
1134,1712187980.3204465,2467910.83915748,3525.0,-5.880549820682057e-08,3658.0,ASK
935,1712187980.3237555,2468153.68950589,3522.0,-2.7740734615027805e-08,3658.0,ASK
936,1712187980.3270988,2468207.14894022,3525.0,-6.106657824978881e-09,3658.0,ASK
1136,1712187980.3270988,2468207.14894022,3525.0,-6.1066578249788815e-09,3658.0,ASK
937,1712187990.5995965,2468207.14894022,3525.0,-0.0,3658.0,ASK
938,1712188020.4696977,2468207.14894022,3525.0,-0.0,3658.0,ASK
939,1712188050.4298887,2468207.14894022,3525.0,-0.0,3658.0,ASK
940,1712188062.280284,2468235.49361142,3528.0,-3.220984661753989e-09,3658.0,ASK
941,1712188062.2881205,2468248.52507754,3528.0,-1.4808481000264352e-09,3658.0,ASK
942,1712188068.680767,2468262.23807081,3527.0,1.5582943502329632e-09,3658.0,BID
943,1712188080.671418,2468262.23807081,3527.0,0.0,3658.0,BID
944,1712188095.3606913,2468263.65954198,3521.0,-1.6152721234316464e-10,3658.0,ASK
945,1712188095.3683133,2468265.08182103,3519.0,-1.6161901488940858e-10,3658.0,ASK
946,1712188095.3720975,2468266.50490888,3517.0,-1.617109219425312e-10,3658.0,ASK
947,1712188095.3754673,2468267.92564751,3520.0,-1.6144397105333424e-10,3658.0,ASK
948,1712188095.3787627,2468271.51954751,3520.0,-4.0838861932596064e-10,3658.0,ASK
949,1712188095.3820884,2468320.99247739,3516.0,-5.621798472173724e-09,3658.0,ASK
950,1712188110.6098802,2468320.99247739,3516.0,-0.0,3658.0,ASK
951,1712188133.3002677,2468322.41637497,3515.0,-1.6179913590349428e-10,3658.0,ASK
952,1712188133.308056,2468326.62924965,3515.0,-4.7871384313256e-10,3658.0,ASK
953,1712188140.440211,2468326.62924965,3515.0,-0.0,3658.0,ASK
954,1712188164.8906133,2468340.74556811,3527.0,1.6040500513938263e-09,3658.0,BID
955,1712188170.4302983,2468340.74556811,3527.0,0.0,3658.0,BID
956,1712188200.4305007,2468340.74556811,3527.0,0.0,3658.0,BID
957,1712188207.440317,2468343.56326323,3516.0,-3.2021280422682576e-10,3658.0,ASK
958,1712188230.420384,2468343.56326323,3516.0,-0.0,3658.0,ASK
959,1712188234.5103805,2468374.76008682,3526.0,3.545312992606436e-09,3658.0,BID
960,1712188234.620422,2468391.77653605,3526.0,1.9338070867511555e-09,3658.0,BID
961,1712188245.4334922,2468416.78815266,3516.0,-2.8424050633796435e-09,3658.0,ASK
962,1712188245.43962,2468418.78815266,3513.0,-2.2728679298916474e-10,3658.0,ASK
963,1712188245.44562,2468442.81588797,3515.0,-2.73059345071723e-09,3658.0,ASK
964,1712188245.4489894,2468444.24104448,3514.0,-1.6195962632928587e-10,3658.0,ASK
965,1712188245.452387,2468454.00670472,3515.0,-1.1098027987214847e-09,3658.0,ASK
966,1712188245.4558032,2468455.44564579,3513.0,-1.635261505365566e-10,3658.0,ASK
967,1712188245.459186,2469388.93452012,3515.0,-1.0608484626873373e-07,3658.0,ASK
968,1712188245.4625807,2469469.23064768,3512.0,-9.125124661290054e-09,3658.0,ASK
969,1712188245.466023,2469611.68079013,3510.0,-1.618851801917384e-08,3658.0,ASK
970,1712188245.4694488,2469741.68079013,3512.0,-1.4773641544295707e-08,3658.0,ASK
971,1712188245.4731617,2469891.01982146,3510.0,-1.6971394749534337e-08,3658.0,ASK
972,1712188245.4765525,2469893.32243889,3507.0,-2.6167726559797433e-10,3658.0,ASK
973,1712188245.4799645,2470064.17718245,3510.0,-1.941651336535164e-08,3658.0,ASK
1173,1712188245.4799645,2470064.17718245,3510.0,-1.9416513365351642e-08,3658.0,ASK
974,1712188245.483392,2470067.15228213,3509.0,-3.3810043254673096e-10,3658.0,ASK
975,1712188245.4868002,2470162.65338185,3506.0,-1.0853069341163565e-08,3658.0,ASK
976,1712188245.4902332,2470165.50482182,3507.0,-3.2404732310027985e-10,3658.0,ASK
977,1712188245.4936812,2470303.50482182,3509.0,-1.5682788716252368e-08,3658.0,ASK
978,1712188245.497109,2470305.54913755,3506.0,-2.3232298303676216e-10,3658.0,ASK
979,1712188245.500523,2471776.81849613,3507.0,-1.672000470674369e-07,3658.0,ASK
980,1712188245.503976,2473891.77653605,3506.0,-2.403510151000158e-07,3658.0,ASK
981,1712188248.7208953,2474170.34877561,3506.0,-3.1657895472709395e-08,3658.0,ASK
982,1712188248.8408618,2474379.24431918,3506.0,-2.373959908389552e-08,3658.0,ASK
983,1712188260.620424,2474379.24431918,3506.0,-0.0,3658.0,ASK
984,1712188290.6108804,2474379.24431918,3506.0,-0.0,3658.0,ASK
985,1712188298.7615952,2474393.50558558,3508.0,-1.616807871644306e-09,3658.0,ASK
986,1712188298.7677028,2474407.38162925,3508.0,-1.573134951926434e-09,3658.0,ASK
987,1712188302.0509925,2475110.2424099,3506.0,-7.968372590082337e-08,3658.0,ASK
988,1712188302.0621178,2475564.84757729,3506.0,-5.1538846025718964e-08,3658.0,ASK
989,1712188302.0656528,2475955.12834916,3508.0,-4.424635277170378e-08,3658.0,ASK
1189,1712188302.0656528,2475955.12834916,3508.0,-4.4246352771703784e-08,3658.0,ASK
990,1712188302.0691674,2478807.38162925,3507.0,-3.233615743366745e-07,3658.0,ASK
991,1712188306.1114345,2478949.99429325,3507.0,1.6168078716337475e-08,3658.0,BID
992,1712188306.1196618,2478949.99429326,3507.0,1.1086379770245965e-18,3658.0,BID
993,1712188320.4511771,2478949.99429326,3507.0,0.0,3658.0,BID
994,1712188350.438122,2478949.99429326,3507.0,0.0,3658.0,BID
995,1712188350.6935422,2478957.03853107,3509.0,-7.97160638416784e-10,3658.0,ASK
996,1712188380.621568,2478957.03853107,3509.0,-0.0,3658.0,ASK
997,1712188410.6115048,2478957.03853107,3509.0,-0.0,3658.0,ASK
998,1712188421.3517098,2479100.98375899,3510.0,-1.6289505252781674e-08,3658.0,ASK
999,1712188421.358796,2479285.95312904,3509.0,-2.093198620453284e-08,3658.0,ASK
1000,1712188421.4917471,2479373.49696851,3509.0,9.906864253167934e-09,3658.0,BID
1201,1712188440.4217055,2479373.49696851,3509.0,0.0,3658.0,BID
1202,1712188470.423808,2479373.49696851,3509.0,0.0,3658.0,BID
1203,1712188479.531714,2479606.39049325,3510.0,-2.6350946196204133e-08,3658.0,ASK
1204,1712188479.5329344,2479748.8406357,3510.0,-1.6117648799116468e-08,3658.0,ASK
1205,1712188479.5341094,2479966.21961478,3508.0,-2.4595539048659693e-08,3658.0,ASK
1206,1712188500.610695,2479966.21961478,3508.0,-0.0,3658.0,ASK
1207,1712188530.6131968,2479966.21961478,3508.0,-0.0,3658.0,ASK
1208,1712188538.3906314,2480457.3143712,3510.0,-5.566413544822725e-08,3658.0,ASK
1209,1712188560.4499114,2480457.3143712,3510.0,-0.0,3658.0,ASK
1210,1712188585.368323,2480496.06922906,3508.0,-4.391890209213373e-09,3658.0,ASK
1211,1712188585.3784704,2480601.84465364,3508.0,-1.198698891546406e-08,3658.0,ASK
1212,1712188585.3805046,2480709.90929188,3510.0,-1.224641381381412e-08,3658.0,ASK
1213,1712188585.3825366,2480740.35994153,3508.0,-3.4508166832730623e-09,3658.0,ASK
1214,1712188590.408031,2480740.35994153,3508.0,-0.0,3658.0,ASK
1215,1712188603.5062382,2480741.78201206,3516.0,1.6113785823030194e-10,3658.0,BID
1216,1712188620.5873165,2480741.78201206,3516.0,0.0,3658.0,BID
1217,1712188631.1071537,2480750.31443526,3516.0,9.668266040430384e-10,3658.0,BID
1218,1712188644.9568603,2480900.6891165,3516.0,1.7039267625146834e-08,3658.0,BID
1219,1712188644.9596715,2481103.16749301,3516.0,2.2943245612972883e-08,3658.0,BID
1220,1712188645.07681,2481169.53759301,3519.0,-7.520533954796772e-09,3658.0,ASK
1221,1712188645.079523,2481229.16749301,3519.0,-6.756787885990314e-09,3658.0,ASK
1222,1712188645.156728,2481250.29779301,3518.0,2.3943182038901596e-09,3658.0,BID
1223,1712188645.159431,2481274.55979301,3519.0,2.7491776389100436e-09,3658.0,BID
1224,1712188645.1765494,2481333.91879301,3517.0,-6.726091644045454e-09,3658.0,ASK
1225,1712188645.2567754,2481361.78929301,3519.0,3.158064272696617e-09,3658.0,BID
1226,1712188645.259483,2481397.15719301,3519.0,4.007610247133035e-09,3658.0,BID
1227,1712188645.377191,2481421.41919301,3519.0,2.749177638857278e-09,3658.0,BID
1228,1712188645.380065,2481528.50805863,3519.0,1.213446190494238e-08,3658.0,BID
1229,1712188647.7465398,2481571.17017468,3517.0,-4.834133025861052e-09,3658.0,ASK
1230,1712188650.606701,2481571.17017468,3517.0,-0.0,3658.0,ASK
1231,1712188680.396111,2481571.17017468,3517.0,-0.0,3658.0,ASK
1232,1712188680.6088157,2481619.52373987,3517.0,-5.477232367466674e-09,3658.0,ASK
1233,1712188680.6160016,2491032.01439012,3516.0,-1.0661964272016115e-06,3658.0,ASK
1234,1712188680.796322,2491282.59275512,3516.0,-2.83841724177328e-08,3658.0,ASK
1235,1712188702.5159712,2491282.59275521,3516.0,-1.0233036646393549e-17,3658.0,ASK
1236,1712188702.5188189,2491284.21105121,3509.0,-1.8331188599897127e-10,3658.0,ASK
1237,1712188702.5216718,2491356.43257164,3508.0,-8.180866245793386e-09,3658.0,ASK
1238,1712188710.4251878,2491356.43257164,3508.0,-0.0,3658.0,ASK
1239,1712188716.185392,2491442.13637164,3519.0,9.670379595664113e-09,3658.0,BID
1240,1712188716.1882396,2491498.51839147,3519.0,6.361859498927153e-09,3658.0,BID
1241,1712188740.614603,2491498.51839147,3519.0,0.0,3658.0,BID
1242,1712188770.6343915,2491498.51839147,3519.0,0.0,3658.0,BID
1243,1712188800.5750587,2491498.51839147,3519.0,0.0,3658.0,BID
1244,1712188810.978166,56.38201983,3511.0,-6.4890031271660634e-09,3511.0,ASK
1245,1712188813.7235477,57.88201983,3505.0,-1.7263490595223487e-10,3511.0,ASK
1246,1712188813.725066,66.87303265,3505.0,-1.0347751017306923e-09,3511.0,ASK
1247,1712188813.7264132,406.10383983,3505.0,-3.904205232908003e-08,3511.0,ASK
1248,1712188824.4938493,409.73715453,3506.0,-4.1815796101957847e-10,3511.0,ASK
1249,1712188824.5071769,429.85450574,3506.0,-2.3153046894309507e-09,3511.0,ASK
1250,1712188824.5468328,457.45329913,3505.0,-3.1763434008518782e-09,3511.0,ASK
1251,1712188824.548156,642.63771593,3506.0,-2.1312862918724985e-08,3511.0,ASK
1252,1712188824.5534358,713.50761259,3505.0,-8.156411963162472e-09,3511.0,ASK
1253,1712188826.2141273,813.50761259,3507.0,-1.1508993730148997e-08,3511.0,ASK
1254,1712188827.577461,845.51874303,3505.0,-3.684158995289415e-09,3511.0,ASK
1255,1712188827.5842695,848.51992095,3505.0,-3.4540537864341955e-10,3511.0,ASK
1256,1712188827.5865266,1239.8695069,3502.0,-4.504039930994956e-08,3511.0,ASK
1257,1712188827.588775,1241.65539162,3504.0,-2.0553736045249038e-10,3511.0,ASK
1258,1712188827.5910606,1812.92074437,3501.0,-6.574689363051103e-08,3511.0,ASK
1259,1712188827.5936615,2358.19650064,3504.0,-6.275575260113683e-08,3511.0,ASK
1260,1712188827.5952475,2686.22810562,3501.0,-3.77531368500553e-08,3511.0,ASK
1261,1712188827.596556,2769.00655636,3500.0,-9.526966705581093e-09,3511.0,ASK
1262,1712188830.4921944,2769.00655636,3500.0,-0.0,3511.0,ASK
1263,1712188834.9501002,2770.50655636,3500.0,-1.7244238842911482e-10,3511.0,ASK
1264,1712188834.953734,3058.8062136,3501.0,-3.314338765184047e-08,3511.0,ASK
1265,1712188834.9551876,3296.02776285,3500.0,-2.7271367026349922e-08,3511.0,ASK
1266,1712188834.9565418,3736.65254844,3498.0,-5.0654926952137496e-08,3511.0,ASK
1267,1712188834.9579103,4107.82419039,3500.0,-4.267048297000947e-08,3511.0,ASK
1268,1712188835.0430603,4280.82519296,3497.0,-1.9888470722534857e-08,3511.0,ASK
1269,1712188835.053143,4282.41369739,3497.0,-1.8261699862631919e-10,3511.0,ASK
1270,1712188835.090732,4282.41369789,3497.0,-5.748071104538396e-17,3511.0,ASK
1271,1712188835.093396,4290.99309689,3495.0,-9.863013698975951e-10,3511.0,ASK
1272,1712188835.0957348,4648.39526301,3495.0,-4.10875221036481e-08,3511.0,ASK
1273,1712188835.1530612,4731.55536225,3495.0,-9.560217423298534e-09,3511.0,ASK
1274,1712188835.1560748,5107.69003897,3495.0,-4.324104134973989e-08,3511.0,ASK
1275,1712188835.3933823,5182.16776897,3493.0,-8.562078430652448e-09,3511.0,ASK
1276,1712188835.3975987,5357.33546897,3494.0,-2.0137557709089773e-08,3511.0,ASK
1277,1712188835.9411745,5452.64410211,3495.0,1.0956832224383922e-08,3511.0,BID
1278,1712188835.9426253,5512.09666687,3495.0,6.8347615103007194e-09,3511.0,BID
1279,1712188836.1731436,5527.7345542,3495.0,1.797756427447063e-09,3511.0,BID
1280,1712188836.37306,5567.16271497,3495.0,4.532724143030563e-09,3511.0,BID
1281,1712188837.1959417,5582.3974738,3497.0,1.751412133191155e-09,3511.0,BID
1282,1712188837.8260093,5710.78039059,3497.0,1.4759104536509309e-08,3511.0,BID
1283,1712188838.1474,5717.53738622,3497.0,7.767949766949e-10,3511.0,BID
1284,1712188838.3059118,5913.45828622,3497.0,-2.2523378626121183e-08,3511.0,ASK
1285,1712188838.308693,5936.88129059,3497.0,-2.692745878498923e-09,3511.0,ASK
1286,1712188839.7831542,5939.3792729,3493.0,-2.87172023859973e-10,3511.0,ASK
1287,1712188844.4149835,5941.3792729,3493.0,-2.2992318457215307e-10,3511.0,ASK
1288,1712188844.4167051,6112.04899066,3493.0,-1.9620462508704868e-08,3511.0,ASK
1289,1712188844.4183855,6231.42249066,3493.0,-1.3723367636762029e-08,3511.0,ASK
1290,1712188844.4208136,6260.05937496,3492.0,-3.292141817240149e-09,3511.0,ASK
1291,1712188844.4232545,6546.51024862,3491.0,-3.2930848547691355e-08,3511.0,ASK
1292,1712188844.4256914,6742.03454862,3493.0,-2.2477784858620522e-08,3511.0,ASK
1293,1712188844.4272869,6775.03454862,3491.0,-3.7937325454405266e-09,3511.0,ASK
1294,1712188844.4287105,6875.03454862,3490.0,-1.1496159228607656e-08,3511.0,ASK
1295,1712188844.430163,6877.03454862,3485.0,-2.2992318457215307e-10,3511.0,ASK
1296,1712188844.431617,7007.03454862,3479.0,-1.4945006997189953e-08,3511.0,ASK
1297,1712188844.433059,7253.96744735,3490.0,-2.838779922581724e-08,3511.0,ASK
1298,1712188844.4345334,7257.56134735,3480.0,-4.13160466516913e-10,3511.0,ASK
1299,1712188844.4359975,7286.31350376,3478.0,-3.305393682551896e-09,3511.0,ASK
1300,1712188844.4377666,7572.76437743,3491.0,-3.293084854884106e-08,3511.0,ASK
1301,1712188844.439239,7598.85382697,3488.0,-2.999284660985625e-09,3511.0,ASK
1302,1712188844.440703,7713.20102926,3485.0,-1.3145536448716452e-08,3511.0,ASK
1303,1712188844.4421718,7717.49931005,3490.0,-4.94137203711033e-10,3511.0,ASK
1304,1712188844.4436574,7720.37287326,3480.0,-3.303494021563597e-10,3511.0,ASK
1305,1712188844.4451306,7721.83591051,3490.0,-1.6819309183379847e-10,3511.0,ASK
1306,1712188844.4466252,8519.55333638,3480.0,-9.170686547236553e-08,3511.0,ASK
1307,1712188844.4481106,8533.92941458,3478.0,-1.652696840701041e-09,3511.0,ASK
1308,1712188844.449599,11386.17150205,3477.0,-3.2789829196091405e-07,3511.0,ASK
1309,1712188860.5330942,11386.17150205,3477.0,-0.0,3511.0,ASK
1310,1712188860.7144556,11386.17150205,3477.0,-0.0,3511.0,ASK
1311,1712188869.9329278,11539.68579187,3478.0,-1.758748515570017e-08,3511.0,ASK
1312,1712188869.9362595,11860.64138167,3478.0,-3.6770529166145695e-08,3511.0,ASK
1313,1712188870.0523543,11904.46342168,3478.0,5.0205064236825e-09,3511.0,BID
1314,1712188870.3526778,12043.01481329,3486.0,-1.587324897310619e-08,3511.0,ASK
1315,1712188870.3561316,12287.34942512,3486.0,-2.7992386660697932e-08,3511.0,ASK
1316,1712188870.3726058,12461.03482512,3486.0,1.9898404232228228e-08,3511.0,BID
1317,1712188870.374257,12678.62335573,3486.0,-2.4928200864173963e-08,3511.0,ASK
1318,1712188870.3834655,12715.89922512,3486.0,-4.270539246418873e-09,3511.0,ASK
1319,1712188874.5518892,12724.48224777,3487.0,9.833207294572616e-10,3511.0,BID
1320,1712188875.9302733,12735.97980453,3482.0,-1.3172266183194455e-09,3511.0,ASK
1321,1712188875.9319477,12858.3194114,3481.0,-1.4015933124552633e-08,3511.0,ASK
1322,1712188890.616361,12858.3194114,3481.0,-0.0,3511.0,ASK
1323,1712188893.4940708,12860.3194114,3482.0,-2.2899705948330038e-10,3511.0,ASK
1324,1712188893.4996843,13162.54989755,3481.0,-3.4604946307279135e-08,3511.0,ASK
1325,1712188893.5039828,13312.92457879,3482.0,-1.721767991234935e-08,3511.0,ASK
1326,1712188901.206273,13319.39618577,3481.0,-7.40989484275767e-10,3511.0,ASK
1327,1712188901.2094364,13392.46398207,3481.0,-8.366155247812366e-09,3511.0,ASK
1328,1712188901.211513,13775.38144289,3481.0,-4.3843486276296046e-08,3511.0,ASK
1329,1712188907.998987,13824.70474289,3487.0,5.647445332006336e-09,3511.0,BID
1330,1712188910.206671,14026.50645622,3481.0,-2.3105999475630965e-08,3511.0,ASK
1331,1712188910.2083604,16100.5102471,3481.0,-2.374703847343687e-07,3511.0,ASK
1332,1712188920.4985588,16100.5102471,3481.0,-0.0,3511.0,ASK
1333,1712188920.682948,16100.5102471,3481.0,-0.0,3511.0,ASK
1334,1712188939.421948,16250.88492834,3492.0,1.7195458404942642e-08,3511.0,BID
1335,1712188939.424806,16378.88492834,3494.0,1.4636896701511852e-08,3511.0,BID
1336,1712188939.4276085,16508.88492834,3493.0,1.4865598212473182e-08,3511.0,BID
1337,1712188939.4303615,18568.23954197,3498.0,2.354887558709699e-07,3511.0,BID
1338,1712188939.4330304,18570.23954197,3492.0,2.2870151096112264e-10,3511.0,BID
1339,1712188939.4345946,18700.23954197,3497.0,1.4865598212472972e-08,3511.0,BID
1340,1712188941.7509878,20525.67572209,3485.0,-2.0874000627827205e-07,3511.0,ASK
1341,1712188950.4242642,20525.67572209,3485.0,-0.0,3511.0,ASK
1342,1712188951.481559,20676.05040333,3497.0,1.7165125986254173e-08,3511.0,BID
1343,1712188951.4912088,20742.69430945,3497.0,7.607338119241914e-09,3511.0,BID
1344,1712188955.7811835,20878.60532708,3498.0,1.5514112623890642e-08,3511.0,BID
1345,1712188955.7847726,20937.96142096,3497.0,6.7754413249663726e-09,3511.0,BID
1346,1712188958.4511902,21051.75134496,3486.0,-1.2989010951311365e-08,3511.0,ASK
1347,1712188980.5968952,21051.75134496,3486.0,-0.0,3511.0,ASK
1348,1712188980.9024203,21051.75134496,3486.0,-0.0,3511.0,ASK
1349,1712188980.9313388,21096.91911396,3490.0,-5.1547757768129365e-09,3511.0,ASK
1350,1712188983.260524,21096.91911485,3490.0,-1.0157119157768887e-16,3511.0,ASK
1351,1712188983.293638,21298.14526165,3490.0,2.2964952446202288e-08,3511.0,BID
1352,1712188983.303757,21365.95428425,3489.0,-7.738710919015168e-09,3511.0,ASK
1353,1712188983.305423,21628.40665365,3490.0,-2.9952400711894384e-08,3511.0,ASK
1354,1712188984.92406,21890.85902365,3489.0,-2.995240078036954e-08,3511.0,ASK
1355,1712188984.94031,21890.85902399,3489.0,-3.88027435861496e-17,3511.0,ASK
1356,1712188987.1503654,21989.69431137,3497.0,1.1279586230632078e-08,3511.0,BID
1357,1712188997.9311247,22039.70341137,3490.0,-5.70729312090252e-09,3511.0,ASK
1358,1712188999.5609324,22042.35426839,3490.0,-3.025293003624267e-10,3511.0,ASK
1359,1712188999.5687375,22064.68471137,3490.0,-2.548463851707917e-09,3511.0,ASK
1360,1712189001.2221153,22089.70351137,3488.0,-2.8552728430075196e-09,3511.0,ASK
1361,1712189002.8572388,22114.72231137,3488.0,-2.8552728430071043e-09,3511.0,ASK
1362,1712189004.53115,22139.72861137,3488.0,-2.853846279361794e-09,3511.0,ASK
1363,1712189006.1492534,22164.73491137,3488.0,-2.853846279361794e-09,3511.0,ASK
1364,1712189007.7703452,22189.75991137,3488.0,-2.855980418575736e-09,3511.0,ASK
1365,1712189008.210348,22278.73216537,3496.0,1.015396664217871e-08,3511.0,BID
1366,1712189009.447101,22297.08783169,3488.0,-2.094842101092376e-09,3511.0,ASK
1367,1712189009.4504583,22303.69476537,3488.0,-7.54016911764441e-10,3511.0,ASK
1368,1712189010.6302283,22303.69476537,3488.0,-0.0,3511.0,ASK
1369,1712189011.068405,22328.65106537,3488.0,-2.84672032915854e-09,3511.0,ASK
1370,1712189013.4205227,22408.7214315,3496.0,9.133482889108364e-09,3511.0,BID
1371,1712189020.040194,22453.66304223,3488.0,-5.126408838258751e-09,3511.0,ASK
1372,1712189020.0445554,25921.13398322,3488.0,-3.955281840049811e-07,3511.0,ASK
1373,1712189031.8510387,25981.90361533,3496.0,6.931882816084098e-09,3511.0,BID
1374,1712189031.854348,25993.19347978,3496.0,1.287814565590931e-09,3511.0,BID
1375,1712189039.570763,25998.68748637,3496.0,6.26691466615159e-10,3511.0,BID
1376,1712189039.572917,26692.16487476,3496.0,7.910372047706381e-08,3511.0,BID
1377,1712189039.6596842,27026.32547476,3497.0,3.8117099619089735e-08,3511.0,BID
1378,1712189039.8001394,27162.00407476,3499.0,1.547661427582609e-08,3511.0,BID
1379,1712189039.8030684,27167.4051926,3500.0,6.160958136947013e-10,3511.0,BID
1380,1712189039.8847654,27406.44737476,3500.0,2.7267112491889563e-08,3511.0,BID
1381,1712189040.521701,27406.44737476,3500.0,0.0,3511.0,BID
1382,1712189040.752544,27406.44737476,3500.0,0.0,3511.0,BID
1383,1712189047.949871,27471.14914416,3504.0,7.365449122558315e-09,3511.0,BID
1384,1712189048.170036,27582.17822312,3510.0,1.2639206621208141e-08,3511.0,BID
1385,1712189048.1738915,27756.34715372,3504.0,1.9826851861405536e-08,3511.0,BID
1386,1712189051.4099774,27814.42628836,3513.0,6.611548884057557e-09,3513.0,BID
1387,1712189054.7598598,27830.4316836,3500.0,-1.822004644074877e-09,3513.0,ASK
1388,1712189065.0260584,27954.4316836,3499.0,-1.4115776116583261e-08,3513.0,ASK
1389,1712189065.0291696,28084.4316836,3496.0,-1.4798797541579223e-08,3513.0,ASK
1390,1712189065.0315454,28218.8009696,3500.0,-1.5296183533235158e-08,3513.0,ASK
1391,1712189065.0332277,31312.38346896,3496.0,-3.5216385450924055e-07,3513.0,ASK
1392,1712189067.2548175,35928.76048852,3496.0,5.255140683697485e-07,3513.0,BID
1393,1712189067.256667,36079.13516976,3496.0,1.711818817730962e-08,3513.0,BID
1394,1712189067.349969,36209.13516976,3499.0,1.4798797541579223e-08,3513.0,BID
1395,1712189067.3532302,36299.17788631,3500.0,1.0250184094748167e-08,3513.0,BID
1396,1712189067.3562782,36313.4636006,3500.0,1.626241488573836e-09,3513.0,BID
1397,1712189067.46953,36445.4636006,3499.0,1.5026471349911213e-08,3513.0,BID
1398,1712189067.5896266,36571.8234006,3499.0,1.4384408443033985e-08,3513.0,BID
1399,1712189067.6933885,36703.8234006,3499.0,1.5026471349911213e-08,3513.0,BID
1400,1712189070.4236543,36703.8234006,3499.0,0.0,3513.0,BID
1401,1712189074.922752,36823.88035601,3512.0,1.3616518005133576e-08,3513.0,BID
1402,1712189075.086853,36834.46662383,3512.0,-1.2006643503986295e-09,3513.0,ASK
1403,1712189075.0887427,36984.84130507,3512.0,1.7055068135187012e-08,3513.0,BID
1404,1712189100.5125928,36984.84130507,3512.0,0.0,3513.0,BID
1405,1712189100.7277234,36984.84130507,3512.0,0.0,3513.0,BID
1406,1712189102.772215,36997.90254118,3511.0,1.5394828850556743e-09,3513.0,BID
1407,1712189121.9091396,36999.98713246,3511.0,2.4570358968068973e-10,3513.0,BID
1408,1712189130.5990298,36999.98713246,3511.0,0.0,3513.0,BID
1409,1712189160.5347784,36999.98713246,3511.0,0.0,3513.0,BID
1410,1712189160.6860087,36999.98713246,3511.0,0.0,3513.0,BID
1411,1712189161.0132682,37135.21598631,3511.0,1.5938859038945393e-08,3513.0,BID
1412,1712189161.218573,37259.21598631,3514.0,-1.4615361031023281e-08,3514.0,ASK
1413,1712189161.224319,37313.93355344,3511.0,-6.449330631807993e-09,3514.0,ASK
1414,1712189161.2270932,37437.93355344,3514.0,-1.4615361031023281e-08,3514.0,ASK
1415,1712189178.2655418,37710.63523841,3511.0,-3.214220628713664e-08,3514.0,ASK
1416,1712189178.2795267,37845.69931241,3511.0,1.5919437127667448e-08,3514.0,BID
1417,1712189178.2836149,37861.00992049,3513.0,1.8045972959176843e-09,3514.0,BID
1418,1712189178.2880542,37876.32052773,3513.0,1.804597196909303e-09,3514.0,BID
1419,1712189178.291226,37996.07399449,3513.0,1.4114839930758145e-08,3514.0,BID
1420,1712189190.4523778,37996.07399449,3513.0,0.0,3514.0,BID
1421,1712189199.8986752,38128.07399449,3499.0,-1.5551875090453172e-08,3514.0,ASK
1422,1712189199.9100857,38142.43800556,3499.0,-1.6923280754433631e-09,3514.0,ASK
1423,1712189205.2047424,38154.17622792,3499.0,-1.382964908535462e-09,3514.0,ASK
1424,1712189205.2119503,38290.18689809,3499.0,-1.60244011625209e-08,3514.0,ASK
1425,1712189213.458592,38301.93469199,3513.0,1.3840926009174495e-09,3514.0,BID
1426,1712189220.0144806,38310.64504699,3513.0,1.0262299466177967e-09,3514.0,BID
1427,1712189220.5873525,38310.64504699,3513.0,0.0,3514.0,BID
1428,1712189220.798128,38310.64504699,3513.0,0.0,3514.0,BID
1429,1712189223.260496,38382.48243471,3513.0,8.462584719312256e-09,3514.0,BID
1430,1712189223.2646828,38524.81092888,3513.0,1.676657487296714e-08,3514.0,BID
1431,1712189223.362955,38654.81092888,3514.0,1.531425415688271e-08,3514.0,BID
1432,1712189223.37867,38725.30203531,3513.0,-8.303990151299514e-09,3514.0,ASK
1433,1712189228.880711,38735.86846489,3515.0,1.2447460624534418e-09,3515.0,BID
1434,1712189236.4174516,38745.38041708,3514.0,1.1205265643518752e-09,3515.0,BID
1435,1712189245.6584735,38845.38411656,3514.0,1.178063131127142e-08,3515.0,BID
1436,1712189250.6321983,38845.38411656,3514.0,0.0,3515.0,BID
1437,1712189251.0542667,38870.93253973,3514.0,3.008988230028641e-09,3515.0,BID
1438,1712189251.056223,38935.36435793,3515.0,7.588514614507795e-09,3515.0,BID
1439,1712189256.2025025,38940.95572456,3517.0,6.585281708976608e-10,3517.0,BID
1440,1712189256.2095523,39016.332158,3515.0,8.877526395008655e-09,3517.0,BID
1441,1712189260.3586771,39089.14000336,3518.0,8.575008652560658e-09,3518.0,BID
1442,1712189280.5641348,39089.14000336,3518.0,0.0,3518.0,BID
1443,1712189280.7110302,39089.14000336,3518.0,0.0,3518.0,BID
1444,1712189310.4278913,39089.14000336,3518.0,0.0,3518.0,BID
1445,1712189319.4787364,39231.02192007,3506.0,-1.6708582280106192e-08,3518.0,ASK
1446,1712189319.4808185,39381.39660131,3506.0,-1.7708724216622834e-08,3518.0,ASK
1447,1712189319.482679,39935.06379103,3505.0,-6.52020638693535e-08,3518.0,ASK
1448,1712189319.4845877,41777.78019666,3506.0,-2.1700565791835098e-07,3518.0,ASK
1449,1712189319.578271,41907.78019666,3502.0,1.5309320220514732e-08,3518.0,BID
1450,1712189319.778177,42045.82029666,3503.0,-1.6256154570552698e-08,3518.0,ASK
1451,1712189319.7816725,42086.77549666,3503.0,-4.823048242270572e-09,3518.0,ASK
1452,1712189319.8780105,42157.67225287,3499.0,-8.349085718574352e-09,3518.0,ASK
1453,1712189319.881337,42336.20619113,3499.0,-2.1024871008091848e-08,3518.0,ASK
1454,1712189320.0982203,42606.32009113,3499.0,-3.18096937777858e-08,3518.0,ASK
1455,1712189340.5602386,42606.32009113,3499.0,-0.0,3518.0,ASK
1456,1712189340.764372,42606.32009113,3499.0,-0.0,3518.0,ASK
1457,1712189344.9177272,42756.69477213,3504.0,1.7683056216774804e-08,3518.0,BID
1458,1712189365.0478587,43025.48407337,3499.0,-3.160782315670817e-08,3518.0,ASK
1459,1712189366.6775296,48068.21181309,3505.0,5.929910375494518e-07,3518.0,BID
1460,1712189366.7804968,48435.17268499,3505.0,4.31521429273349e-08,3518.0,BID
1461,1712189370.6077168,48435.17268499,3505.0,0.0,3518.0,BID
1462,1712189373.6377234,48445.17268499,3517.0,1.1731149799482127e-09,3518.0,BID
1463,1712189374.7510626,48455.17268499,3517.0,1.1731149799482127e-09,3518.0,BID
1464,1712189387.1782374,48585.17268499,3516.0,1.5250494739326765e-08,3518.0,BID
1465,1712189387.1805286,48739.54288686,3517.0,1.8109399627132512e-08,3518.0,BID
1466,1712189400.5877488,48739.54288686,3517.0,0.0,3518.0,BID
1467,1712189400.7670355,48739.54288686,3517.0,0.0,3518.0,BID
1468,1712189402.7673006,48741.09462497,3502.0,-1.9678653046709188e-10,3518.0,ASK
1469,1712189404.8975286,48889.9175681,3502.0,-1.8873256024147293e-08,3518.0,ASK
1470,1712189404.901974,49175.46868174,3502.0,-3.621269115072215e-08,3518.0,ASK
1471,1712189404.9845767,49324.99656435,3502.0,1.8962654224504367e-08,3518.0,BID
1472,1712189407.4973238,49327.84070541,3516.0,3.606849942972917e-10,3518.0,BID
1473,1712189430.4472487,49327.84070541,3516.0,0.0,3518.0,BID
1474,1712189460.34173,49356.2821161,3516.0,3.605907818958266e-09,3518.0,BID
1475,1712189460.5379665,49356.2821161,3516.0,0.0,3518.0,BID
1476,1712189460.7324245,49356.2821161,3516.0,0.0,3518.0,BID
1477,1712189466.5877547,49359.12221834,3506.0,-3.6007415898089824e-10,3518.0,ASK
1478,1712189480.4972217,49389.27011367,3516.0,3.822213828469304e-09,3518.0,BID
1479,1712189481.3135655,49478.21134767,3516.0,1.1276157449628296e-08,3518.0,BID
1480,1712189481.3268054,49478.21134783,3516.0,2.0284923323181453e-17,3518.0,BID
1481,1712189481.387151,50003.53639247,3517.0,6.660181840509739e-08,3518.0,BID
1482,1712189481.389298,50280.25953683,3517.0,3.5083544554367525e-08,3518.0,BID
1483,1712189481.3913383,50280.25953725,3517.0,5.3248154338668766e-17,3518.0,BID
1484,1712189481.4678102,50595.28316829,3519.0,3.9939361128724984e-08,3519.0,BID
1485,1712189481.4785357,50898.91777896,3519.0,3.849543707782719e-08,3519.0,BID
1486,1712189481.481784,50902.51167825,3520.0,4.55642140653401e-10,3520.0,BID
1487,1712189481.4838407,50902.51167896,3520.0,9.001561563086371e-17,3520.0,BID
1488,1712189481.5669563,51028.51167896,3523.0,1.5974546054230365e-08,3523.0,BID
1489,1712189481.6275425,51954.60161241,3525.0,1.1741163724012825e-07,3525.0,BID
1490,1712189481.632046,51956.67797522,3525.0,2.6324566137845125e-10,3525.0,BID
1491,1712189481.6364782,52086.67797522,3526.0,1.648167450039641e-08,3526.0,BID
1492,1712189490.6071436,52086.67797522,3526.0,0.0,3526.0,BID
1493,1712189494.902742,52199.13581336,3534.0,1.4240286284427548e-08,3534.0,BID
1494,1712189520.551022,52199.13581336,3534.0,0.0,3534.0,BID
1495,1712189520.7059343,52199.13581336,3534.0,0.0,3534.0,BID
1496,1712189522.3902593,52280.28965951,3527.0,-1.0275814170110437e-08,3534.0,ASK
1497,1712189537.567281,52331.42908736,3527.0,-6.4753462994346606e-09,3534.0,ASK
1498,1712189550.4270673,52331.42908736,3527.0,-0.0,3534.0,ASK
1499,1712189576.2965574,52337.09641521,3529.0,7.17562630835268e-10,3534.0,BID
1500,1712189580.5275674,52337.09641521,3529.0,0.0,3534.0,BID
1501,1712189580.7014723,52337.09641521,3529.0,0.0,3534.0,BID
1502,1712189610.6047554,52337.09641521,3529.0,0.0,3534.0,BID
1503,1712189632.7262628,52374.86745516,3529.0,4.782327559099107e-09,3534.0,BID
1504,1712189640.5506735,52374.86745516,3529.0,0.0,3534.0,BID
1505,1712189640.6555345,52374.86745516,3529.0,0.0,3534.0,BID
1506,1712189644.3563414,52440.18652571,3529.0,8.270143469454655e-09,3534.0,BID
1507,1712189648.289464,52473.19262578,3529.0,4.1789508124909324e-09,3534.0,BID
1508,1712189648.294026,52498.93412913,3534.0,3.259169550812637e-09,3534.0,BID
1509,1712189670.4113317,52498.93412913,3534.0,0.0,3534.0,BID
1510,1712189700.5795856,52498.93412913,3534.0,0.0,3534.0,BID
1511,1712189700.7428668,52498.93412913,3534.0,0.0,3534.0,BID
1512,1712189700.845121,52642.15956596,3533.0,1.909211544333609e-08,3534.0,BID
1513,1712189700.9170842,52725.25742374,3533.0,-1.1077040007305125e-08,3534.0,ASK
1514,1712189700.9193776,52725.25742375,3533.0,-1.3336035866420781e-18,3534.0,ASK
1515,1712189727.956482,52734.72768816,3527.0,-1.2623971369636915e-09,3534.0,ASK
1516,1712189727.9649422,52860.72768816,3523.0,-1.6795944904086333e-08,3534.0,ASK
1517,1712189727.9684014,52895.19111857,3520.0,-4.594014907716146e-09,3534.0,ASK
1518,1712189730.5086193,52895.19111857,3520.0,-0.0,3534.0,ASK
1519,1712189757.6361282,53045.56579981,3524.0,-2.0041382569092883e-08,3534.0,ASK
1520,1712189760.5981948,53045.56579981,3524.0,-0.0,3534.0,ASK
1521,1712189770.0259404,53877.70807462,3524.0,1.108970192332493e-07,3534.0,BID
1522,1712189770.029757,54288.43816076,3524.0,5.473672428520906e-08,3534.0,BID
1523,1712189790.6034691,54288.43816076,3524.0,0.0,3534.0,BID
1524,1712189795.2064512,54294.11352965,3524.0,7.558975917059841e-10,3534.0,BID
1525,1712189817.2857552,55294.11352965,3524.0,1.3318915586932465e-07,3534.0,BID
1526,1712189820.405368,55294.11352965,3524.0,0.0,3534.0,BID
1527,1712189823.9958642,55485.9366527,3524.0,2.553670593882911e-08,3534.0,BID
1528,1712189825.8662367,55513.50793406,3525.0,3.6704631498644875e-09,3534.0,BID
1529,1712189833.2763696,55570.1330756,3532.0,7.538296558099111e-09,3534.0,BID
1530,1712189833.2802458,55570.13307562,3525.0,2.661771722030797e-18,3534.0,BID
1531,1712189845.473732,55572.13307562,3531.0,2.6625263453950213e-10,3534.0,BID
1532,1712189850.400257,55572.13307562,3531.0,0.0,3534.0,BID
1533,1712189864.2714224,56060.3197083,3531.0,6.498200871295529e-08,3534.0,BID
1534,1712189870.1276677,56065.98382611,3531.0,7.53944758504101e-10,3534.0,BID
1535,1712189870.7049575,56216.35850711,3526.0,-2.001621547338662e-08,3534.0,ASK
1536,1712189871.0245302,56295.99967387,3531.0,1.0600951861171367e-08,3534.0,BID
1537,1712189871.0314138,56388.26943638,3531.0,1.2281930946063327e-08,3534.0,BID
1538,1712189880.610365,56388.26943638,3531.0,0.0,3534.0,BID
1539,1712189910.645893,56388.26943638,3531.0,0.0,3534.0,BID
1540,1712189932.575565,56488.26943638,3530.0,-1.3305792077942316e-08,3534.0,ASK
1541,1712189940.38561,56488.26943638,3530.0,-0.0,3534.0,ASK
1542,1712189940.892315,56517.59494957,3524.0,-3.901808545065118e-09,3534.0,ASK
1543,1712189946.7991965,56519.59494957,3531.0,2.6610334283224536e-10,3534.0,BID
1544,1712189949.4458177,57433.52009312,3524.0,-1.21599267898548e-07,3534.0,ASK
1545,1712189949.4505749,57473.56772229,3524.0,-5.3284039973210486e-09,3534.0,ASK
1546,1712189963.0754297,57486.65275486,3524.0,-1.7409854539730639e-09,3534.0,ASK
1547,1712189963.0795376,59634.18732386,3524.0,-2.857330638293532e-07,3534.0,ASK
1548,1712189970.3941798,59634.18732386,3524.0,-0.0,3534.0,ASK
