,time,acc_trade_volume,trade_price,dev,high,ask_bid
0,1712173460.2674885,17974926.1555328,516.9,0.0,542.0,BID
1,1712173470.462205,17974926.1555328,516.9,0.0,542.0,BID
2,1712173495.1825645,17975119.61655041,516.9,1.9810789840323245e-08,542.0,BID
3,1712173495.1839285,17975201.56663748,516.9,8.391850577532824e-09,542.0,BID
4,1712173500.3526986,17975201.56663748,516.9,0.0,542.0,BID
5,1712173530.3280344,17975201.56663748,516.9,0.0,542.0,BID
6,1712173560.4822438,17975201.56663748,516.9,0.0,542.0,BID
7,1712173590.4821494,17975201.56663748,516.9,0.0,542.0,BID
8,1712173620.3242452,17975201.56663748,516.9,0.0,542.0,BID
9,1712173644.2852278,17975338.73340085,516.9,-1.4045958596670809e-08,542.0,ASK
10,1712173650.3321862,17975338.73340085,516.9,-0.0,542.0,ASK
11,1712173680.472109,17975338.73340085,516.9,-0.0,542.0,ASK
12,1712173710.472313,17975338.73340085,516.9,-0.0,542.0,ASK
13,1712173740.322456,17975338.73340085,516.9,-0.0,542.0,ASK
14,1712173770.3220673,17975338.73340085,516.9,-0.0,542.0,ASK
15,1712173800.342022,17975338.73340085,516.9,-0.0,542.0,ASK
16,1712173819.4881222,17975687.51205727,515.1,-3.571673914765575e-08,542.0,ASK
17,1712173819.4924035,17976288.58045486,516.1,-6.155251409872306e-08,542.0,ASK
18,1712173819.493698,17976578.36543448,515.3,-2.9675481384728768e-08,542.0,ASK
19,1712173819.49481,17977159.73883147,516.2,-5.9535644127279753e-08,542.0,ASK
20,1712173819.4958286,17977169.44762587,515.1,-9.942307840348476e-10,542.0,ASK
21,1712173830.303932,17977169.44762587,515.1,-0.0,542.0,ASK
22,1712173860.471732,17977169.44762587,515.1,-0.0,542.0,ASK
23,1712173890.4717193,17977169.44762587,515.1,-0.0,542.0,ASK
24,1712173920.3122394,17977169.44762587,515.1,-0.0,542.0,ASK
25,1712173950.3154817,17977169.44762587,515.1,-0.0,542.0,ASK
26,1712173980.471681,17977169.44762587,515.1,-0.0,542.0,ASK
27,1712174010.471643,17977169.44762587,515.1,-0.0,542.0,ASK
28,1712174040.3119688,17977169.44762587,515.1,-0.0,542.0,ASK
29,1712174070.331555,17977169.44762587,515.1,-0.0,542.0,ASK
30,1712174100.461541,17977169.44762587,515.1,-0.0,542.0,ASK
31,1712174130.4618757,17977169.44762587,515.1,-0.0,542.0,ASK
32,1712174160.352545,17977169.44762587,515.1,-0.0,542.0,ASK
33,1712174190.3525994,17977169.44762587,515.1,-0.0,542.0,ASK
34,1712174220.353404,17977169.44762587,515.1,-0.0,542.0,ASK
35,1712174250.3438778,17977169.44762587,515.1,-0.0,542.0,ASK
36,1712174280.472678,17977169.44762587,515.1,-0.0,542.0,ASK
37,1712174310.472349,17977169.44762587,515.1,-0.0,542.0,ASK
38,1712174340.3029306,17977169.44762587,515.1,-0.0,542.0,ASK
39,1712174348.5924911,17977381.68757522,515.2,-2.1741196493176955e-08,542.0,ASK
40,1712174370.31933,17977381.68757522,515.2,-0.0,542.0,ASK
41,1712174400.3943405,17977381.68757522,515.2,-0.0,542.0,ASK
42,1712174430.3143086,17977381.68757522,515.2,-0.0,542.0,ASK
43,1712174460.4635496,17977381.68757522,515.2,-0.0,542.0,ASK
44,1712174490.47308,17977381.68757522,515.2,-0.0,542.0,ASK
45,1712174520.3181343,17977381.68757522,515.2,-0.0,542.0,ASK
46,1712174530.1530645,17977610.77819279,516.6,2.349210349456186e-08,542.0,BID
47,1712174539.723039,17978049.35457711,516.6,-4.497382703902962e-08,542.0,ASK
48,1712174541.5735056,17978612.07494064,516.6,-5.770417470148178e-08,542.0,ASK
49,1712174547.4342084,17979008.24931752,516.6,-4.062571205386984e-08,542.0,ASK
50,1712174547.5331235,17984015.75137552,516.6,-5.134944322248125e-07,542.0,ASK
51,1712174547.534566,17991373.54677952,516.6,-7.54505326137372e-07,542.0,ASK
52,1712174548.073207,17992696.97835452,516.6,-1.3571132619058157e-07,542.0,ASK
53,1712174550.3047824,17992696.97835452,516.6,-0.0,542.0,ASK
54,1712174580.46323,17992696.97835452,516.6,-0.0,542.0,ASK
55,1712174610.4630544,17992696.97835452,516.6,-0.0,542.0,ASK
56,1712174640.303592,17992696.97835452,516.6,-0.0,542.0,ASK
57,1712174647.72331,17995600.57881909,516.6,-2.9750841148323005e-07,542.0,ASK
58,1712174670.3234606,17995600.57881909,516.6,-0.0,542.0,ASK
59,1712174700.4652622,17995600.57881909,516.6,-0.0,542.0,ASK
60,1712174730.4697113,17995600.57881909,516.6,-0.0,542.0,ASK
61,1712174760.3321157,17995600.57881909,516.6,-0.0,542.0,ASK
62,1712174787.9533556,18003016.07678792,516.6,-7.597850317500658e-07,542.0,ASK
63,1712174790.3156972,18003016.07678792,516.6,-0.0,542.0,ASK
64,1712174820.483552,18003016.07678792,516.6,-0.0,542.0,ASK
65,1712174850.473855,18003016.07678792,516.6,-0.0,542.0,ASK
66,1712174880.3165405,18003016.07678792,516.6,-0.0,542.0,ASK
67,1712174910.3035412,18003016.07678792,516.6,-0.0,542.0,ASK
68,1712174910.8237808,18003040.73675356,516.8,2.5256458382769153e-09,542.0,BID
69,1712174910.8256989,18003074.11340686,517.0,3.418399146375357e-09,542.0,BID
70,1712174930.5669177,18003083.8039291,517.0,9.924923468103583e-10,542.0,BID
71,1712174940.463338,18003083.8039291,517.0,0.0,542.0,BID
72,1712174970.4634702,18003083.8039291,517.0,0.0,542.0,BID
73,1712175000.3652835,18003083.8039291,517.0,0.0,542.0,BID
74,1712175030.3233893,18003083.8039291,517.0,0.0,542.0,BID
75,1712175032.9038098,18003183.8039291,517.0,1.0241899884621673e-08,542.0,BID
76,1712175060.4677389,18003183.8039291,517.0,0.0,542.0,BID
77,1712175064.1533496,18003377.03419984,517.0,1.9790346084823545e-08,542.0,BID
78,1712175077.243793,18004040.73675356,517.0,6.797539114967931e-08,542.0,BID
79,1712175077.245648,18006568.41137585,517.0,2.588805334353767e-07,542.0,BID
80,1712175086.5434823,18008040.73675356,517.0,1.5079329270108257e-07,542.0,BID
81,1712175090.473342,18008040.73675356,517.0,0.0,542.0,BID
82,1712175100.50369,18013840.73675356,517.1,5.93874317525382e-07,542.0,BID
83,1712175120.3237116,18013840.73675356,517.1,0.0,542.0,BID
84,1712175120.5471225,18014815.06983168,517.2,-9.973340569896544e-08,542.0,ASK
85,1712175144.2537122,18015252.45865673,517.1,4.477142172044159e-08,542.0,BID
86,1712175144.273596,18015724.02820537,517.1,4.8270184155693074e-08,542.0,BID
87,1712175144.3536737,18015956.63099684,517.1,2.380938211921105e-08,542.0,BID
88,1712175146.58603,18016265.66343484,517.1,3.163277343813374e-08,542.0,BID
89,1712175146.603932,18016265.66343531,517.1,4.804673373542922e-17,542.0,BID
90,1712175150.318375,18016265.66343531,517.1,0.0,542.0,BID
91,1712175180.4637775,18016265.66343531,517.1,0.0,542.0,BID
92,1712175210.4835613,18016265.66343531,517.1,0.0,542.0,BID
93,1712175240.3356595,18016265.66343531,517.1,0.0,542.0,BID
94,1712175270.3274896,18016265.66343531,517.1,0.0,542.0,BID
95,1712175300.363853,18016265.66343531,517.1,0.0,542.0,BID
96,1712175330.3128011,18016265.66343531,517.1,0.0,542.0,BID
97,1712175360.4837098,18016265.66343531,517.1,0.0,542.0,BID
98,1712175390.483575,18016265.66343531,517.1,0.0,542.0,BID
99,1712175420.323719,18016265.66343531,517.1,0.0,542.0,BID
100,1712175450.316065,18016265.66343531,517.1,0.0,542.0,BID
101,1712175472.463518,18016459.04962753,517.1,-1.979811569630079e-08,542.0,ASK
102,1712175472.4655998,18016898.74723985,517.1,-4.5014507499711344e-08,542.0,ASK
103,1712175480.463029,18016898.74723985,517.1,-0.0,542.0,ASK
104,1712175510.4732375,18016898.74723985,517.1,-0.0,542.0,ASK
105,1712175540.3137064,18016898.74723985,517.1,-0.0,542.0,ASK
106,1712175570.3354046,18016898.74723985,517.1,-0.0,542.0,ASK
107,1712175585.5232692,18016911.88723985,517.2,-1.3451762963676576e-09,542.0,ASK
108,1712175600.353459,18016911.88723985,517.2,-0.0,542.0,ASK
109,1712175616.6433434,18016935.04298954,517.2,-2.3711411161346336e-09,542.0,ASK
110,1712175620.743309,18016946.62086439,517.2,-1.1855705586395196e-09,542.0,ASK
111,1712175630.294886,18016946.62086439,517.2,-0.0,542.0,ASK
112,1712175660.4736302,18016946.62086439,517.2,-0.0,542.0,ASK
113,1712175690.473165,18016946.62086439,517.2,-0.0,542.0,ASK
114,1712175720.3057938,18016946.62086439,517.2,-0.0,542.0,ASK
115,1712175750.323248,18016946.62086439,517.2,-0.0,542.0,ASK
116,1712175780.4652624,18016946.62086439,517.2,-0.0,542.0,ASK
117,1712175810.463292,18016946.62086439,517.2,-0.0,542.0,ASK
118,1712175834.903619,18017062.40627542,518.2,1.185636601662158e-08,542.0,BID
119,1712175840.3271568,18017062.40627542,518.2,0.0,542.0,BID
120,1712175857.7133503,18018002.97603675,518.2,9.631326381924588e-08,542.0,BID
121,1712175857.7158003,18020052.97603675,518.4,2.0991764667258664e-07,542.0,BID
122,1712175870.333836,18020052.97603675,518.4,0.0,542.0,BID
123,1712175879.8831758,18020560.42704564,518.4,-5.1954154047944215e-08,542.0,ASK
124,1712175885.8742144,18021115.75166907,518.3,5.685557921250953e-08,542.0,BID
125,1712175885.8762667,18027832.19261368,518.7,6.876466917535711e-07,542.0,BID
126,1712175885.8781905,18042986.58046829,520.0,1.5515456414663011e-06,542.0,BID
127,1712175885.8797994,18045196.58046829,519.1,2.2626554767750141e-07,542.0,BID
128,1712175885.881348,18046376.67126774,518.5,1.208207651796075e-07,542.0,BID
129,1712175885.8829494,18046395.96951336,518.7,1.9758045766607594e-09,542.0,BID
130,1712175885.973197,18048525.96951336,520.0,-2.1807493961677738e-07,542.0,ASK
131,1712175886.0731256,18049186.45513774,520.0,-6.762223598803161e-08,542.0,ASK
132,1712175900.4731996,18049186.45513774,520.0,-0.0,542.0,ASK
133,1712175930.48339,18049186.45513774,520.0,-0.0,542.0,ASK
134,1712175960.313224,18049186.45513774,520.0,-0.0,542.0,ASK
135,1712175990.325374,18049186.45513774,520.0,-0.0,542.0,ASK
136,1712176004.4936745,18050403.41374244,520.1,-1.244026158135247e-07,542.0,ASK
137,1712176004.4964612,18051377.74682056,520.1,-9.960041625372581e-08,542.0,ASK
138,1712176020.469132,18051377.74682056,520.1,-0.0,542.0,ASK
139,1712176050.463312,18051377.74682056,520.1,-0.0,542.0,ASK
140,1712176080.323032,18051377.74682056,520.1,-0.0,542.0,ASK
141,1712176098.603445,18051473.62409764,521.5,9.799835913854138e-09,542.0,BID
142,1712176110.312863,18051473.62409764,521.5,0.0,542.0,BID
143,1712176140.474831,18051473.62409764,521.5,0.0,542.0,BID
144,1712176169.0636537,18051493.55794231,521.5,2.0374734710074273e-09,542.0,BID
145,1712176170.473942,18051493.55794231,521.5,0.0,542.0,BID
146,1712176189.424744,18054045.88416949,521.5,2.608774944621977e-07,542.0,BID
147,1712176189.426962,18054074.88801416,521.5,2.964531041114825e-09,542.0,BID
148,1712176190.7892642,18054174.88801416,521.5,-1.0221165761806521e-08,542.0,ASK
149,1712176200.5543878,18054174.88801416,521.5,-0.0,542.0,ASK
150,1712176230.465156,18054174.88801416,521.5,-0.0,542.0,ASK
151,1712176231.3432972,18054575.72076408,521.5,-4.09968192092302e-08,542.0,ASK
152,1712176231.4051745,18054884.75320208,521.5,-3.1607564484603094e-08,542.0,ASK
153,1712176231.4250836,18060867.49529312,521.5,-6.119095705926612e-07,542.0,ASK
154,1712176260.32767,18060867.49529312,521.5,-0.0,542.0,ASK
155,1712176265.3956623,18061057.49529312,521.5,-1.94260973726884e-08,542.0,ASK
156,1712176282.116109,18061067.49529312,521.5,-1.0224261775099158e-09,542.0,ASK
157,1712176282.516183,18065800.45529312,521.5,-4.839102201104436e-07,542.0,ASK
158,1712176282.6160712,18065964.91251254,521.5,-1.6814536621740546e-08,542.0,ASK
159,1712176290.3382518,18065964.91251254,521.5,-0.0,542.0,ASK
160,1712176306.2565918,18066923.50146959,521.6,9.798201360159913e-08,542.0,BID
161,1712176314.2274852,18066939.24559066,521.6,1.6092827625181871e-09,542.0,BID
162,1712176320.4894795,18066939.24559066,521.6,0.0,542.0,BID
163,1712176331.4272904,18067130.88989883,521.7,1.9587874115038773e-08,542.0,BID
164,1712176331.42937,18067130.9266334,521.7,3.754623010396807e-12,542.0,BID
165,1712176350.4826777,18067130.9266334,521.7,0.0,542.0,BID
166,1712176361.1026506,18067188.45299965,521.5,-5.879682596208461e-09,542.0,ASK
167,1712176361.1049962,18067479.06548041,521.5,-2.9703060642918187e-08,542.0,ASK
168,1712176380.3478277,18067479.06548041,521.5,-0.0,542.0,ASK
169,1712176404.788383,18067488.74908539,520.5,-9.8972820377104e-10,542.0,ASK
170,1712176404.7911909,18068291.66623849,520.1,-8.206342095938104e-08,542.0,ASK
171,1712176410.330196,18068291.66623849,520.1,-0.0,542.0,ASK
172,1712176421.998406,18068306.69858886,520.7,1.5363388446661075e-09,542.0,BID
173,1712176440.4802933,18068306.69858886,520.7,0.0,542.0,BID
174,1712176464.1992106,18069158.35447009,520.7,-8.704101047497404e-08,542.0,ASK
175,1712176464.2015717,18069258.35447009,520.8,-1.0220208935713229e-08,542.0,ASK
176,1712176470.4746456,18069258.35447009,520.8,-0.0,542.0,ASK
177,1712176500.3224618,18069258.35447009,520.8,-0.0,542.0,ASK
178,1712176530.332372,18069258.35447009,520.8,-0.0,542.0,ASK
179,1712176560.480371,18069258.35447009,520.8,-0.0,542.0,ASK
180,1712176590.500772,18069258.35447009,520.8,-0.0,542.0,ASK
181,1712176620.343445,18069258.35447009,520.8,-0.0,542.0,ASK
182,1712176650.3238285,18069258.35447009,520.8,-0.0,542.0,ASK
183,1712176660.511904,18069258.93366201,521.7,5.922303574179972e-11,542.0,BID
184,1712176660.5147538,18069268.89692744,521.7,1.0187552776486928e-09,542.0,BID
185,1712176680.6082032,18069268.89692744,521.7,0.0,542.0,BID
186,1712176710.482083,18069268.89692744,521.7,0.0,542.0,BID
187,1712176740.3256874,18069268.89692744,521.7,0.0,542.0,BID
188,1712176756.0428562,18069278.89692744,521.7,1.022510854356993e-09,542.0,BID
189,1712176770.3250914,18069278.89692744,521.7,0.0,542.0,BID
190,1712176800.389531,18069278.89692744,521.7,0.0,542.0,BID
191,1712176823.783124,18069288.89692744,521.7,1.0226815635939374e-09,542.0,BID
192,1712176830.3245912,18069288.89692744,521.7,0.0,542.0,BID
193,1712176860.4736676,18069288.89692744,521.7,0.0,542.0,BID
194,1712176878.5735726,18069296.63166552,521.7,7.91016981503962e-10,542.0,BID
195,1712176878.576077,18070339.72286582,521.7,1.0667495705473636e-07,542.0,BID
196,1712176890.485432,18070339.72286582,521.7,0.0,542.0,BID
197,1712176903.043692,18071314.05594394,520.0,-9.963760823399452e-08,542.0,ASK
198,1712176903.0462666,18071414.05594394,520.0,-1.0226236845643956e-08,542.0,ASK
199,1712176903.14559,18072238.99878775,520.0,8.436060904917306e-08,542.0,BID
200,1712176909.1032796,18073213.33184587,518.0,-9.963760618863636e-08,542.0,ASK
201,1712176909.1056411,18073918.541952,517.9,-7.211645571234141e-08,542.0,ASK
202,1712176920.3237517,18073918.541952,517.9,-0.0,542.0,ASK
203,1712176924.24376,18073978.54198997,517.7,-6.134580677138892e-09,542.0,ASK
204,1712176950.354275,18073978.54198997,517.7,-0.0,542.0,ASK
205,1712176980.3460357,18073978.54198997,517.7,-0.0,542.0,ASK
206,1712177010.334476,18073978.54198997,517.7,-0.0,542.0,ASK
207,1712177040.4846318,18073978.54198997,517.7,-0.0,542.0,ASK
208,1712177070.476436,18073978.54198997,517.7,-0.0,542.0,ASK
209,1712177095.9652016,18073979.26606804,520.0,7.403164035356215e-11,542.0,BID
210,1712177095.9675758,18074953.59914616,519.9,9.961836848181261e-08,542.0,BID
211,1712177100.3476348,18074953.59914616,519.9,0.0,542.0,BID
212,1712177107.8052082,18075159.61914616,520.1,-2.1068387386573603e-08,542.0,ASK
213,1712177113.2848604,18075365.23914616,520.1,-2.1027481868064466e-08,542.0,ASK
214,1712177117.8084912,18075570.99914616,520.1,-2.1041798799275988e-08,542.0,ASK
215,1712177122.6349638,18075776.46914616,520.1,-2.101214229833781e-08,542.0,ASK
216,1712177130.3375533,18075776.46914616,520.1,-0.0,542.0,ASK
217,1712177135.4849532,18075981.55914616,520.0,-2.0972364172590743e-08,542.0,ASK
218,1712177160.3653994,18075981.55914616,520.0,-0.0,542.0,ASK
219,1712177190.33062,18075981.55914616,520.0,-0.0,542.0,ASK
220,1712177205.145213,18076487.32837692,520.0,-5.171905416225473e-08,542.0,ASK
221,1712177220.4851918,18076487.32837692,520.0,-0.0,542.0,ASK
222,1712177224.8156877,18076680.37856997,520.0,-1.9740435502399725e-08,542.0,ASK
223,1712177226.3453286,18076699.37856997,520.0,-1.9428536621205593e-09,542.0,ASK
224,1712177230.8140066,18077660.91703151,520.0,-9.832255375118697e-08,542.0,ASK
225,1712177250.4761653,18077660.91703151,520.0,-0.0,542.0,ASK
226,1712177252.095981,18078077.31057913,520.0,-4.2575855183112615e-08,542.0,ASK
227,1712177252.0995443,18080019.61827143,520.0,-1.9859916538504213e-07,542.0,ASK
228,1712177280.3670082,18080019.61827143,520.0,-0.0,542.0,ASK
229,1712177306.1661377,18080193.1772902,518.6,-1.7744023874450233e-08,542.0,ASK
230,1712177306.1689427,18080212.44511293,519.0,-1.969870012548639e-09,542.0,ASK
231,1712177310.3397295,18080212.44511293,519.0,-0.0,542.0,ASK
232,1712177340.5164173,18080212.44511293,519.0,-0.0,542.0,ASK
233,1712177356.5864413,18080223.48659243,518.7,-1.128827957931474e-09,542.0,ASK
234,1712177357.2359705,18080233.48659243,520.0,1.0223520840118947e-09,542.0,BID
235,1712177370.4859307,18080233.48659243,520.0,0.0,542.0,BID
236,1712177371.056091,18080245.93659243,518.7,-1.2728269225849479e-09,542.0,ASK
237,1712177400.3486426,18080245.93659243,518.7,-0.0,542.0,ASK
238,1712177430.3279393,18080245.93659243,518.7,-0.0,542.0,ASK
239,1712177460.5064454,18080245.93659243,518.7,-0.0,542.0,ASK
240,1712177463.6098635,18080373.90819105,518.7,-1.3088208491503842e-08,542.0,ASK
241,1712177463.6166484,18080383.90819105,518.7,-1.022743220565603e-09,542.0,ASK
242,1712177490.5021882,18080383.90819105,518.7,-0.0,542.0,ASK
243,1712177520.3281584,18080383.90819105,518.7,-0.0,542.0,ASK
244,1712177550.3570304,18080383.90819105,518.7,-0.0,542.0,ASK
245,1712177565.926823,18080576.84664368,518.3,-1.973250501199689e-08,542.0,ASK
246,1712177580.4796395,18080576.84664368,518.3,-0.0,542.0,ASK
247,1712177593.617446,18080673.3717402,518.0,-9.871865588625085e-09,542.0,ASK
248,1712177610.5022163,18080673.3717402,518.0,-0.0,542.0,ASK
249,1712177640.3611326,18080673.3717402,518.0,-0.0,542.0,ASK
250,1712177642.8273113,18080750.59181742,518.0,-7.897452086661778e-09,542.0,ASK
251,1712177657.5976264,18080813.84664368,518.0,-6.469197877179457e-09,542.0,ASK
252,1712177657.6011202,18080833.15166298,518.0,-1.9743630211892037e-09,542.0,ASK
253,1712177670.3581936,18080833.15166298,518.0,-0.0,542.0,ASK
254,1712177700.480935,18080833.15166298,518.0,-0.0,542.0,ASK
255,1712177730.517367,18080833.15166298,518.0,-0.0,542.0,ASK
256,1712177760.3403716,18080833.15166298,518.0,-0.0,542.0,ASK
257,1712177790.3304737,18080833.15166298,518.0,-0.0,542.0,ASK
258,1712177808.328037,18080847.11691395,518.0,1.428428045852271e-09,542.0,BID
259,1712177808.3310654,18081798.40262823,518.0,9.730173821610129e-08,542.0,BID
260,1712177820.360495,18081798.40262823,518.0,0.0,542.0,BID
261,1712177850.34797,18081798.40262823,518.0,0.0,542.0,BID
262,1712177880.4877532,18081798.40262823,518.0,0.0,542.0,BID
263,1712177910.487687,18081798.40262823,518.0,0.0,542.0,BID
264,1712177940.3281498,18081798.40262823,518.0,0.0,542.0,BID
265,1712177962.6288674,18081892.31575564,518.0,9.605361556119758e-09,542.0,BID
266,1712177970.330102,18081892.31575564,518.0,0.0,542.0,BID
267,1712178000.4301682,18081892.31575564,518.0,0.0,542.0,BID
268,1712178030.3407571,18081892.31575564,518.0,0.0,542.0,BID
269,1712178060.4783754,18081892.31575564,518.0,0.0,542.0,BID
270,1712178090.492372,18081892.31575564,518.0,0.0,542.0,BID
271,1712178109.078763,18081903.89876722,518.0,1.1846955122772544e-09,542.0,BID
272,1712178120.3584125,18081903.89876722,518.0,0.0,542.0,BID
273,1712178150.3487377,18081903.89876722,518.0,0.0,542.0,BID
274,1712178176.319989,18081915.4817788,518.0,1.1846947848818926e-09,542.0,BID
275,1712178180.488572,18081915.4817788,518.0,0.0,542.0,BID
276,1712178210.4923923,18081915.4817788,518.0,0.0,542.0,BID
277,1712178240.3560262,18081915.4817788,518.0,0.0,542.0,BID
278,1712178270.316671,18081915.4817788,518.0,0.0,542.0,BID
279,1712178284.7260995,18081927.05321316,518.0,1.1835099562907679e-09,542.0,BID
280,1712178288.0401702,18081944.89927723,517.8,-1.8252702170218822e-09,542.0,ASK
281,1712178300.45248,18082120.17797175,517.8,-1.7927257212739235e-08,542.0,ASK
282,1712178300.4558742,18082139.4904476,517.8,-1.9752527419473647e-09,542.0,ASK
283,1712178300.4857416,18082139.4904476,517.8,-0.0,542.0,ASK
284,1712178327.4184592,18084070.73803355,517.7,-1.975375273726098e-07,542.0,ASK
285,1712178330.5058205,18084070.73803355,517.7,-0.0,542.0,ASK
286,1712178360.3282957,18084070.73803355,517.7,-0.0,542.0,ASK
287,1712178384.23581,18084650.11230933,517.8,5.9255198467530655e-08,542.0,BID
288,1712178389.601937,18085229.48658511,517.8,5.9255198467911655e-08,542.0,BID
289,1712178390.3570838,18085229.48658511,517.8,0.0,542.0,BID
290,1712178395.3233826,18085422.6113437,517.8,1.9750520837795383e-08,542.0,BID
291,1712178418.333125,18086275.9595736,517.8,8.727038479988757e-08,542.0,BID
292,1712178420.3632438,18086275.9595736,517.8,0.0,542.0,BID
293,1712178450.322241,18086275.9595736,517.8,0.0,542.0,BID
294,1712178455.8824265,18086388.23513667,517.8,-1.1481583134185908e-08,542.0,ASK
295,1712178455.8923855,18086399.18812667,517.8,-1.120080468149971e-09,542.0,ASK
296,1712178458.6426558,18086422.90094249,517.7,-2.424932538791615e-09,542.0,ASK
297,1712178469.8323712,18086442.22461398,517.5,-1.976087535039762e-09,542.0,ASK
298,1712178469.8400524,18086513.08394519,517.1,-7.246254482051965e-09,542.0,ASK
299,1712178469.932439,18086751.37394519,517.1,2.4368138268911376e-08,542.0,BID
300,1712178480.4861383,18086751.37394519,517.1,0.0,542.0,BID
301,1712178495.2128034,18086770.71630495,517.0,-1.977948897397254e-09,542.0,ASK
302,1712178495.2161808,18086977.06424424,516.5,-2.110113161404601e-08,542.0,ASK
303,1712178495.219438,18087077.06424424,516.7,-1.022599580429042e-08,542.0,ASK
304,1712178495.221596,18087096.42532846,516.5,-1.9798636599070576e-09,542.0,ASK
305,1712178495.2230425,18087135.13250864,516.7,-3.958194621130709e-09,542.0,ASK
306,1712178495.224488,18089218.79944093,516.1,-2.130756930715957e-07,542.0,ASK
307,1712178510.4838076,18089218.79944093,516.1,-0.0,542.0,ASK
308,1712178514.4812183,18089244.62822364,516.2,-2.640906280975356e-09,542.0,ASK
309,1712178520.9513583,18089808.1737167,516.2,-5.7620633891310055e-08,542.0,ASK
310,1712178540.3309643,18089808.1737167,516.2,-0.0,542.0,ASK
311,1712178542.3707528,18090573.88999532,516.0,-7.828948233418648e-08,542.0,ASK
312,1712178553.0611167,18090583.36751514,516.0,-9.69014426169722e-10,542.0,ASK
313,1712178553.0644448,18090835.81222296,515.1,-2.5810820594033733e-08,542.0,ASK
314,1712178553.067788,18091039.63598072,515.2,-2.0839646391237944e-08,542.0,ASK
315,1712178553.0710037,18091059.01582568,516.0,-1.981462418894638e-09,542.0,ASK
316,1712178553.0741472,18093726.56003141,515.1,-2.727389514905414e-07,542.0,ASK
317,1712178570.3341424,18093726.56003141,515.1,-0.0,542.0,ASK
318,1712178600.33389,18093726.56003141,515.1,-0.0,542.0,ASK
319,1712178630.336006,18093726.56003141,515.1,-0.0,542.0,ASK
320,1712178660.3287575,18093726.56003141,515.1,-0.0,542.0,ASK
321,1712178690.3384204,18093726.56003141,515.1,-0.0,542.0,ASK
322,1712178720.488043,18093726.56003141,515.1,-0.0,542.0,ASK
323,1712178735.248187,18101492.042462,516.2,7.938176732698619e-07,542.0,BID
324,1712178735.367947,18102088.66805829,516.2,6.098937791635973e-08,542.0,BID
325,1712178746.667636,18102205.73237347,516.2,-1.1966767438824936e-08,542.0,ASK
326,1712178746.7879903,18102263.58349672,517.1,5.9137657532107055e-09,542.0,BID
327,1712178750.5134864,18102263.58349672,517.1,0.0,542.0,BID
328,1712178780.328398,18102263.58349672,517.1,0.0,542.0,BID
329,1712178788.927282,18102640.98517491,517.1,-3.8562088713132046e-08,542.0,ASK
330,1712178810.3374183,18102640.98517491,517.1,-0.0,542.0,ASK
331,1712178829.9968653,18102650.98517491,517.1,-1.0217580368959735e-09,542.0,ASK
332,1712178840.4793186,18102650.98517491,517.1,-0.0,542.0,ASK
333,1712178870.4813814,18102650.98517491,517.1,-0.0,542.0,ASK
334,1712178900.358049,18102650.98517491,517.1,-0.0,542.0,ASK
335,1712178920.3659294,18102664.06130195,517.0,1.337746848596009e-09,542.0,BID
336,1712178926.7521896,18102760.66953217,517.1,9.88345823778232e-09,542.0,BID
337,1712178930.335894,18102760.66953217,517.1,0.0,542.0,BID
338,1712178943.5457351,18102775.7717178,517.0,-1.5450128275981543e-09,542.0,ASK
339,1712178960.4655068,18102775.7717178,517.0,-0.0,542.0,ASK
340,1712178973.7959373,18105016.68356286,517.1,-2.292538884586073e-07,542.0,ASK
341,1712178990.4578772,18105016.68356286,517.1,-0.0,542.0,ASK
342,1712179020.3297431,18105016.68356286,517.1,-0.0,542.0,ASK
343,1712179048.0951607,18105031.78574849,516.3,-1.5448284580394875e-09,542.0,ASK
344,1712179050.3422036,18105031.78574849,516.3,-0.0,542.0,ASK
345,1712179076.9045627,18110854.76711494,517.0,-5.956422713614308e-07,542.0,ASK
346,1712179080.484556,18110854.76711494,517.0,-0.0,542.0,ASK
347,1712179110.4670258,18110854.76711494,517.0,-0.0,542.0,ASK
348,1712179140.32576,18110854.76711494,517.0,-0.0,542.0,ASK
349,1712179160.8738573,18111265.15607194,517.0,-4.196643302837432e-08,542.0,ASK
350,1712179165.8540268,18111510.94149094,517.0,-2.5134051855024586e-08,542.0,ASK
351,1712179170.32933,18111510.94149094,517.0,-0.0,542.0,ASK
352,1712179191.6075752,18113580.94149094,516.2,-2.116711509198753e-07,542.0,ASK
353,1712179191.611248,18118727.4750453,517.0,-5.262669955068576e-07,542.0,ASK
354,1712179191.6147814,18120897.4750453,516.5,-2.218968103846036e-07,542.0,ASK
355,1712179191.6171143,18122164.23047821,516.3,-1.295340968200646e-07,542.0,ASK
356,1712179191.6186793,18123016.90483934,516.2,-8.719157651241446e-08,542.0,ASK
357,1712179200.3565488,18123016.90483934,516.2,-0.0,542.0,ASK
358,1712179230.315267,18123016.90483934,516.2,-0.0,542.0,ASK
359,1712179239.743523,18123028.21711247,516.2,-1.156099799508983e-09,542.0,ASK
360,1712179257.753259,18123047.58944877,516.3,-1.979827913751577e-09,542.0,ASK
361,1712179257.9332297,18123674.28134006,516.3,6.4047107204707e-08,542.0,BID
362,1712179258.0133123,18123988.4629354,516.3,3.2108955929016607e-08,542.0,BID
363,1712179260.486991,18123988.4629354,516.3,0.0,542.0,BID
364,1712179290.4829705,18123988.4629354,516.3,0.0,542.0,BID
365,1712179312.2522523,18124181.58769399,516.3,-1.973609077902045e-08,542.0,ASK
366,1712179320.3298972,18124181.58769399,516.3,-0.0,542.0,ASK
367,1712179330.2628336,18124389.90769399,516.3,-2.128872842195096e-08,542.0,ASK
368,1712179333.379929,18124540.88779177,516.3,-1.5429024091749057e-08,542.0,ASK
369,1712179333.3834074,18128648.03889368,516.3,-4.197197791683204e-07,542.0,ASK
370,1712179333.5205498,18129276.27552308,516.3,6.420103200848636e-08,542.0,BID
371,1712179350.3353891,18129276.27552308,516.3,0.0,542.0,BID
372,1712179369.0040865,18129380.905704,516.2,-1.0689539735538173e-08,542.0,ASK
373,1712179369.0077744,18134162.64335218,516.2,-4.885261035281166e-07,542.0,ASK
374,1712179380.3545709,18134162.64335218,516.2,-0.0,542.0,ASK
375,1712179388.199247,18134543.33283984,518.0,3.888311170250264e-08,542.0,BID
376,1712179388.2046115,18136713.33283984,517.9,2.2164087827435402e-07,542.0,BID
377,1712179388.2063766,18137162.64335218,518.0,4.5891970771098206e-08,542.0,BID
378,1712179392.7226906,18138635.44870498,518.0,1.5043035572427277e-07,542.0,BID
379,1712179392.7264383,18139457.64947719,518.0,8.397847984824345e-08,542.0,BID
380,1712179399.73279,18139476.43551311,519.9,1.9187804147891435e-09,542.0,BID
381,1712179410.3346746,18139476.43551311,519.9,0.0,542.0,BID
382,1712179440.4650931,18139476.43551311,519.9,0.0,542.0,BID
383,1712179470.4954858,18139476.43551311,519.9,0.0,542.0,BID
384,1712179500.3245175,18139476.43551311,519.9,0.0,542.0,BID
385,1712179530.3417487,18139476.43551311,519.9,0.0,542.0,BID
386,1712179560.4713051,18139476.43551311,519.9,0.0,542.0,BID
387,1712179590.4746451,18139476.43551311,519.9,0.0,542.0,BID
388,1712179620.322946,18139476.43551311,519.9,0.0,542.0,BID
389,1712179650.3314495,18139476.43551311,519.9,0.0,542.0,BID
390,1712179680.4527454,18139476.43551311,519.9,0.0,542.0,BID
391,1712179710.46085,18139476.43551311,519.9,0.0,542.0,BID
392,1712179740.320887,18139476.43551311,519.9,0.0,542.0,BID
393,1712179770.32363,18139476.43551311,519.9,0.0,542.0,BID
394,1712179800.4258792,18139476.43551311,519.9,0.0,542.0,BID
395,1712179830.3343685,18139476.43551311,519.9,0.0,542.0,BID
396,1712179860.480332,18139476.43551311,519.9,0.0,542.0,BID
397,1712179890.4501095,18139476.43551311,519.9,0.0,542.0,BID
398,1712179917.4404423,18140053.91385768,519.5,5.913669505580309e-08,542.0,BID
399,1712179917.444357,18140246.48077469,519.3,1.9719823532947827e-08,542.0,BID
400,1712179917.4481556,18140452.82871398,519.9,2.113106972047736e-08,542.0,BID
401,1712179917.450031,18144181.43551311,519.9,3.81828141844821e-07,542.0,BID
402,1712179920.3211703,18144181.43551311,519.9,0.0,542.0,BID
403,1712179950.339921,18144181.43551311,519.9,0.0,542.0,BID
404,1712179980.3599975,18144181.43551311,519.9,0.0,542.0,BID
405,1712180010.336048,18144181.43551311,519.9,0.0,542.0,BID
406,1712180015.5395086,18144365.68488801,519.0,-1.8863340748563952e-08,542.0,ASK
407,1712180029.2695398,18146289.1317047,519.9,1.969213341139347e-07,542.0,BID
408,1712180040.5032637,18146289.1317047,519.9,0.0,542.0,BID
409,1712180046.869433,18146342.98821556,519.9,5.513178943945623e-09,542.0,BID
410,1712180047.4500003,18146353.73813924,519.0,-1.1004473170691888e-09,542.0,ASK
411,1712180047.4543478,18148282.75048492,518.4,-1.9746897964994898e-07,542.0,ASK
412,1712180047.4583514,18148669.30434038,519.0,-3.957071378433666e-08,542.0,ASK
413,1712180047.461041,18151554.47456542,519.0,-2.953488720432304e-07,542.0,ASK
414,1712180047.463044,18153734.47456542,518.4,-2.231620635297216e-07,542.0,ASK
415,1712180047.6093018,18160555.82043799,518.4,6.982869820975376e-07,542.0,BID
416,1712180062.5908878,18161530.15351611,519.1,9.974044966903812e-08,542.0,BID
417,1712180070.469614,18161530.15351611,519.1,0.0,542.0,BID
418,1712180083.5597634,18163297.49010884,519.9,1.8077230944407053e-07,542.0,BID
419,1712180083.5618105,18169144.7227506,519.9,5.980851371808597e-07,542.0,BID
420,1712180083.6597326,18170100.26978279,519.9,-9.77382828498597e-08,542.0,ASK
421,1712180083.74876,18170326.39276823,519.9,-2.312902616555634e-08,542.0,ASK
422,1712180083.921044,18170384.6304722,519.9,-5.9568529769402165e-09,542.0,ASK
423,1712180100.2961953,18170384.6304722,519.9,-0.0,542.0,ASK
424,1712180105.489647,18170615.39970297,520.0,2.3593327802561534e-08,542.0,BID
425,1712180105.4936063,18170870.50328834,520.0,2.608121755750477e-08,542.0,BID
426,1712180105.5494711,18170937.50328834,520.0,6.849929505377722e-09,542.0,BID
427,1712180105.5534632,18171067.01508759,520.0,1.3240995447399224e-08,542.0,BID
428,1712180106.92004,18171658.9796714,521.6,6.052112938480047e-08,542.0,BID
429,1712180106.924256,18172617.75244226,521.5,9.80227745083863e-08,542.0,BID
430,1712180106.9282706,18173176.0946069,521.6,5.708364877104148e-08,542.0,BID
431,1712180130.3143404,18173176.0946069,521.6,0.0,542.0,BID
432,1712180160.3854418,18173176.0946069,521.6,0.0,542.0,BID
433,1712180190.3338025,18173176.0946069,521.6,0.0,542.0,BID
434,1712180220.4588354,18173176.0946069,521.6,0.0,542.0,BID
435,1712180250.482942,18173176.0946069,521.6,0.0,542.0,BID
436,1712180274.7841651,18173276.73110996,521.4,1.0287319892673874e-08,542.0,BID
437,1712180280.3232815,18173276.73110996,521.4,0.0,542.0,BID
438,1712180291.5403051,18173660.31377202,521.4,3.921058725477664e-08,542.0,BID
439,1712180310.333359,18173660.31377202,521.4,0.0,542.0,BID
440,1712180340.4647317,18173660.31377202,521.4,0.0,542.0,BID
441,1712180370.4823997,18173660.31377202,521.4,0.0,542.0,BID
442,1712180392.2033646,18173679.09980794,520.1,-1.9203069227333715e-09,542.0,ASK
443,1712180400.3849342,18173679.09980794,520.1,-0.0,542.0,ASK
444,1712180430.3540125,18173679.09980794,520.1,-0.0,542.0,ASK
445,1712180460.4744506,18173679.09980794,520.1,-0.0,542.0,ASK
446,1712180484.0059738,18174256.02288486,520.0,-5.9021970990430114e-08,542.0,ASK
447,1712180484.0103369,18179814.1605189,519.9,-5.686238795444007e-07,542.0,ASK
448,1712180484.0144928,18180160.37448298,520.1,-3.5419332944058025e-08,542.0,ASK
449,1712180490.485068,18180160.37448298,520.1,-0.0,542.0,ASK
450,1712180520.346095,18180160.37448298,520.1,-0.0,542.0,ASK
451,1712180549.3262782,18180237.34410331,520.2,7.871644068426665e-09,542.0,BID
452,1712180550.339537,18180237.34410331,520.2,0.0,542.0,BID
453,1712180580.4868467,18180237.34410331,520.2,0.0,542.0,BID
454,1712180610.477261,18180237.34410331,520.2,0.0,542.0,BID
455,1712180623.4873707,18180795.4415333,521.4,5.7076107645395793e-08,542.0,BID
456,1712180640.3398912,18180795.4415333,521.4,0.0,542.0,BID
457,1712180670.3136473,18180795.4415333,521.4,0.0,542.0,BID
458,1712180700.338724,18180795.4415333,521.4,0.0,542.0,BID
459,1712180730.3222706,18180795.4415333,521.4,0.0,542.0,BID
460,1712180730.8590305,18187637.36390361,520.2,-6.997136576432797e-07,542.0,ASK
461,1712180760.4694912,18187637.36390361,520.2,-0.0,542.0,ASK
462,1712180790.489954,18187637.36390361,520.2,-0.0,542.0,ASK
463,1712180820.344251,18187637.36390361,520.2,-0.0,542.0,ASK
464,1712180826.170073,18188167.45846811,520.2,-5.4192290727396994e-08,542.0,ASK
465,1712180850.3245602,18188167.45846811,520.2,-0.0,542.0,ASK
466,1712180879.270821,18189526.15793831,520.2,-1.3889778535647733e-07,542.0,ASK
467,1712180880.4745874,18189526.15793831,520.2,-0.0,542.0,ASK
468,1712180885.6906626,18189545.34075051,521.3,1.960888103189011e-09,542.0,BID
469,1712180888.1006296,18189564.52356271,521.3,1.960888102808208e-09,542.0,BID
470,1712180897.4708357,18189583.70637491,521.3,1.960888102808208e-09,542.0,BID
471,1712180910.494429,18189583.70637491,521.3,0.0,542.0,BID
472,1712180912.480985,18190542.84698492,521.3,9.804410448122637e-08,542.0,BID
473,1712180940.333259,18190542.84698492,521.3,0.0,542.0,BID
474,1712180943.591086,18190601.60741011,520.3,-6.006229711262983e-09,542.0,ASK
475,1712180970.312098,18190601.60741011,520.3,-0.0,542.0,ASK
476,1712180993.681569,18191517.18006304,520.3,-9.358547811634328e-08,542.0,ASK
477,1712181000.4416156,18191517.18006304,520.3,-0.0,542.0,ASK
478,1712181001.79168,18191562.59145778,520.3,4.641558029972442e-09,542.0,BID
479,1712181030.3216252,18191562.59145778,520.3,0.0,542.0,BID
480,1712181060.47233,18191562.59145778,520.3,0.0,542.0,BID
481,1712181090.45216,18191562.59145778,520.3,0.0,542.0,BID
482,1712181094.2125988,18191572.88305297,520.3,-1.0519148598910776e-09,542.0,ASK
483,1712181106.712629,18191590.59733852,520.3,-1.8105959140168347e-09,542.0,ASK
484,1712181120.3579285,18191590.59733852,520.3,-0.0,542.0,ASK
485,1712181150.5035796,18191590.59733852,520.3,-0.0,542.0,ASK
486,1712181166.222802,18192564.93041664,521.2,9.958746898705536e-08,542.0,BID
487,1712181166.2263536,18194690.59733852,521.2,2.172663470155659e-07,542.0,BID
488,1712181180.4730718,18194690.59733852,521.2,0.0,542.0,BID
489,1712181210.4819305,18194690.59733852,521.2,0.0,542.0,BID
490,1712181240.35283,18194690.59733852,521.2,0.0,542.0,BID
491,1712181270.3355513,18194690.59733852,521.2,0.0,542.0,BID
492,1712181300.414705,18194690.59733852,521.2,0.0,542.0,BID
493,1712181330.3344555,18194690.59733852,521.2,0.0,542.0,BID
494,1712181360.4841895,18194690.59733852,521.2,0.0,542.0,BID
495,1712181387.9344568,18195078.82684134,521.1,3.972380277657968e-08,542.0,BID
496,1712181387.9440427,18202812.79653253,521.1,7.91342967141179e-07,542.0,BID
497,1712181390.5042412,18202812.79653253,521.1,0.0,542.0,BID
498,1712181420.3285155,18202812.79653253,521.1,0.0,542.0,BID
499,1712181423.3142595,18202824.3106373,521.1,1.177617956924555e-09,542.0,BID
500,1712181450.316577,18202824.3106373,521.1,0.0,542.0,BID
501,1712181453.7544968,18202851.201829,521.1,2.750325052195608e-09,542.0,BID
502,1712181471.976977,18202861.201829,521.1,1.0227605688284475e-09,542.0,BID
503,1712181478.7344763,18202886.33262856,521.0,2.570279085106777e-09,542.0,BID
504,1712181478.73913,18205511.41017595,521.1,2.6848258055873975e-07,542.0,BID
505,1712181478.814809,18207491.10008,521.3,2.0247487723691305e-07,542.0,BID
506,1712181478.8191478,18207491.1000808,521.4,8.191672053117912e-17,542.0,BID
507,1712181478.822698,18210007.20875579,521.4,2.573376739668883e-07,542.0,BID
508,1712181478.8261917,18210539.3597729,521.4,5.442630769590634e-08,542.0,BID
509,1712181478.8297243,18213535.73872275,521.4,3.064578239174989e-07,542.0,BID
510,1712181478.914889,18217388.18995194,521.5,3.9401352105525866e-07,542.0,BID
511,1712181478.9185383,18217963.45361446,521.5,5.8835699070229584e-08,542.0,BID
512,1712181478.9220471,18221253.07366575,521.8,3.364493674887687e-07,542.0,BID
513,1712181478.9340014,18221253.07366696,521.8,1.2382760080294515e-16,542.0,BID
514,1712181478.9945283,18221636.21542942,522.0,3.918622869170713e-08,542.0,BID
515,1712181478.9992585,18223808.78153564,522.0,2.222014946613792e-07,542.0,BID
516,1712181479.014178,18225858.78153564,522.1,2.096659166098318e-07,542.0,BID
517,1712181480.490706,18225858.78153564,522.1,0.0,542.0,BID
518,1712181510.484487,18225858.78153564,522.1,0.0,542.0,BID
519,1712181518.7890246,18233954.21878733,522.2,8.269533044857379e-07,542.0,BID
520,1712181533.514475,18233964.16613928,522.2,1.016127394735742e-09,542.0,BID
521,1712181533.5241776,18243964.16613928,522.3,1.0215054218510855e-06,542.0,BID
522,1712181534.3642972,18244064.16613928,522.3,-1.0215054218510858e-08,542.0,ASK
523,1712181534.4243274,18244638.65867088,522.3,-5.8684723584372464e-08,542.0,ASK
524,1712181540.3603938,18244638.65867088,522.3,-0.0,542.0,ASK
525,1712181541.5372255,18246236.51213343,522.4,1.6305823205362102e-07,542.0,BID
526,1712181541.5394752,18252323.81121888,522.4,6.211985329809038e-07,542.0,BID
527,1712181541.604549,18256236.51213343,522.4,3.9928448298551226e-07,542.0,BID
528,1712181541.6086686,18256619.36052547,522.4,3.906902817664e-08,542.0,BID
529,1712181541.6132984,18260008.96376688,522.5,3.459032538723725e-07,542.0,BID
530,1712181541.9330618,18265209.84725988,522.5,5.307413272625343e-07,542.0,BID
531,1712181559.137848,18268084.95266356,522.3,-2.933996233569069e-07,542.0,ASK
532,1712181570.3619306,18268084.95266356,522.3,-0.0,542.0,ASK
533,1712181600.493387,18268084.95266356,522.3,-0.0,542.0,ASK
534,1712181620.6248903,18268884.95266356,522.3,-8.15417156830592e-08,542.0,ASK
535,1712181630.3314557,18268884.95266356,522.3,-0.0,542.0,ASK
536,1712181643.564832,18280043.01876825,522.5,1.1372613822561226e-06,542.0,BID
537,1712181643.570407,18280056.06686825,522.5,1.3298989359580801e-09,542.0,BID
538,1712181660.49493,18280056.06686825,522.5,0.0,542.0,BID
539,1712181668.3669186,18281030.39994637,522.5,-9.92477152968238e-08,542.0,ASK
540,1712181668.3691933,18281577.00499513,522.5,-5.567839528131007e-08,542.0,ASK
541,1712181680.32478,18281590.97377995,522.5,-1.422891216586581e-09,542.0,ASK
542,1712181690.4886987,18281590.97377995,522.5,-0.0,542.0,ASK
543,1712181707.4951186,18281610.68286228,522.5,2.0074465827785383e-09,542.0,BID
544,1712181707.5051942,18281705.80631583,522.5,9.688693190237836e-09,542.0,BID
545,1712181720.2298398,18281873.50344948,522.5,1.708060437433663e-08,542.0,BID
546,1712181720.2383907,18282868.82392348,522.5,1.0137725596204654e-07,542.0,BID
547,1712181720.3275516,18282868.82392348,522.5,0.0,542.0,BID
548,1712181746.89511,18283031.50588118,522.5,1.656866246601421e-08,542.0,BID
549,1712181750.3690317,18283031.50588118,522.5,0.0,542.0,BID
550,1712181750.875016,18283117.9512477,522.6,-8.804121369857606e-09,542.0,ASK
551,1712181780.4853232,18283117.9512477,522.6,-0.0,542.0,ASK
552,1712181801.3257277,18284073.97419226,523.0,9.736673749711269e-08,542.0,BID
553,1712181801.330645,18285921.85617117,523.0,1.881986625836246e-07,542.0,BID
554,1712181810.5015647,18285921.85617117,523.0,0.0,542.0,BID
555,1712181839.8054798,18285941.9295687,523.2,-2.0440820795575163e-09,542.0,ASK
556,1712181840.3583598,18285941.9295687,523.2,-0.0,542.0,ASK
557,1712181865.4052436,18285959.35342103,523.2,-1.7742759368083827e-09,542.0,ASK
558,1712181870.3355217,18285959.35342103,523.2,-0.0,542.0,ASK
559,1712181870.8656316,18287849.81491811,523.2,-1.9250606391991945e-07,542.0,ASK
560,1712181870.8708353,18289722.67747305,523.2,-1.9071396020057725e-07,542.0,ASK
561,1712181887.645443,18289913.84550976,523.1,-1.9466678560384482e-08,542.0,ASK
562,1712181892.6657605,18291760.32642939,523.2,1.880275131179321e-07,542.0,BID
563,1712181900.4946492,18291760.32642939,523.2,0.0,542.0,BID
564,1712181915.7257783,18291855.89217862,523.2,-9.7295113641805e-09,542.0,ASK
565,1712181915.7314787,18292622.55441648,523.2,-7.805358107602378e-08,542.0,ASK
566,1712181924.8756344,18293888.55441648,523.1,-1.288909623591726e-07,542.0,ASK
567,1712181930.4754722,18293888.55441648,523.1,-0.0,542.0,ASK
568,1712181960.314332,18293888.55441648,523.1,-0.0,542.0,ASK
569,1712181966.3759866,18294026.32642939,523.2,1.4024924739660613e-08,542.0,BID
570,1712181966.385631,18294672.36672534,523.2,6.576565398337815e-08,542.0,BID
571,1712181966.98553,18296238.27664494,523.0,-1.594066044905263e-07,542.0,ASK
572,1712181966.9886785,18296672.36672534,523.1,-4.41895315262255e-08,542.0,ASK
573,1712181974.9754975,18296806.18435103,523.1,1.362237576073562e-08,542.0,BID
574,1712181982.059187,18296915.94021674,523.1,1.1172935081660494e-08,542.0,BID
575,1712181990.36116,18296915.94021674,523.1,0.0,542.0,BID
576,1712182012.115608,18302650.98131787,523.1,5.837220068561986e-07,542.0,BID
577,1712182020.4871774,18302650.98131787,523.1,0.0,542.0,BID
578,1712182050.498315,18302650.98131787,523.1,0.0,542.0,BID
579,1712182052.4161477,18303967.68102574,523.1,-1.339749741864123e-07,542.0,ASK
580,1712182052.4224513,18305140.51780647,523.1,-1.1933683624606857e-07,542.0,ASK
581,1712182080.3283305,18305140.51780647,523.1,-0.0,542.0,ASK
582,1712182084.886196,18305523.43949898,522.3,-3.895734659805645e-08,542.0,ASK
583,1712182084.8964114,18305533.43949898,522.6,-1.0173711064206701e-09,542.0,ASK
584,1712182084.9004426,18305543.43949898,522.0,-1.0173711064206701e-09,542.0,ASK
585,1712182084.9043622,18305986.40285858,523.0,-4.50658123261896e-08,542.0,ASK
586,1712182084.9080207,18306000.91790624,522.3,-1.4767190095807127e-09,542.0,ASK
587,1712182084.9102888,18307056.22661874,522.0,-1.0736405924525952e-07,542.0,ASK
588,1712182095.0495274,18307075.38370687,521.7,-1.948986794734126e-09,542.0,ASK
589,1712182099.3759904,18308256.04321874,521.7,-1.2011688738951448e-07,542.0,ASK
590,1712182099.3859751,18308965.84520395,521.7,-7.221320310343852e-08,542.0,ASK
591,1712182100.1657698,18308975.55205698,521.7,-9.87547180535274e-10,542.0,ASK
592,1712182103.0963523,18309167.23309973,521.8,-1.950107545418601e-08,542.0,ASK
593,1712182108.1867526,18309234.9418078,521.7,-6.888488324371241e-09,542.0,ASK
594,1712182108.19893,18310032.0921517,521.8,-8.109977273596114e-08,542.0,ASK
595,1712182108.201477,18310125.63831346,521.7,-9.517116209081673e-09,542.0,ASK
596,1712182110.3631544,18310125.63831346,521.7,-0.0,542.0,ASK
597,1712182112.28647,18310317.28262163,521.7,-1.949217825669979e-08,542.0,ASK
598,1712182140.4858785,18310317.28262163,521.7,-0.0,542.0,ASK
599,1712182170.4858935,18310317.28262163,521.7,-0.0,542.0,ASK
600,1712182200.3824627,18310317.28262163,521.7,-0.0,542.0,ASK
601,1712182230.3506515,18310317.28262163,521.7,-0.0,542.0,ASK
602,1712182254.9371908,18310336.4507259,522.5,-1.9499314414883998e-09,542.0,ASK
603,1712182254.943516,18310355.61883017,522.4,-1.949931441867365e-09,542.0,ASK
604,1712182254.9483578,18310451.45935153,522.2,-9.749657208957864e-09,542.0,ASK
605,1712182254.9531283,18310470.6274558,522.1,-1.949931441867365e-09,542.0,ASK
606,1712182254.9569402,18310489.79556007,522.4,-1.9499314414883998e-09,542.0,ASK
607,1712182254.9597604,18310503.81694862,522.1,-1.426366739380215e-09,542.0,ASK
608,1712182260.4962492,18310503.81694862,522.1,-0.0,542.0,ASK
609,1712182283.26122,18310607.19846922,522.2,-1.0516683179948736e-08,542.0,ASK
610,1712182290.480523,18310607.19846922,522.2,-0.0,542.0,ASK
611,1712182304.5067768,18311306.98535945,522.2,-7.118677069814062e-08,542.0,ASK
612,1712182304.5132396,18316231.41705397,522.2,-5.009444943198931e-07,542.0,ASK
613,1712182307.6045415,18316240.99192949,522.2,9.74017200851027e-10,542.0,BID
614,1712182320.3365357,18316240.99192949,522.2,0.0,542.0,BID
615,1712182345.9750147,18316250.56680501,522.2,9.737257885024943e-10,542.0,BID
616,1712182350.352399,18316250.56680501,522.2,0.0,542.0,BID
617,1712182380.4844325,18316250.56680501,522.2,0.0,542.0,BID
618,1712182381.2842128,18316260.14168053,522.2,9.73725293761887e-10,542.0,BID
619,1712182410.5339096,18316260.14168053,522.2,0.0,542.0,BID
620,1712182440.34574,18316260.14168053,522.2,0.0,542.0,BID
621,1712182459.2942488,18318196.03215094,522.2,1.968719649756089e-07,542.0,BID
622,1712182459.299688,18320356.03215094,523.1,2.19662966912438e-07,542.0,BID
623,1712182459.304789,18320365.93517654,523.4,1.0070962893233762e-09,542.0,BID
624,1712182459.307199,18320379.35768654,523.2,1.365013134069814e-09,542.0,BID
625,1712182459.3099604,18321064.66380597,523.1,6.969276640621357e-08,542.0,BID
626,1712182459.312382,18331520.74413781,523.7,1.0633396425771666e-06,542.0,BID
627,1712182459.314793,18331667.8009265,522.2,1.4955060420530613e-08,542.0,BID
628,1712182459.3172538,18331858.78641161,523.6,1.942242513730033e-08,542.0,BID
629,1712182459.3196986,18332049.51690942,524.3,1.9396493995300108e-08,542.0,BID
630,1712182459.322138,18334253.51690942,523.7,2.241375829050987e-07,542.0,BID
631,1712182459.3245957,18334654.52898674,524.0,4.0781251236996216e-08,542.0,BID
632,1712182459.3270495,18334687.52898674,525.0,3.3559619944955803e-09,542.0,BID
633,1712182459.3295176,18334703.73919674,524.0,1.6485105660672663e-09,542.0,BID
634,1712182459.3320053,18334923.67260359,524.6,2.236630771828385e-08,542.0,BID
635,1712182459.3344626,18343122.3141592,525.0,8.337675596097813e-07,542.0,BID
636,1712182459.3369682,18343411.68507573,523.9,2.9427812066323544e-08,542.0,BID
637,1712182459.3394384,18343724.5500849,524.1,3.1817063035821735e-08,542.0,BID
638,1712182459.341929,18347837.61653633,524.5,4.18281657328332e-07,542.0,BID
639,1712182459.3444564,18347960.17445376,524.9,1.2463627667362213e-08,542.0,BID
640,1712182459.3469467,18348188.74588234,525.0,2.324475840413616e-08,542.0,BID
641,1712182470.3327444,18348188.74588234,525.0,0.0,542.0,BID
642,1712182500.408455,18348188.74588234,525.0,0.0,542.0,BID
643,1712182518.62152,18348209.80415622,522.6,-2.138220915485535e-09,542.0,ASK
644,1712182530.341541,18348209.80415622,522.6,-0.0,542.0,ASK
645,1712182535.0891242,18348230.74815173,524.9,2.126614909729501e-09,542.0,BID
646,1712182560.4909337,18348230.74815173,524.9,0.0,542.0,BID
647,1712182590.4922426,18348230.74815173,524.9,0.0,542.0,BID
648,1712182607.695898,18348240.27740654,524.7,9.67581984317822e-10,542.0,BID
649,1712182608.000126,18348373.07740638,524.7,1.348425348448852e-08,542.0,BID
650,1712182620.3237686,18348373.07740638,524.7,0.0,542.0,BID
651,1712182630.8268,18348478.22147009,524.7,1.0676042607918861e-08,542.0,BID
652,1712182650.3521826,18348478.22147009,524.7,0.0,542.0,BID
653,1712182667.2490432,18348487.75617642,524.4,9.681227565996996e-10,542.0,BID
654,1712182680.4878948,18348487.75617642,524.4,0.0,542.0,BID
655,1712182691.1684496,18348497.29088275,524.4,9.68122265478182e-10,542.0,BID
656,1712182704.399308,18350567.29088275,523.0,-2.101808928145267e-07,542.0,ASK
657,1712182704.405801,18351081.71562268,522.0,-5.2232971557366575e-08,542.0,ASK
658,1712182704.4121168,18351122.38572577,523.8,-4.129506559749824e-09,542.0,ASK
659,1712182704.415238,18353292.38572577,523.3,-2.2033455913406905e-07,542.0,ASK
660,1712182704.4181037,18354249.87327843,522.2,-9.722009114839586e-08,542.0,ASK
661,1712182710.4887009,18354249.87327843,522.2,-0.0,542.0,ASK
662,1712182715.0987327,18354259.42072926,523.7,9.691198160711596e-10,542.0,BID
663,1712182728.958433,18354270.87767025,523.7,1.1629437787559983e-09,542.0,BID
664,1712182740.3335185,18354270.87767025,523.7,0.0,542.0,BID
665,1712182746.0783606,18354282.33679935,523.6,1.1631645853347083e-09,542.0,BID
666,1712182770.337717,18354282.33679935,523.6,0.0,542.0,BID
667,1712182800.408172,18354282.33679935,523.6,0.0,542.0,BID
668,1712182830.3313377,18354282.33679935,523.6,0.0,542.0,BID
669,1712182860.037205,18354310.62091238,522.5,-2.871496473244195e-09,542.0,ASK
670,1712182860.0435295,18354346.04818924,522.5,-3.596694032855704e-09,542.0,ASK
671,1712182860.359448,18354346.04818924,522.5,-0.0,542.0,ASK
672,1712182870.2268484,18354374.33228955,522.5,2.8714854771212073e-09,542.0,BID
673,1712182890.3473196,18354374.33228955,522.5,0.0,542.0,BID
674,1712182920.4801297,18354374.33228955,522.5,0.0,542.0,BID
675,1712182950.4756043,18354374.33228955,522.5,0.0,542.0,BID
676,1712182980.308251,18354374.33228955,522.5,0.0,542.0,BID
677,1712182980.985583,18354757.10740916,522.5,3.886040340233938e-08,542.0,BID
678,1712183010.3355975,18354757.10740916,522.5,0.0,542.0,BID
679,1712183017.0850613,18354766.67678715,522.5,9.714903592032504e-10,542.0,BID
680,1712183020.945123,18354785.81554313,522.5,1.9429807187846952e-09,542.0,BID
681,1712183033.846558,18354795.38492112,522.5,9.714903592032504e-10,542.0,BID
682,1712183040.4799893,18354795.38492112,522.5,0.0,542.0,BID
683,1712183070.469468,18354795.38492112,522.5,0.0,542.0,BID
684,1712183095.0545466,18355436.14970619,522.5,6.505078470422e-08,542.0,BID
685,1712183100.335394,18355436.14970619,522.5,0.0,542.0,BID
686,1712183130.3448389,18355436.14970619,522.5,0.0,542.0,BID
687,1712183156.9741015,18355582.53771227,522.5,1.4870506398213837e-08,542.0,BID
688,1712183156.9806194,18355714.91874446,522.5,1.3447638497969652e-08,542.0,BID
689,1712183160.4012368,18355714.91874446,522.5,0.0,542.0,BID
690,1712183190.2966793,18355714.91874446,522.5,0.0,542.0,BID
691,1712183220.473591,18355714.91874446,522.5,0.0,542.0,BID
692,1712183250.483545,18355714.91874446,522.5,0.0,542.0,BID
693,1712183277.8244667,18356202.98925292,522.5,-4.9578844783053604e-08,542.0,ASK
694,1712183277.8291817,18356558.14139732,522.5,-3.6076822377590535e-08,542.0,ASK
695,1712183280.3434422,18356558.14139732,522.5,-0.0,542.0,ASK
696,1712183310.3159502,18356558.14139732,522.5,-0.0,542.0,ASK
697,1712183340.483407,18356558.14139732,522.5,-0.0,542.0,ASK
698,1712183370.4626253,18356558.14139732,522.5,-0.0,542.0,ASK
699,1712183386.73262,18357942.23230641,522.5,-1.4059148448504045e-07,542.0,ASK
700,1712183395.8627765,18361353.284597,522.0,-3.464836753427479e-07,542.0,ASK
701,1712183395.8693602,18361642.70630269,522.1,-2.9398522147889892e-08,542.0,ASK
702,1712183400.5525522,18361642.70630269,522.1,-0.0,542.0,ASK
703,1712183415.0156384,18361769.98350258,522.0,1.2969366136097912e-08,542.0,BID
704,1712183415.0216544,18365856.45845744,522.1,4.16406001555379e-07,542.0,BID
705,1712183415.5722904,18365878.53718762,521.9,-2.2497912884799077e-09,542.0,ASK
706,1712183419.402554,18365897.12856053,521.9,1.8944345288332793e-09,542.0,BID
707,1712183421.4530709,18365954.35301903,521.7,-5.8310911528128115e-09,542.0,ASK
708,1712183421.4599404,18366529.28594352,521.8,-5.858484950824607e-08,542.0,ASK
709,1712183421.4654267,18366541.63175895,521.5,-1.258021080879847e-09,542.0,ASK
710,1712183421.4708812,18366545.0968037,521.9,-3.5308314493046496e-10,542.0,ASK
711,1712183430.464008,18366545.0968037,521.9,-0.0,542.0,ASK
712,1712183460.3549898,18366545.0968037,521.9,-0.0,542.0,ASK
713,1712183478.232012,18368461.53988535,521.8,-1.9523191707808466e-07,542.0,ASK
714,1712183481.5818317,18368480.68230495,521.7,1.950076843715006e-09,542.0,BID
715,1712183485.172035,18368499.85040922,521.7,1.9526933931254922e-09,542.0,BID
716,1712183490.3438082,18368499.85040922,521.7,0.0,542.0,BID
717,1712183491.3123417,18368576.67799211,521.4,-7.825767464450883e-09,542.0,ASK
718,1712183505.6421318,18369551.01107023,521.6,9.92469607351099e-08,542.0,BID
719,1712183505.648044,18370004.69549065,521.6,4.621294388014647e-08,542.0,BID
720,1712183509.452088,18371683.45321848,521.6,-1.7100066295500638e-07,542.0,ASK
721,1712183511.7823634,18377080.2965485,521.4,-5.49730179644289e-07,542.0,ASK
722,1712183511.7888465,18381211.91132958,521.6,-4.208521902402058e-07,542.0,ASK
723,1712183511.792642,18403612.05742029,521.4,-2.2817109153427227e-06,542.0,ASK
724,1712183520.4775815,18403612.05742029,521.4,-0.0,542.0,ASK
725,1712183522.9020534,18412868.22356471,521.4,-9.41091208163461e-07,542.0,ASK
726,1712183522.9085877,18413578.5572816,521.4,-7.222091796919434e-08,542.0,ASK
727,1712183550.4753048,18413578.5572816,521.4,-0.0,542.0,ASK
728,1712183554.7420678,18415255.31394109,521.4,1.703888688015763e-07,542.0,BID
729,1712183554.7485294,18416068.93654895,521.4,8.267880434485428e-08,542.0,BID
730,1712183566.181665,18416419.63959317,521.4,3.563778599103693e-08,542.0,BID
731,1712183574.3848102,18416611.35738458,521.6,1.9482002604785785e-08,542.0,BID
732,1712183580.3522198,18416611.35738458,521.6,0.0,542.0,BID
733,1712183582.5314608,18416611.43092421,521.6,7.471758655957793e-12,542.0,BID
734,1712183582.537326,18416898.43885096,522.5,2.916052165775476e-08,542.0,BID
735,1712183610.3048494,18416898.43885096,522.5,0.0,542.0,BID
736,1712183640.4641747,18416898.43885096,522.5,0.0,542.0,BID
737,1712183670.4610631,18416898.43885096,522.5,0.0,542.0,BID
738,1712183676.5710776,18416918.43885096,522.3,2.032005009786005e-09,542.0,BID
739,1712183700.3218112,18416918.43885096,522.3,0.0,542.0,BID
740,1712183730.348246,18416918.43885096,522.3,0.0,542.0,BID
741,1712183743.6630754,18418054.27818775,522.3,1.154518597415647e-07,542.0,BID
742,1712183760.4732113,18418054.27818775,522.3,0.0,542.0,BID
743,1712183790.4654324,18418054.27818775,522.3,0.0,542.0,BID
744,1712183820.3520503,18418054.27818775,522.3,0.0,542.0,BID
745,1712183830.420389,18419973.6639843,522.3,-1.9508331065025418e-07,542.0,ASK
746,1712183841.4399145,18420760.90551215,522.5,8.001397312148587e-08,542.0,BID
747,1712183850.3202636,18420760.90551215,522.5,0.0,542.0,BID
748,1712183854.5104022,18420857.86110648,522.5,9.852996080183108e-09,542.0,BID
749,1712183854.516036,18421814.79890552,522.5,9.724765701224944e-08,542.0,BID
750,1712183854.5209062,18423184.209738,522.5,1.3916473471880942e-07,542.0,BID
751,1712183878.4499888,18424212.60116711,522.7,1.045090465362548e-07,542.0,BID
752,1712183880.4982817,18424212.60116711,522.7,0.0,542.0,BID
753,1712183885.772925,18424789.60116711,522.5,-5.862618729855447e-08,542.0,ASK
754,1712183896.11017,18425442.30886919,522.7,6.631848179107096e-08,542.0,BID
755,1712183896.1168358,18425588.10211645,522.7,1.4813348736114749e-08,542.0,BID
756,1712183900.2799263,18425715.10202802,522.7,-1.2903848531278165e-08,542.0,ASK
757,1712183910.4699495,18425715.10202802,522.7,-0.0,542.0,ASK
758,1712183920.449974,18427985.6128377,522.7,2.3067724886552497e-07,542.0,BID
759,1712183920.4563937,18429879.62469876,522.7,1.924260582977181e-07,542.0,BID
760,1712183929.1628828,18432207.96715435,522.5,-2.365527747247049e-07,542.0,ASK
761,1712183929.1696289,18432222.57229197,522.5,-1.4838392097278223e-09,542.0,ASK
762,1712183929.1760316,18447049.63902054,522.3,-1.5063865572065536e-06,542.0,ASK
763,1712183940.3621051,18447049.63902054,522.3,-0.0,542.0,ASK
764,1712183943.9500136,18449011.05764308,522.3,1.990490015018193e-07,542.0,BID
765,1712183970.343439,18449011.05764308,522.3,0.0,542.0,BID
766,1712183994.2797232,18449127.34027825,522.3,-1.1799386463746237e-08,542.0,ASK
767,1712184000.350421,18449127.34027825,522.3,-0.0,542.0,ASK
768,1712184030.309188,18449127.34027825,522.3,-0.0,542.0,ASK
769,1712184055.253447,18449812.25164067,522.7,6.956908017285993e-08,542.0,BID
770,1712184055.2592232,18451369.49202716,522.7,1.581748927528639e-07,542.0,BID
771,1712184060.4797015,18451369.49202716,522.7,0.0,542.0,BID
772,1712184085.6392038,18452150.95168113,522.7,-7.936641339966773e-08,542.0,ASK
773,1712184090.4689157,18452150.95168113,522.7,-0.0,542.0,ASK
774,1712184092.2788737,18453308.52622625,522.8,1.175604246029559e-07,542.0,BID
775,1712184113.8092918,18453327.64302992,523.1,1.9414555772907674e-09,542.0,BID
776,1712184113.9188015,18457131.88696033,523.1,3.8634965984529954e-07,542.0,BID
777,1712184120.3122094,18457131.88696033,523.1,0.0,542.0,BID
778,1712184124.3490262,18457151.00011017,523.2,1.9405710752219114e-09,542.0,BID
779,1712184125.4188132,18459062.31509487,523.2,1.940571075891381e-07,542.0,BID
780,1712184150.3333578,18459062.31509487,523.2,0.0,542.0,BID
781,1712184156.1588254,18459244.79477311,523.1,-1.852538587508495e-08,542.0,ASK
782,1712184159.4735258,18459294.48896272,523.1,-5.044967457140641e-09,542.0,ASK
783,1712184180.4787102,18459294.48896272,523.1,-0.0,542.0,ASK
784,1712184210.459432,18459294.48896272,523.1,-0.0,542.0,ASK
785,1712184235.698769,18459327.74416272,523.1,-3.376035197409642e-09,542.0,ASK
786,1712184240.33346,18459327.74416272,523.1,-0.0,542.0,ASK
787,1712184270.3343303,18459327.74416272,523.1,-0.0,542.0,ASK
788,1712184276.018376,18459474.91486407,523.1,-1.494059847378719e-08,542.0,ASK
789,1712184300.3520448,18459474.91486407,523.1,-0.0,542.0,ASK
790,1712184330.3535764,18459474.91486407,523.1,-0.0,542.0,ASK
791,1712184333.2381628,18459664.91486407,523.1,-1.930954921411673e-08,542.0,ASK
792,1712184360.4781654,18459664.91486407,523.1,-0.0,542.0,ASK
793,1712184390.4784744,18459664.91486407,523.1,-0.0,542.0,ASK
794,1712184411.1787035,18459674.47509352,523.0,-9.715887181100276e-10,542.0,ASK
795,1712184420.3394191,18459674.47509352,523.0,-0.0,542.0,ASK
796,1712184430.542215,18460095.20318513,523.2,4.2757808439852374e-08,542.0,BID
797,1712184430.6295536,18461875.15747099,523.2,1.808934223894809e-07,542.0,BID
798,1712184450.3355308,18461875.15747099,523.2,0.0,542.0,BID
799,1712184480.4628713,18461875.15747099,523.2,0.0,542.0,BID
800,1712184501.0397787,18462257.34741939,523.3,3.883670462958913e-08,542.0,BID
801,1712184505.0094926,18464339.20540115,523.3,2.115505754589849e-07,542.0,BID
802,1712184510.4540343,18464339.20540115,523.3,0.0,542.0,BID
803,1712184520.2401528,18464508.79239999,523.2,-1.7230535102504967e-08,542.0,ASK
804,1712184520.2477355,18465197.95530635,523.2,-7.002096699874745e-08,542.0,ASK
805,1712184540.323465,18465197.95530635,523.2,-0.0,542.0,ASK
806,1712184563.6002414,18465483.12547811,523.2,-2.8972800928823428e-08,542.0,ASK
807,1712184563.6099694,18465492.87318453,523.2,-9.90350273274209e-10,542.0,ASK
808,1712184570.338338,18465492.87318453,523.2,-0.0,542.0,ASK
1009,1712184585.4004693,18465875.13618147,523.2,3.883665680718205e-08,542.0,BID
809,1712184585.4004693,18465875.13618147,523.2,3.8836656807182054e-08,542.0,BID
810,1712184600.3799503,18465875.13618147,523.2,0.0,542.0,BID
811,1712184630.329684,18465875.13618147,523.2,0.0,542.0,BID
812,1712184645.3177834,18466090.20022276,523.1,-2.1894788339286e-08,542.0,ASK
813,1712184660.4962115,18466090.20022276,523.1,-0.0,542.0,ASK
814,1712184690.462545,18466090.20022276,523.1,-0.0,542.0,ASK
815,1712184720.3055167,18466090.20022276,523.1,-0.0,542.0,ASK
816,1712184750.3240426,18466090.20022276,523.1,-0.0,542.0,ASK
817,1712184753.0512176,18466147.55063377,523.1,5.838543353839344e-09,542.0,BID
818,1712184780.4659538,18466147.55063377,523.1,0.0,542.0,BID
819,1712184783.1111605,18466464.28676062,523.1,3.224513875092531e-08,542.0,BID
820,1712184810.4725733,18466464.28676062,523.1,0.0,542.0,BID
821,1712184821.1614037,18466483.40356429,523.1,1.9461423475007718e-09,542.0,BID
822,1712184840.3352857,18466483.40356429,523.1,0.0,542.0,BID
823,1712184841.699385,18466870.41237993,523.0,-3.939850465014407e-08,542.0,ASK
824,1712184841.83527,18467082.04157609,523.0,-2.1544402948953063e-08,542.0,ASK
825,1712184841.8424144,18467606.03674719,523.0,-5.334407215236633e-08,542.0,ASK
826,1712184854.7618294,18468801.84124582,523.0,-1.2173601012587016e-07,542.0,ASK
827,1712184870.3364055,18468801.84124582,523.0,-0.0,542.0,ASK
828,1712184900.4521012,18468801.84124582,523.0,-0.0,542.0,ASK
829,1712184930.4819157,18468801.84124582,523.0,-0.0,542.0,ASK
830,1712184955.2122202,18469422.86790199,523.0,-6.34305088666393e-08,542.0,ASK
831,1712184960.3225882,18469422.86790199,523.0,-0.0,542.0,ASK
832,1712184966.0524373,18470385.8879328,523.0,-9.835781383161925e-08,542.0,ASK
833,1712184967.8519676,18470933.09473467,523.1,5.5888832032158894e-08,542.0,BID
834,1712184970.482232,18471005.7506086,523.0,-7.420689802215659e-09,542.0,ASK
835,1712184972.6723337,18471024.86741227,523.1,1.952490037711541e-09,542.0,BID
836,1712184974.5419576,18471043.98421594,523.1,1.952490038092023e-09,542.0,BID
837,1712184976.1621704,18471063.10101961,523.1,1.952490037711541e-09,542.0,BID
838,1712184978.8128743,18471874.17532389,523.1,8.283887444860331e-08,542.0,BID
839,1712184986.8419886,18473033.17917457,523.1,-1.1837457303899006e-07,542.0,ASK
840,1712184990.3473058,18473033.17917457,523.1,-0.0,542.0,ASK
1041,1712184998.542107,18473102.4904245,523.1,-7.077722327366982e-09,542.0,ASK
841,1712184998.542107,18473102.4904245,523.1,-7.0777223273669824e-09,542.0,ASK
842,1712185020.4621449,18473102.4904245,523.1,-0.0,542.0,ASK
843,1712185050.494001,18473102.4904245,523.1,-0.0,542.0,ASK
844,1712185061.5366282,18473676.10419124,523.0,-5.857438636816076e-08,542.0,ASK
845,1712185069.1529014,18475676.10419124,523.0,-2.0422936046654445e-07,542.0,ASK
846,1712185080.32595,18475676.10419124,523.0,-0.0,542.0,ASK
847,1712185100.4730675,18479725.98819386,523.0,-4.1349577642005493e-07,542.0,ASK
848,1712185100.4792504,18479864.22911164,523.0,-1.4114487129715133e-08,542.0,ASK
849,1712185110.305876,18479864.22911164,523.0,-0.0,542.0,ASK
850,1712185128.593242,18480839.74556151,522.8,-9.957859079218225e-08,542.0,ASK
851,1712185128.60035,18482768.57993295,522.8,-1.9689120424918202e-07,542.0,ASK
852,1712185140.4565473,18482768.57993295,522.8,-0.0,542.0,ASK
853,1712185152.252834,18482868.57993295,522.9,1.0206199913143824e-08,542.0,BID
854,1712185170.473005,18482868.57993295,522.9,0.0,542.0,BID
855,1712185200.4620285,18482868.57993295,522.9,0.0,542.0,BID
856,1712185230.3193662,18482868.57993295,522.9,0.0,542.0,BID
857,1712185236.973008,18483046.10956966,523.0,1.813365209593912e-08,542.0,BID
858,1712185250.35301,18483324.83805914,523.0,2.8470544699177693e-08,542.0,BID
859,1712185260.4649825,18483324.83805914,523.0,0.0,542.0,BID
860,1712185290.48276,18483324.83805914,523.0,0.0,542.0,BID
861,1712185297.0827725,18483343.95851803,523.0,1.952999538602108e-09,542.0,BID
862,1712185320.3064497,18483343.95851803,523.0,0.0,542.0,BID
863,1712185350.337566,18483343.95851803,523.0,0.0,542.0,BID
864,1712185380.488351,18483343.95851803,523.0,0.0,542.0,BID
865,1712185393.3128948,18483535.19967312,522.9,1.9533710373586672e-08,542.0,BID
866,1712185394.875997,18483586.44967312,522.8,-5.234765791737817e-09,542.0,ASK
867,1712185396.989376,18483612.07467312,522.8,-2.6173828958689087e-09,542.0,ASK
868,1712185398.8728166,18483624.88717312,522.8,-1.3086914479344543e-09,542.0,ASK
869,1712185410.4779148,18483624.88717312,522.8,-0.0,542.0,ASK
870,1712185414.852956,18484454.44367312,522.9,8.473109924745577e-08,542.0,BID
871,1712185414.8602564,18485150.11077312,522.9,7.105560392023335e-08,542.0,BID
872,1712185433.6129594,18485240.72997312,522.9,-9.255866753888406e-09,542.0,ASK
873,1712185433.61953,18485302.47287312,522.9,-6.3064345683081985e-09,542.0,ASK
874,1712185440.3171086,18485302.47287312,522.9,-0.0,542.0,ASK
875,1712185470.3324444,18485302.47287312,522.9,-0.0,542.0,ASK
876,1712185473.112916,18485312.03310256,523.0,9.763966371003812e-10,542.0,BID
877,1712185477.2029858,18485328.15166729,522.9,-1.646206557685679e-09,542.0,ASK
878,1712185500.474368,18485328.15166729,522.9,-0.0,542.0,ASK
879,1712185503.632728,18486643.32396848,523.0,1.343730918151752e-07,542.0,BID
880,1712185507.7730634,18489046.11989416,523.1,2.454972000566075e-07,542.0,BID
881,1712185518.9129648,18490466.68470256,523.1,1.451411995640053e-07,542.0,BID
882,1712185518.9186928,18490849.02077597,523.1,3.906383996225159e-08,542.0,BID
883,1712185520.0529766,18496865.80596135,523.2,6.147438076477253e-07,542.0,BID
884,1712185526.5929186,18518377.32466682,523.2,2.197863561659792e-06,542.0,BID
1085,1712185526.9144318,18518392.14598134,523.1,-1.5143155426593902e-09,542.0,ASK
885,1712185526.9144318,18518392.14598134,523.1,-1.51431554265939e-09,542.0,ASK
886,1712185527.113014,18520020.51435264,523.1,-1.6637279576743374e-07,542.0,ASK
887,1712185527.4228492,18597554.57559733,523.2,7.921769277679472e-06,542.0,BID
888,1712185527.522821,18599331.75885741,523.3,1.815774322213453e-07,542.0,BID
889,1712185527.623207,18600832.15446142,523.3,1.532976295760681e-07,542.0,BID
890,1712185530.484492,18600832.15446142,523.3,0.0,542.0,BID
891,1712185533.7829225,18603436.69718796,523.4,2.644769965048079e-07,542.0,BID
1092,1712185546.3232057,18603470.93633546,523.4,-3.4767972132703032e-09,542.0,ASK
892,1712185546.3232057,18603470.93633546,523.4,-3.476797213270303e-09,542.0,ASK
893,1712185560.3251674,18603470.93633546,523.4,-0.0,542.0,ASK
894,1712185577.273576,18603488.64997389,523.6,1.7984703794421e-09,542.0,BID
895,1712185577.2808492,18603506.36361232,523.6,1.79847037906387e-09,542.0,BID
1095,1712185577.2808492,18603506.36361232,523.6,1.7984703790638701e-09,542.0,BID
896,1712185577.374012,18604425.86376097,523.6,-9.335709247753582e-08,542.0,ASK
897,1712185577.3810458,18604435.86376097,523.4,-1.0153026360525923e-09,542.0,ASK
898,1712185577.3858888,18604865.84861653,523.4,4.365647573114649e-08,542.0,BID
899,1712185577.389048,18605283.5468724,523.4,4.2409014025988e-08,542.0,BID
900,1712185577.3922317,18605557.4691836,523.5,2.7811404463669604e-08,542.0,BID
901,1712185581.963492,18611614.43030984,523.2,-6.149648597937629e-07,542.0,ASK
902,1712185590.3310738,18611614.43030984,523.2,-0.0,542.0,ASK
903,1712185605.363383,18612359.50571864,523.5,7.561498767793707e-08,542.0,BID
904,1712185609.5239646,18612743.95394798,523.3,-3.9016249604901975e-08,542.0,ASK
905,1712185620.491393,18612743.95394798,523.3,-0.0,542.0,ASK
906,1712185650.477064,18612743.95394798,523.3,-0.0,542.0,ASK
907,1712185669.0434213,18613225.35183199,523.5,4.885238548343199e-08,542.0,BID
908,1712185680.3404815,18613225.35183199,523.5,0.0,542.0,BID
909,1712185688.93338,18613244.40307984,524.9,1.9332762638325462e-09,542.0,BID
910,1712185710.3234637,18613244.40307984,524.9,0.0,542.0,BID
911,1712185723.9535298,18614103.91876936,524.9,8.722156195655037e-08,542.0,BID
912,1712185723.959454,18617179.45014712,524.9,3.120974449749057e-07,542.0,BID
913,1712185724.093771,18620139.18551412,524.9,-3.0034674740198057e-07,542.0,ASK
914,1712185724.100133,18620139.18551458,524.9,-4.6876141616083415e-17,542.0,ASK
1114,1712185724.100133,18620139.18551458,524.9,-4.687614161608342e-17,542.0,ASK
915,1712185725.1832995,18620329.69799314,524.4,1.9332743025956626e-08,542.0,BID
916,1712185730.8441863,18626906.62767059,525.0,6.674108295416891e-07,542.0,BID
917,1712185730.8499746,18627995.20855405,525.0,1.1046654078508681e-07,542.0,BID
918,1712185733.5534582,18628204.20855405,525.0,-2.1208811742733e-08,542.0,ASK
919,1712185733.7536106,18682336.4698453,525.0,-5.493210234136303e-06,542.0,ASK
920,1712185733.7932808,18684516.4698453,524.4,-2.2122109856056426e-07,542.0,ASK
921,1712185735.2735915,18684725.4698453,523.5,-2.1208811742733e-08,542.0,ASK
922,1712185740.4686065,18684725.4698453,523.5,-0.0,542.0,ASK
923,1712185744.823562,18684735.5698453,523.5,-1.0210353771533447e-09,542.0,ASK
924,1712185770.463488,18684735.5698453,523.5,-0.0,542.0,ASK
925,1712185800.355095,18684735.5698453,523.5,-0.0,542.0,ASK
926,1712185811.0938206,18684880.64241979,523.5,-1.4674154135700661e-08,542.0,ASK
927,1712185811.1016054,18685835.5698453,523.6,-9.659132527105533e-08,542.0,ASK
928,1712185829.4434874,18686645.60710844,523.5,-8.193562220056164e-08,542.0,ASK
929,1712185829.450933,18693635.41726561,523.5,-7.070223437268936e-07,542.0,ASK
930,1712185830.328609,18693635.41726561,523.5,-0.0,542.0,ASK
931,1712185832.5137093,18715298.90223737,523.5,-2.190238738029971e-06,542.0,ASK
932,1712185833.1733446,18715489.88772247,523.5,1.9309165095601853e-08,542.0,BID
933,1712185860.4841316,18715489.88772247,523.5,0.0,542.0,BID
934,1712185889.3235872,18716444.9975601,523.5,9.645270117515148e-08,542.0,BID
935,1712185890.4732096,18716444.9975601,523.5,0.0,542.0,BID
936,1712185920.318561,18716444.9975601,523.5,0.0,542.0,BID
937,1712185923.2041469,18718574.9975601,525.9,2.150892729179581e-07,542.0,BID
938,1712185923.210874,18719044.29507386,525.6,4.73900755948256e-08,542.0,BID
939,1712185923.217221,18719234.40914231,526.0,1.919788580041005e-08,542.0,BID
940,1712185923.221756,18721344.40914231,525.5,2.1306965533187405e-07,542.0,BID
941,1712185923.2250433,18721419.91289576,526.2,7.624435414125506e-09,542.0,BID
942,1712185923.228351,18721801.301149,526.4,3.851292116827357e-08,542.0,BID
943,1712185923.231686,18731077.29161724,527.0,9.366976739004342e-07,542.0,BID
944,1712185923.2350187,18731180.93377265,526.2,1.046587598616974e-08,542.0,BID
1144,1712185923.2350187,18731180.93377265,526.2,1.0465875986169741e-08,542.0,BID
945,1712185923.2383654,18731281.81690924,527.4,1.018726783973159e-08,542.0,BID
946,1712185923.2417026,18731685.21470924,525.6,4.073546455360901e-08,542.0,BID
947,1712185923.2450464,18731741.8207009,527.4,5.716122811493529e-09,542.0,BID
948,1712185923.2483964,18734698.24919882,527.5,2.985427493201427e-07,542.0,BID
949,1712185923.2517622,18735672.58227694,525.5,9.83890109637212e-08,542.0,BID
950,1712185923.2551231,18735682.43561542,526.0,9.949987837919338e-10,542.0,BID
951,1712185923.258472,18736303.36236748,528.0,6.270172940658911e-08,542.0,BID
952,1712185923.261844,18737303.36236748,527.0,1.0098087930420568e-07,542.0,BID
953,1712185923.2652676,18737336.36236748,528.0,3.3323690170387872e-09,542.0,BID
1153,1712185923.2652676,18737336.36236748,528.0,3.332369017038787e-09,542.0,BID
954,1712185925.741073,18737525.86397824,527.7,1.913603928407234e-08,542.0,BID
955,1712185936.833374,18737535.61168466,525.7,-9.843319655635187e-10,542.0,ASK
956,1712185938.9736724,18737545.28176429,527.4,9.76493143965785e-10,542.0,BID
957,1712185941.583495,18738509.86713599,525.7,-9.74046789981577e-08,542.0,ASK
958,1712185950.3336382,18738509.86713599,525.7,-0.0,542.0,ASK
959,1712185953.2639346,18740679.86713599,525.9,2.1887167376234162e-07,542.0,BID
960,1712185953.269848,18741654.20021411,525.6,9.827369198622937e-08,542.0,BID
961,1712185953.27651,18743704.20021411,526.7,2.067681710658066e-07,542.0,BID
962,1712185953.279969,18749597.7956276,525.7,5.944428998289694e-07,542.0,BID
963,1712185953.2834263,18751727.7956276,526.3,2.148371728634967e-07,542.0,BID
964,1712185953.4033968,18757470.8075986,527.4,-5.792546739766113e-07,542.0,ASK
965,1712185953.4109263,18757470.80759863,527.4,-3.3816795879607152e-18,542.0,ASK
966,1712185980.483407,18757470.80759863,527.4,-0.0,542.0,ASK
967,1712186010.4534783,18757470.80759863,527.4,-0.0,542.0,ASK
968,1712186040.350006,18757470.80759863,527.4,-0.0,542.0,ASK
969,1712186070.346358,18757470.80759863,527.4,-0.0,542.0,ASK
970,1712186089.996261,18757797.81519863,527.4,3.2949640064202515e-08,542.0,BID
971,1712186090.002468,18760764.36846324,527.4,2.98913120981648e-07,542.0,BID
972,1712186100.3534684,18760764.36846324,527.4,0.0,542.0,BID
973,1712186101.493586,18761093.62220873,527.3,3.319878386877073e-08,542.0,BID
974,1712186129.1634743,18761533.72076366,527.3,4.4375309336087375e-08,542.0,BID
975,1712186130.3800776,18761533.72076366,527.3,0.0,542.0,BID
976,1712186133.5717726,18762508.05384178,526.0,-9.82383667282788e-08,542.0,ASK
977,1712186142.7735178,18762541.84327178,525.9,3.4068620786987193e-09,542.0,BID
978,1712186142.7814353,18762618.05384178,525.9,7.684027251429132e-09,542.0,BID
979,1712186160.4704747,18762618.05384178,525.9,0.0,542.0,BID
980,1712186190.499729,18762618.05384178,525.9,0.0,542.0,BID
981,1712186220.323749,18762618.05384178,525.9,0.0,542.0,BID
982,1712186241.4334052,18762629.46068588,526.0,1.1500433700442507e-09,542.0,BID
983,1712186250.3187084,18762629.46068588,526.0,0.0,542.0,BID
984,1712186266.2534904,18763484.69363593,525.3,-8.622493483858217e-08,542.0,ASK
985,1712186266.2630754,18765042.06234922,525.1,-1.5701454886077837e-07,542.0,ASK
986,1712186280.4581592,18765042.06234922,525.1,-0.0,542.0,ASK
987,1712186282.0737183,18765782.13745615,525.1,-7.460514389450022e-08,542.0,ASK
988,1712186282.081822,18766734.33703718,525.1,-9.598888828158197e-08,542.0,ASK
989,1712186293.5139146,18766829.90278641,525.0,-9.633747177897065e-09,542.0,ASK
990,1712186293.5216055,18767077.72700866,524.6,-2.49825478363337e-08,542.0,ASK
991,1712186310.4933646,18767077.72700866,524.6,-0.0,542.0,ASK
992,1712186314.4633367,18767408.95850866,524.4,-3.3387032328063394e-08,542.0,ASK
993,1712186314.9686103,18767689.90076282,524.4,-2.8318043790980945e-08,542.0,ASK
994,1712186314.9722264,18767740.05751606,524.4,-5.055633724338073e-09,542.0,ASK
995,1712186340.3542168,18767740.05751606,524.4,-0.0,542.0,ASK
996,1712186364.2538998,18767768.36150109,524.5,-2.852847573478076e-09,542.0,ASK
997,1712186364.2585423,18772043.52428412,524.4,-4.309070881396392e-07,542.0,ASK
998,1712186364.2646642,18772065.49359606,524.5,-2.214355970976825e-09,542.0,ASK
999,1712186370.3365538,18772065.49359606,524.5,-0.0,542.0,ASK
1000,1712186400.4256454,18772065.49359606,524.5,-0.0,542.0,ASK
1201,1712186430.3361983,18772065.49359606,524.5,-0.0,542.0,ASK
1202,1712186460.481216,18772065.49359606,524.5,-0.0,542.0,ASK
1203,1712186466.984875,18772087.4629003,524.5,2.21447866817747e-09,542.0,BID
1204,1712186473.105082,18777416.36375016,524.5,5.371466081614082e-07,542.0,BID
1205,1712186480.09525,18777607.02151946,524.5,1.92180670994894e-08,542.0,BID
1206,1712186482.09529,18780304.17507522,524.5,2.718697391800919e-07,542.0,BID
1207,1712186482.0979948,18780454.01446918,524.5,1.5103625400696682e-08,542.0,BID
1208,1712186490.4851556,18780454.01446918,524.5,0.0,542.0,BID
1209,1712186494.075594,18780468.1664617,525.6,1.425870962043056e-09,542.0,BID
1210,1712186494.0852587,18780482.31845421,525.6,1.425870961292379e-09,542.0,BID
1211,1712186494.645537,18780682.31845421,525.6,-2.0150815656292367e-08,542.0,ASK
1212,1712186504.4559553,18780970.7715199,526.0,2.9062822761022968e-08,542.0,BID
1213,1712186504.4580293,18781240.9390399,526.0,2.7220479459342624e-08,542.0,BID
1214,1712186520.3489633,18781240.9390399,526.0,0.0,542.0,BID
1215,1712186550.3518443,18781240.9390399,526.0,0.0,542.0,BID
1216,1712186580.5111644,18781240.9390399,526.0,0.0,542.0,BID
1217,1712186589.3380442,18781252.66065953,526.0,-1.180951741649016e-09,542.0,ASK
1218,1712186589.3410535,18782536.65766914,526.0,-1.293625414272753e-07,542.0,ASK
1219,1712186589.3424642,18782706.56131264,526.0,-1.7117771269277612e-08,542.0,ASK
1220,1712186589.346988,18787659.54990579,526.0,-4.990129940141734e-07,542.0,ASK
1221,1712186589.4271853,18788572.79843217,525.6,-9.20096771593177e-08,542.0,ASK
1222,1712186610.4776995,18788572.79843217,525.6,-0.0,542.0,ASK
1223,1712186616.177987,18789547.13149029,525.6,9.812581312829009e-08,542.0,BID
1224,1712186616.1952,18790333.45465249,525.6,7.919119548429003e-08,542.0,BID
1225,1712186640.338198,18790333.45465249,525.6,0.0,542.0,BID
1226,1712186647.3290384,18791307.78773061,525.5,9.81166708831842e-08,542.0,BID
1227,1712186647.33183,18791364.19000256,525.6,5.679785771532267e-09,542.0,BID
1228,1712186654.0985096,18794228.24536785,525.6,2.884142845777107e-07,542.0,BID
1229,1712186670.3496158,18794228.24536785,525.6,0.0,542.0,BID
1230,1712186681.2960725,18794287.14338199,524.7,-5.9298880523761275e-09,542.0,ASK
1231,1712186700.4892995,18794287.14338199,524.7,-0.0,542.0,ASK
1232,1712186715.229519,18794394.75615669,524.7,-1.0843945506338022e-08,542.0,ASK
1233,1712186730.4897823,18794394.75615669,524.7,-0.0,542.0,ASK
1234,1712186760.3617806,18794394.75615669,524.7,-0.0,542.0,ASK
1235,1712186771.7213378,18794470.99019518,524.7,-7.681923059860436e-09,542.0,ASK
1236,1712186784.2001371,18794509.04194556,525.6,3.834384541383529e-09,542.0,BID
1237,1712186790.3502338,18794509.04194556,525.6,0.0,542.0,BID
1238,1712186820.510816,18794509.04194556,525.6,0.0,542.0,BID
1239,1712186850.4946492,18794509.04194556,525.6,0.0,542.0,BID
1240,1712186880.3571098,18794509.04194556,525.6,0.0,542.0,BID
1241,1712186907.1185927,18794664.97153642,525.5,1.5712559655549716e-08,542.0,BID
1242,1712186910.337604,18794664.97153642,525.5,0.0,542.0,BID
1243,1712186940.3776066,18794664.97153642,525.5,0.0,542.0,BID
1244,1712186970.3781502,18794664.97153642,525.5,0.0,542.0,BID
1245,1712187000.4333415,18794664.97153642,525.5,0.0,542.0,BID
1246,1712187007.6331174,18794889.95536134,525.5,2.2739665891016443e-08,542.0,BID
1247,1712187030.3683138,18794889.95536134,525.5,0.0,542.0,BID
1248,1712187060.4720356,18794889.95536134,525.5,0.0,542.0,BID
1249,1712187060.5586658,18794899.47201214,525.5,9.6185969686758e-10,542.0,BID
1250,1712187062.7235253,18794908.98866294,525.5,9.6185969686758e-10,542.0,BID
1251,1712187064.813809,18794918.50531374,525.5,9.6185969686758e-10,542.0,BID
1252,1712187077.614056,18796411.99151739,525.5,1.5094850251010005e-07,542.0,BID
1253,1712187077.617033,18797233.78864534,525.6,8.30600547413211e-08,542.0,BID
1254,1712187077.6241124,18797615.17689858,526.6,3.8547383672523296e-08,542.0,BID
1255,1712187077.6263208,18800905.93533843,526.5,3.326010360211045e-07,542.0,BID
1256,1712187077.628576,18801684.04395936,525.5,7.864440316385445e-08,542.0,BID
1257,1712187077.6308117,18804412.8807269,527.0,2.758069158237681e-07,542.0,BID
1258,1712187090.503799,18804412.8807269,527.0,0.0,542.0,BID
1259,1712187090.8436933,18804874.541737,527.0,4.6637025009414726e-08,542.0,BID
1260,1712187102.0640426,18804893.50758614,527.0,1.915931302962933e-09,542.0,BID
1261,1712187115.8142858,18805795.16871003,527.0,9.10858648766016e-08,542.0,BID
1262,1712187120.4198046,18805795.16871003,527.0,0.0,542.0,BID
1263,1712187140.3243763,18806295.16871003,526.9,5.050631549863095e-08,542.0,BID
1264,1712187140.327333,18806537.91354736,526.9,2.452029467958359e-08,542.0,BID
1265,1712187140.4041028,18811487.76833052,526.9,-4.999978547012465e-07,542.0,ASK
1266,1712187150.3301315,18811487.76833052,526.9,-0.0,542.0,ASK
1267,1712187150.4145367,18817328.41225224,526.9,5.898001113831869e-07,542.0,BID
1268,1712187177.444656,18818266.11197605,527.0,9.469082672378784e-08,542.0,BID
1269,1712187177.4543438,18819432.73673041,527.0,1.17808142267667e-07,542.0,BID
1270,1712187180.5003214,18819432.73673041,527.0,0.0,542.0,BID
1271,1712187204.2747471,18819812.09940112,527.0,3.829262634208355e-08,542.0,BID
1272,1712187210.4751709,18819812.09940112,527.0,0.0,542.0,BID
1273,1712187240.3493435,18819812.09940112,527.0,0.0,542.0,BID
1274,1712187265.2156813,18823219.1005692,527.0,3.4389358793285573e-07,542.0,BID
1275,1712187265.2187312,18823423.65862361,527.0,2.0647543044795057e-08,542.0,BID
1276,1712187265.3352854,18825489.47762488,527.0,-2.08518246199061e-07,542.0,ASK
1277,1712187265.4352803,18826123.90799013,527.0,-6.403770466667085e-08,542.0,ASK
1278,1712187270.3613954,18826123.90799013,527.0,-0.0,542.0,ASK
1279,1712187270.3722486,18826153.04915799,527.0,-2.9404443083012343e-09,542.0,ASK
1280,1712187270.4477143,18827398.43905861,527.0,-1.2566413476968268e-07,542.0,ASK
1281,1712187300.4755604,18827398.43905861,527.0,-0.0,542.0,ASK
1282,1712187328.3860226,18828347.20566202,527.0,9.582323105880929e-08,542.0,BID
1283,1712187330.4863129,18828347.20566202,527.0,0.0,542.0,BID
1284,1712187345.6063066,18828608.68782416,526.9,2.64077596239633e-08,542.0,BID
1285,1712187347.4563282,18828646.64569092,526.9,3.833463105399331e-09,542.0,BID
1286,1712187358.9964397,18830245.09900041,526.9,1.6143193257070208e-07,542.0,BID
1287,1712187360.3526726,18830245.09900041,526.9,0.0,542.0,BID
1288,1712187360.376815,18830377.95153407,526.9,-1.3415765975440624e-08,542.0,ASK
1289,1712187361.456462,18832275.84487246,526.9,-1.916537996873081e-07,542.0,ASK
1290,1712187362.9866457,18832442.4323677,526.9,-1.6822402923063325e-08,542.0,ASK
1291,1712187383.596696,18834173.73821085,526.9,1.7483139676424473e-07,542.0,BID
1292,1712187387.288597,18834296.94068006,526.9,-1.2441279432064786e-08,542.0,ASK
1293,1712187390.342505,18834296.94068006,526.9,-0.0,542.0,ASK
1294,1712187399.81672,18834307.19671431,525.9,-1.035455587738641e-09,542.0,ASK
1295,1712187405.206756,18835507.18138408,526.8,1.211511975355857e-07,542.0,BID
1296,1712187420.4766884,18835507.18138408,526.8,0.0,542.0,BID
1297,1712187421.2270527,18837405.07472247,526.8,1.916001574438998e-07,542.0,BID
1298,1712187421.230252,18838102.98339109,526.8,7.045675754516655e-08,542.0,BID
1299,1712187421.3121908,18839303.68859709,526.8,-1.2121614100209336e-07,542.0,ASK
1300,1712187421.3138256,18839303.68859744,526.8,-3.53518409952498e-17,542.0,ASK
1301,1712187429.4369931,18839398.85278618,526.2,-9.607217211093198e-09,542.0,ASK
1302,1712187436.3770802,18839493.76546651,526.8,9.581826400418334e-09,542.0,BID
1303,1712187449.307073,18839588.67814684,526.8,9.581826400042253e-09,542.0,BID
1304,1712187450.4769893,18839588.67814684,526.8,0.0,542.0,BID
1305,1712187464.0176923,18840563.01122496,526.1,-9.834159544402181e-08,542.0,ASK
1306,1712187464.020919,18842329.93211096,526.1,-1.7833923824914525e-07,542.0,ASK
1307,1712187480.3432286,18842329.93211096,526.1,-0.0,542.0,ASK
1308,1712187510.3493965,18842329.93211096,526.1,-0.0,542.0,ASK
1309,1712187529.7574987,18846265.34918352,526.1,-3.971525507227126e-07,542.0,ASK
1310,1712187531.7879796,18846274.37865508,526.1,9.112319218363255e-10,542.0,BID
1311,1712187532.8760924,18846293.55665508,526.3,-1.935396293984917e-09,542.0,ASK
1312,1712187538.1577733,18847216.63644015,525.9,-9.315492726758344e-08,542.0,ASK
1313,1712187538.159377,18847216.63646029,526.3,-2.032369896906256e-15,542.0,ASK
1314,1712187540.516574,18847216.63646029,526.3,-0.0,542.0,ASK
1315,1712187552.057717,18847238.53066029,526.3,-2.2089354110819382e-09,542.0,ASK
1316,1712187560.0678449,18847238.53071736,526.3,-5.758015413096769e-15,542.0,ASK
1317,1712187570.487839,18847238.53071736,526.3,-0.0,542.0,ASK
1318,1712187600.3928118,18847238.53071736,526.3,-0.0,542.0,ASK
1319,1712187609.2839622,18851040.81208536,526.0,-3.840942564944849e-07,542.0,ASK
1320,1712187609.3215296,18851040.81208618,526.0,-8.278971048287887e-17,542.0,ASK
1321,1712187609.5188084,18851135.88719551,525.9,-9.604182303874284e-09,542.0,ASK
1322,1712187609.5225492,18854230.55694987,525.8,-3.12613603086007e-07,542.0,ASK
1323,1712187609.5334208,18856717.27189618,525.9,-2.511999602280336e-07,542.0,ASK
1324,1712187622.2393358,18857903.93534836,525.8,-1.1987293213256544e-07,542.0,ASK
1325,1712187622.242745,18858451.52195818,525.8,-5.5315441286005136e-08,542.0,ASK
1326,1712187630.340611,18858451.52195818,525.8,-0.0,542.0,ASK
1327,1712187660.488068,18858451.52195818,525.8,-0.0,542.0,ASK
1328,1712187686.1387875,18862510.62903311,525.8,-4.097938601871553e-07,542.0,ASK
1329,1712187686.1456563,18862510.62903318,525.8,-7.14576388533827e-18,542.0,ASK
1330,1712187686.1478505,18869570.24049773,525.7,-7.127147375209267e-07,542.0,ASK
1331,1712187686.1493385,18873646.40634025,525.8,-4.115160562491081e-07,542.0,ASK
1332,1712187689.548067,18874196.65934212,525.7,-5.555170079387465e-08,542.0,ASK
1333,1712187689.5508072,18874246.81817225,525.7,-5.063867555458119e-09,542.0,ASK
1334,1712187690.4839892,18874246.81817225,525.7,-0.0,542.0,ASK
1335,1712187719.6184351,18874246.81817261,525.7,-3.645044561036522e-17,542.0,ASK
1336,1712187719.6219225,18876056.52321507,525.3,-1.825487160884026e-07,542.0,ASK
1337,1712187719.625461,18876246.81817225,525.5,-1.9195448593117813e-08,542.0,ASK
1338,1712187720.3144753,18876246.81817225,525.5,-0.0,542.0,ASK
1339,1712187750.3323443,18876246.81817225,525.5,-0.0,542.0,ASK
1340,1712187774.368215,18876275.05776485,525.5,2.848284649247145e-09,542.0,BID
1341,1712187780.5002844,18876275.05776485,525.5,0.0,542.0,BID
1342,1712187781.7112403,18877226.65357836,525.5,9.597913572500401e-08,542.0,BID
1343,1712187788.1685982,18878083.04216066,525.5,8.637641612866276e-08,542.0,BID
1344,1712187801.8985384,18878716.11784452,525.5,6.385279981546569e-08,542.0,BID
1345,1712187810.5087042,18878716.11784452,525.5,0.0,542.0,BID
1346,1712187838.7889109,18878729.49747857,525.5,-1.3493119320064871e-09,542.0,ASK
1347,1712187840.3388224,18878729.49747857,525.5,-0.0,542.0,ASK
1348,1712187870.3545623,18878729.49747857,525.5,-0.0,542.0,ASK
1349,1712187885.2613642,18878817.06114257,526.2,8.830631122348931e-09,542.0,BID
1350,1712187900.3843625,18878817.06114257,526.2,0.0,542.0,BID
1351,1712187930.3494792,18878817.06114257,526.2,0.0,542.0,BID
1352,1712187957.3394794,18879092.80951472,525.5,-2.7867183595665666e-08,542.0,ASK
1353,1712187957.343125,18879217.06114257,525.5,-1.2556893440242637e-08,542.0,ASK
1354,1712187960.4894266,18879217.06114257,525.5,-0.0,542.0,ASK
1355,1712187990.479767,18879217.06114257,525.5,-0.0,542.0,ASK
1356,1712187996.1297326,18879277.06114257,526.1,6.0634827497166645e-09,542.0,BID
1357,1712188014.7497816,18879467.06114257,526.0,1.92010287074361e-08,542.0,BID
1358,1712188014.7534273,18879579.33352424,526.0,1.1346027491795822e-08,542.0,BID
1359,1712188015.9697464,18881194.20406718,525.5,-1.6319566133605597e-07,542.0,ASK
1360,1712188018.0197172,18881546.37589001,525.5,3.558979621082772e-08,542.0,BID
1361,1712188020.3899524,18881546.37589001,525.5,0.0,542.0,BID
1362,1712188048.7750804,18881579.33352424,525.5,3.330222096899793e-09,542.0,BID
1363,1712188048.7767336,18886315.36959983,525.5,4.785553441415148e-07,542.0,BID
1364,1712188050.3551977,18886315.36959983,525.5,0.0,542.0,BID
1365,1712188067.670451,18886599.37150059,526.0,2.8689861549425208e-08,542.0,BID
1366,1712188067.6803362,18893241.29066971,526.0,6.709664297159593e-07,542.0,BID
1367,1712188080.4901052,18893241.29066971,526.0,0.0,542.0,BID
1368,1712188100.1899755,18894332.52173946,526.2,1.101955683694672e-07,542.0,BID
1369,1712188100.3298533,18895958.17813946,526.2,-1.641633343634489e-07,542.0,ASK
1370,1712188102.4403305,18896368.1785796,525.7,-4.140299225826693e-08,542.0,ASK
1371,1712188102.4442987,18896368.17858021,526.2,-6.16951999243585e-17,542.0,ASK
1372,1712188102.4480717,18897342.51165833,525.8,-9.839088191384285e-08,542.0,ASK
1373,1712188102.450735,18897881.62495615,525.6,-5.444117008359567e-08,542.0,ASK
1374,1712188107.9804826,18897973.21910397,526.3,9.249433468428514e-09,542.0,BID
1375,1712188110.5004632,18897973.21910397,526.3,0.0,542.0,BID
1376,1712188132.2798772,18898543.97115906,526.3,5.762165719835508e-08,542.0,BID
1377,1712188140.3586285,18898543.97115906,526.3,0.0,542.0,BID
1378,1712188148.5802078,18898771.0702259,526.3,2.2926641490686923e-08,542.0,BID
1379,1712188170.3604589,18898771.0702259,526.3,0.0,542.0,BID
1380,1712188200.3505516,18898771.0702259,526.3,0.0,542.0,BID
1381,1712188225.3707163,18899025.99872335,526.3,2.5824227904333856e-08,542.0,BID
1382,1712188225.3738887,18899744.40457335,526.3,7.277443119789453e-08,542.0,BID
1383,1712188230.3517227,18899744.40457335,526.3,0.0,542.0,BID
1384,1712188260.5122204,18899744.40457335,526.3,0.0,542.0,BID
1385,1712188290.5011468,18899744.40457335,526.3,0.0,542.0,BID
1386,1712188291.6607893,18900481.26599237,526.3,7.464010498833774e-08,542.0,BID
1387,1712188291.664349,18900563.48012012,526.3,8.327849672059381e-09,542.0,BID
1388,1712188293.1406531,18903010.65668384,526.3,2.478858451898341e-07,542.0,BID
1389,1712188320.3712072,18903010.65668384,526.3,0.0,542.0,BID
1390,1712188350.356367,18903010.65668384,526.3,0.0,542.0,BID
1391,1712188357.2659717,18903024.84440947,526.3,1.4368902184798794e-09,542.0,BID
1392,1712188361.52177,18905490.26822095,525.8,-2.4969071517131464e-07,542.0,ASK
1393,1712188361.5256383,18905741.73187983,525.8,-2.5467483737715283e-08,542.0,ASK
1394,1712188364.597289,18910958.63678546,525.8,-5.283524523456774e-07,542.0,ASK
1395,1712188376.8616445,18911596.56848755,526.1,6.460780584017817e-08,542.0,BID
1396,1712188377.1848314,18924174.95497591,526.1,-1.2739011862198968e-06,542.0,ASK
1397,1712188377.192445,18924412.17789105,525.8,-2.4025224004195173e-08,542.0,ASK
1398,1712188377.195483,18924777.61925832,525.7,-3.701080354724474e-08,542.0,ASK
1399,1712188380.5063329,18924777.61925832,525.7,-0.0,542.0,ASK
1400,1712188386.3519478,18928580.16919126,525.7,-3.846648039408771e-07,542.0,ASK
1401,1712188386.356495,18929328.47092842,525.7,-7.569797795940247e-08,542.0,ASK
1402,1712188387.371447,18929994.52416395,525.7,6.737774435001358e-08,542.0,BID
1403,1712188410.5015488,18929994.52416395,525.7,0.0,542.0,BID
1404,1712188418.2276554,18930316.60772097,526.1,-3.2572838665051364e-08,542.0,ASK
1405,1712188440.355286,18930316.60772097,526.1,-0.0,542.0,ASK
1406,1712188464.5016794,18941689.50723553,526.1,-1.1501402815314322e-06,542.0,ASK
1407,1712188470.3372948,18941689.50723553,526.1,-0.0,542.0,ASK
1408,1712188477.3313682,18941699.50723553,526.2,1.0106875242357755e-09,542.0,BID
1409,1712188479.8212306,18942541.57855537,526.1,-8.51070977479899e-08,542.0,ASK
1410,1712188479.8244762,18944632.43580684,526.1,-2.1132033390176685e-07,542.0,ASK
1411,1712188479.827642,18945791.33527472,526.2,-1.1712852340278181e-07,542.0,ASK
1412,1712188488.0110888,18947979.79564347,526.1,2.2118495919825562e-07,542.0,BID
1413,1712188500.50273,18947979.79564347,526.1,0.0,542.0,BID
1414,1712188501.1705728,18948179.79564347,526.1,2.026234718035077e-08,542.0,BID
1415,1712188517.0699787,18948279.79564347,526.0,1.0131173590175381e-08,542.0,BID
1416,1712188521.9541347,18948298.82151866,525.6,-1.927544442387953e-09,542.0,ASK
1417,1712188521.956031,18950758.6754201,525.6,-2.4921206881980484e-07,542.0,ASK
1418,1712188528.0398018,18951168.67586024,525.5,-4.153785631099797e-08,542.0,ASK
1419,1712188530.4921114,18951168.67586024,525.5,-0.0,542.0,ASK
1420,1712188531.379485,18951268.67586024,525.6,1.0129453445466833e-08,542.0,BID
1421,1712188532.7845118,18951367.58782858,525.5,-1.0019241784917661e-08,542.0,ASK
1422,1712188534.449493,18951391.00703232,525.5,-2.3722373401031563e-09,542.0,ASK
1423,1712188541.449322,18951491.00703232,525.6,1.0129453445466833e-08,542.0,BID
1424,1712188549.6279356,18952395.72691646,525.6,9.164317947569633e-08,542.0,BID
1425,1712188549.6325817,18952713.15387584,525.6,3.2153616073809413e-08,542.0,BID
1426,1712188560.364311,18952713.15387584,525.6,0.0,542.0,BID
1427,1712188565.9188168,18952987.0570187,525.5,-2.7742610139192402e-08,542.0,ASK
1428,1712188590.33361,18952987.0570187,525.5,-0.0,542.0,ASK
1429,1712188620.4858522,18952987.0570187,525.5,-0.0,542.0,ASK
1430,1712188650.4965885,18952987.0570187,525.5,-0.0,542.0,ASK
1431,1712188655.8663592,18955819.1092137,525.5,-2.8684364007385245e-07,542.0,ASK
1432,1712188666.8063407,18957799.10921327,525.0,-2.0054376406851826e-07,542.0,ASK
1433,1712188666.808728,18957799.1092137,525.5,-4.339122725720205e-17,542.0,ASK
1434,1712188666.810563,18957819.1092137,525.0,-2.0256945869889846e-09,542.0,ASK
1435,1712188672.0262742,18959513.0042407,524.9,-1.715656993561193e-07,542.0,ASK
1436,1712188672.1464615,18959513.00424132,524.9,-6.301160827784994e-17,542.0,ASK
1437,1712188672.1503725,18960084.65058278,524.8,-5.789904497817262e-08,542.0,ASK
1438,1712188672.153575,18960187.5469227,524.8,-1.0421827939787193e-08,542.0,ASK
1439,1712188672.326575,18960378.13201792,524.6,-1.9303359787704562e-08,542.0,ASK
1440,1712188672.3304243,18960568.71711416,524.7,-1.930335989071156e-08,542.0,ASK
1441,1712188672.3336308,18960568.7171157,524.8,-1.5583110310629954e-16,542.0,ASK
1442,1712188680.3231337,18960568.7171157,524.8,-0.0,542.0,ASK
1443,1712188681.119393,18960949.74207283,524.9,3.8576453705663694e-08,542.0,BID
1444,1712188681.1432135,18960949.74207385,524.6,-1.029654795345483e-16,542.0,ASK
1445,1712188681.2760434,18961140.32717009,524.4,-1.929557894958128e-08,542.0,ASK
1446,1712188681.2800753,18961617.06248585,524.4,-4.826654394718272e-08,542.0,ASK
1447,1712188688.415637,18961617.06248664,524.4,-7.995854088397156e-17,542.0,ASK
1448,1712188693.590638,18961861.40192917,523.8,-2.4737878757700257e-08,542.0,ASK
1449,1712188699.5054505,18964082.4862971,523.8,2.248712497493109e-07,542.0,BID
1450,1712188699.5079978,18965785.1673471,523.8,1.723860746426288e-07,542.0,BID
1451,1712188708.3154829,18966166.19230423,523.9,-3.8576453705663694e-08,542.0,ASK
1452,1712188708.3198495,18966689.88723046,523.8,-5.30209181824344e-08,542.0,ASK
1453,1712188710.3453,18966689.88723046,523.8,-0.0,542.0,ASK
1454,1712188723.3256507,18968849.88723046,526.5,2.186158449394188e-07,542.0,BID
1455,1712188723.3301606,18969838.02444945,525.0,1.000103949284547e-07,542.0,BID
1456,1712188723.3344884,18970312.95737394,526.0,4.806845489676981e-08,542.0,BID
1457,1712188723.3388298,18970955.93207712,526.8,6.50761379679182e-08,542.0,BID
1458,1712188723.341859,18972854.54608889,526.7,1.921606974058037e-07,542.0,BID
1459,1712188723.34383,18975004.54608889,526.2,2.176037345461809e-07,542.0,BID
1460,1712188723.3458126,18976903.16010066,526.7,1.921606974061808e-07,542.0,BID
1461,1712188740.504804,18976903.16010066,526.7,0.0,542.0,BID
1462,1712188747.8568785,18977877.49316878,526.4,9.855963637264217e-08,542.0,BID
1463,1712188747.8612592,18978070.54336183,526.5,1.952818543427673e-08,542.0,BID
1464,1712188748.2048464,18978150.05026183,526.7,-8.042600019743646e-09,542.0,ASK
1465,1712188748.2847064,18978719.86829189,526.0,-5.7640512961067706e-08,542.0,ASK
1466,1712188748.2890923,18978719.86839083,526.7,-1.0008373180628423e-14,542.0,ASK
1467,1712188748.404443,18978799.37529083,526.0,-8.042600020120481e-09,542.0,ASK
1468,1712188748.9242904,18978870.37529083,526.0,-7.182076038923584e-09,542.0,ASK
1469,1712188749.9295008,18979026.04221271,525.0,-1.574664323504265e-08,542.0,ASK
1470,1712188749.934393,18980000.37529083,525.1,-9.855963738444537e-08,542.0,ASK
1471,1712188751.3944075,18980012.75889083,526.4,-1.2526754484184748e-09,542.0,ASK
1472,1712188753.004576,18980218.51893087,526.6,2.0813862723195052e-08,542.0,BID
1473,1712188758.9646316,18980673.67366597,526.5,4.604163263325217e-08,542.0,BID
1474,1712188759.1049426,18981164.07095068,526.5,4.9606628000860575e-08,542.0,BID
1475,1712188759.109419,18981243.57785068,526.7,8.042600020120481e-09,542.0,BID
1476,1712188759.113872,18982012.15088876,526.6,7.774577466125031e-08,542.0,BID
1477,1712188759.118328,18982171.16468876,526.7,1.6085200039864126e-08,542.0,BID
1478,1712188759.120992,18982854.39969905,526.8,6.911332107569885e-08,542.0,BID
1479,1712188759.122984,18984557.08074905,526.5,1.722364052271266e-07,542.0,BID
1480,1712188770.514165,18984557.08074905,526.5,0.0,542.0,BID
1481,1712188772.3142636,18984668.22284905,526.5,-1.1238111176080246e-08,542.0,ASK
1482,1712188779.038676,18984858.15637232,526.5,-1.9205090155827825e-08,542.0,ASK
1483,1712188780.5038338,18985240.01463658,526.8,3.861152189225909e-08,542.0,BID
1484,1712188785.733947,18985943.24117274,526.9,7.11066103249584e-08,542.0,BID
1485,1712188785.7437136,18985985.58452534,526.9,4.281539615519129e-09,542.0,BID
1486,1712188786.9702258,18986933.99113384,527.0,9.589794422234134e-08,542.0,BID
1487,1712188786.97464,18987210.75625457,527.4,2.7985049737712666e-08,542.0,BID
1488,1712188786.976812,18989515.33252017,527.3,2.330267674159679e-07,542.0,BID
1489,1712188786.9788482,18991412.50573208,527.1,1.91832289258332e-07,542.0,BID
1490,1712188786.9808764,18991602.25905277,527.0,1.9186869007574817e-08,542.0,BID
1491,1712188786.9829242,18991602.78030631,527.9,5.270644738582408e-11,542.0,BID
1492,1712188786.9849482,18998657.93553464,527.0,7.133806075401327e-07,542.0,BID
1493,1712188786.9870176,19000729.57848873,527.2,2.0947376228652226e-07,542.0,BID
1494,1712188786.9890711,19003186.71650034,527.4,2.484530178006532e-07,542.0,BID
1495,1712188787.6642258,19003703.64420034,527.7,-5.226904082857019e-08,542.0,ASK
1496,1712188787.668924,19004677.97727846,527.0,-9.851949400410089e-08,542.0,ASK
1497,1712188787.6733313,19009391.35755022,526.9,-4.765925019384917e-07,542.0,ASK
1498,1712188787.6764426,19010512.12400466,527.7,-1.1332607551539205e-07,542.0,ASK
1499,1712188787.6787024,19017260.49523461,526.8,-6.823602050024229e-07,542.0,ASK
1500,1712188788.5465586,19017281.14565737,527.9,2.088063360750422e-09,542.0,BID
1501,1712188788.5487554,19019215.5089351,528.0,1.9559275531296497e-07,542.0,BID
1502,1712188788.553548,19022399.69236559,526.8,3.2196806968040584e-07,542.0,BID
1503,1712188791.8256445,19023297.21816609,526.8,-9.075314151451849e-08,542.0,ASK
1504,1712188791.8348284,19024271.55123421,526.6,-9.851949299308645e-08,542.0,ASK
1505,1712188791.83929,19025607.93916854,523.8,-1.351285982583582e-07,542.0,ASK
1506,1712188791.8413303,19027707.93916854,526.5,-2.1234107930301773e-07,542.0,ASK
1507,1712188791.843444,19028329.1461339,526.5,-6.281321785488697e-08,542.0,ASK
1508,1712188791.8455138,19028329.14615971,526.4,-2.609652772920662e-15,542.0,ASK
1509,1712188791.847649,19028558.74157319,526.5,-2.3215494238740986e-08,542.0,ASK
1510,1712188791.8497398,19030176.9173134,523.5,-1.636215157993422e-07,542.0,ASK
1511,1712188791.851868,19032256.9173134,526.2,-2.103187833096557e-07,542.0,ASK
1512,1712188791.8541708,19033785.09305361,523.5,-1.545211838288362e-07,542.0,ASK
1513,1712188791.8562782,19037612.01775361,523.8,-3.869587243853563e-07,542.0,ASK
1514,1712188791.8584218,19039679.49913608,523.7,-2.0905296580604655e-07,542.0,ASK
1515,1712188791.8605542,19040021.36922752,523.5,-3.456812580867601e-08,542.0,ASK
1516,1712188800.2351856,897.5258005,523.8,-9.075314151451189e-08,523.8,ASK
1517,1712188800.4491355,897.5258005,523.8,-0.0,523.8,ASK
1518,1712188805.735936,911.54158596,525.5,1.421201194747103e-09,525.5,BID
1519,1712188806.4939864,1885.87466408,525.4,9.879741229327861e-08,525.5,BID
1520,1712188806.4977217,5712.79936408,525.5,3.8805031450924977e-07,525.5,BID
1521,1712188806.5013914,7240.97510429,525.7,1.549570799273621e-07,525.7,BID
1522,1712188806.5051627,9400.97510429,525.8,2.1902408462334785e-07,525.8,BID
1523,1712188806.5093007,11536.95931883,525.5,2.1658888303682585e-07,525.8,BID
1524,1712188806.512932,11872.50749426,526.5,3.4024598134532515e-08,526.5,BID
1525,1712188806.5157866,14032.50749426,526.2,2.190240846233477e-07,526.5,BID
1526,1712188806.5179074,16172.50749426,526.0,2.1699608383979826e-07,526.5,BID
1527,1712188806.9002993,16940.9972487,526.2,-7.792489120770487e-08,526.5,ASK
1528,1712188807.423761,17282.86734014,526.2,-3.4665640665623205e-08,526.5,ASK
1529,1712188807.6038358,17358.10156391,526.2,-7.628753237764932e-09,526.5,ASK
1530,1712188808.543873,21036.69692833,526.5,3.730097140702687e-07,526.5,BID
1531,1712188808.5485857,22011.02999645,526.3,9.879741127927845e-08,526.5,BID
1532,1712188808.5531332,23011.02999645,526.8,1.014000391774758e-07,526.8,BID
1533,1712188808.7461843,23527.66239645,527.9,5.238654560035321e-08,527.9,BID
1534,1712188808.7485116,23879.73779645,527.9,3.570045935342562e-08,527.9,BID
1535,1712188808.7507665,24558.46514412,528.5,6.882297964456217e-08,528.5,BID
1536,1712188808.7534375,26086.64088433,527.8,1.549570799273622e-07,528.5,BID
1537,1712188808.7561166,27423.02881866,527.9,1.355097888973679e-07,528.5,BID
1538,1712188808.7587843,31543.75630343,528.0,4.178419283953793e-07,528.5,BID
1539,1712188808.8233962,31553.5604509,528.7,9.941409375597823e-10,528.7,BID
1540,1712188809.2636702,31572.83570147,529.0,1.954511162953757e-09,529.0,BID
1541,1712188809.2686124,31761.8716183,529.0,1.9168249372511885e-08,529.0,BID
1542,1712188809.2734368,31783.0432946,528.9,2.1468088062728766e-09,529.0,BID
1543,1712188809.3033812,33071.53518194,529.0,-1.3065312785613594e-07,529.0,ASK
1544,1712188809.525882,33090.43520084,529.1,1.916462656915018e-09,529.1,BID
1545,1712188809.937564,33100.10240084,529.0,-9.802544587361115e-10,529.1,ASK
1546,1712188810.0668204,33419.78156556,529.1,3.2415479826830814e-08,529.1,BID
1547,1712188810.0738585,33446.57779556,529.1,2.7171387718086446e-09,529.1,BID
1548,1712188810.0776484,33785.94146939,529.5,3.4411489821774593e-08,529.5,BID
1549,1712188810.081479,34355.55496368,529.4,5.7758830637024416e-08,529.5,BID
1550,1712188810.084018,36456.37790149,529.7,2.1302352819887386e-07,529.7,BID
1551,1712188810.0861752,36956.37790149,529.2,5.07000195887379e-08,529.7,BID
