,time,acc_trade_volume,trade_price,dev,high,ask_bid
0,1712173460.26057,402643313.95270616,76.42,0.0,82.25,ASK
1,1712173460.9623504,402643444.4328732,76.62,3.309744485294768e-09,82.25,BID
2,1712173470.4024615,402643444.4328732,76.62,0.0,82.25,BID
3,1712173477.122268,402645804.4291922,76.67,5.9861654819999e-08,82.25,BID
4,1712173478.6051853,402645869.643748,76.67,1.6541768309900327e-09,82.25,BID
5,1712173478.6422813,402645934.858304,76.67,1.6541768325019131e-09,82.25,BID
6,1712173483.1224625,402649474.8576194,76.42,-8.979260491986585e-08,82.25,ASK
7,1712173500.3124962,402649474.8576194,76.42,-0.0,82.25,ASK
8,1712173508.19268,402649721.194153,76.43,-6.253401093437495e-09,82.25,ASK
9,1712173508.194291,402649967.5306866,76.43,-6.253401093437495e-09,82.25,ASK
10,1712173523.823116,402650045.8187868,76.64,1.987390518657323e-09,82.25,BID
11,1712173526.332265,402654416.1036698,76.43,-1.109423107732389e-07,82.25,ASK
12,1712173530.2124426,402656452.82027,76.43,-5.1703276116380856e-08,82.25,ASK
13,1712173530.2133744,402658786.3885529,76.43,-5.92390346583711e-08,82.25,ASK
14,1712173530.28245,402658786.3885529,76.43,-0.0,82.25,ASK
15,1712173536.6124578,402659438.9596832,76.62,1.6565611418671385e-08,82.25,BID
16,1712173560.421981,402659438.9596832,76.62,0.0,82.25,BID
17,1712173563.1823509,402663809.2445661,76.44,1.1094016561823852e-07,82.25,BID
18,1712173563.1836493,402663809.2445662,76.44,1.5130705068625485e-18,82.25,BID
19,1712173588.8325217,402663916.9445662,76.45,-2.7339764239034726e-09,82.25,ASK
20,1712173588.842005,402666465.5295639,76.44,-6.469611233829352e-08,82.25,ASK
21,1712173590.4150224,402666465.5295639,76.44,-0.0,82.25,ASK
22,1712173597.082879,402668282.8673087,76.44,-4.613269085790711e-08,82.25,ASK
23,1712173597.1824205,402670653.6444576,76.44,6.018161985611024e-08,82.25,BID
24,1712173597.1843572,402670653.6444584,76.44,1.966964840044973e-17,82.25,BID
25,1712173602.422338,402674604.68163794,76.43,-1.0029614874595769e-07,82.25,ASK
26,1712173620.28359,402674604.68163794,76.43,-0.0,82.25,ASK
27,1712173622.8924613,402675806.26789975,76.43,-3.0501502719111554e-08,82.25,ASK
28,1712173622.8938491,402678598.6617353,76.43,-7.088314079047058e-08,82.25,ASK
29,1712173622.895229,402686729.1595424,76.44,-2.0638751361655935e-07,82.25,ASK
30,1712173627.1122775,402686807.468078,76.62,1.987812351498821e-09,82.25,BID
31,1712173650.2924955,402686807.468078,76.62,0.0,82.25,BID
32,1712173668.1736042,402707607.468078,76.62,5.279822642762414e-07,82.25,BID
33,1712173680.4120944,402707607.468078,76.62,0.0,82.25,BID
34,1712173687.9420822,402708910.2716957,76.7,3.3068720122041215e-08,82.25,BID
35,1712173690.41229,402709161.4956072,76.51,-6.376750188005358e-09,82.25,ASK
36,1712173710.4140365,402709161.4956072,76.51,-0.0,82.25,ASK
37,1712173721.9621935,402714623.7783721,76.53,-1.3864726137710733e-07,82.25,ASK
38,1712173721.9635613,402730257.772494,76.53,-3.968323433039183e-07,82.25,ASK
39,1712173730.952355,402730335.9993518,76.7,1.985605665723611e-09,82.25,BID
40,1712173736.5726423,402733837.7204223,76.54,8.888299222698271e-08,82.25,BID
41,1712173736.5746017,402740884.1377952,76.54,1.788568101135301e-07,82.25,BID
42,1712173740.2754576,402740884.1377952,76.54,0.0,82.25,BID
43,1712173757.783531,402743521.1724061,76.61,-6.693082594962549e-08,82.25,ASK
44,1712173758.19252,402746990.8523802,76.7,8.806427700756838e-08,82.25,BID
45,1712173758.2718875,402757221.45750606,76.7,2.596639605014454e-07,82.25,BID
46,1712173758.474007,402759791.8193678,76.75,6.523859857143846e-08,82.25,BID
47,1712173770.283599,402759791.8193678,76.75,0.0,82.25,BID
48,1712173771.8521812,402759956.9540393,76.75,4.1911445254572765e-09,82.25,BID
49,1712173771.8539536,402762095.0291529,76.75,5.4264690321799527e-08,82.25,BID
50,1712173771.8621452,402766458.5193678,76.75,1.1074608357805385e-07,82.25,BID
51,1712173800.3027492,402766458.5193678,76.75,0.0,82.25,BID
52,1712173804.8723052,402766480.9833935,76.61,-5.705972581931315e-10,82.25,ASK
53,1712173804.8740869,402771280.9831137,76.61,-1.2192234460204172e-07,82.25,ASK
54,1712173805.0118616,402775328.9831137,76.61,1.0282118327561173e-07,82.25,BID
55,1712173818.402455,402778242.0483095,76.53,-7.399328319936802e-08,82.25,ASK
56,1712173818.5821831,402779425.0108152,76.53,-3.0047827226457646e-08,82.25,ASK
57,1712173818.583763,402779572.91205335,76.53,-3.7567639115209875e-09,82.25,ASK
58,1712173819.1818914,402792626.0382771,76.6,3.3155580132686975e-07,82.25,BID
59,1712173830.2622414,402792626.0382771,76.6,0.0,82.25,BID
60,1712173837.7519126,402795648.65452576,76.56,-7.677202528533879e-08,82.25,ASK
61,1712173838.331889,402804424.396943,76.57,-2.2289680969233785e-07,82.25,ASK
62,1712173860.4133005,402804424.396943,76.57,-0.0,82.25,ASK
63,1712173864.6852255,402808996.3162181,76.57,1.161204135597824e-07,82.25,BID
64,1712173869.5419362,402809234.37104666,76.43,-6.046262736007052e-09,82.25,ASK
65,1712173869.7020042,402821377.37104666,76.43,3.084153715343222e-07,82.25,BID
66,1712173874.4619842,402822037.0588164,76.41,-1.6755155117522185e-08,82.25,ASK
67,1712173890.4140716,402822037.0588164,76.41,-0.0,82.25,ASK
68,1712173920.2721353,402822037.0588164,76.41,-0.0,82.25,ASK
69,1712173920.592014,402822167.60711926,76.6,3.3156325578439834e-09,82.25,BID
70,1712173942.2816432,402823475.6515928,76.6,-3.322138049724071e-08,82.25,ASK
71,1712173950.277101,402823475.6515928,76.6,-0.0,82.25,ASK
72,1712173980.4220068,402823475.6515928,76.6,-0.0,82.25,ASK
73,1712173989.7819402,402843980.6515928,76.71,5.207793116947667e-07,82.25,BID
74,1712173991.0225215,402843980.75100553,76.71,2.524852374265203e-12,82.25,BID
75,1712173991.8817472,402845318.6011948,76.75,3.3978283380541776e-08,82.25,BID
76,1712173991.8915355,402847424.0673194,76.75,5.347394289991815e-08,82.25,BID
77,1712174010.402963,402847424.0673194,76.75,0.0,82.25,BID
78,1712174040.271877,402847424.0673194,76.75,0.0,82.25,BID
79,1712174070.2868457,402847424.0673194,76.75,0.0,82.25,BID
80,1712174099.631605,402847554.6156223,76.61,-3.315468574772119e-09,82.25,ASK
81,1712174099.7418609,402856577.2657528,76.6,-2.291436373120472e-07,82.25,ASK
82,1712174100.4053285,402856577.2657528,76.6,-0.0,82.25,ASK
83,1712174110.6216874,402856653.1224099,76.49,-1.9295877066850643e-09,82.25,ASK
84,1712174130.4057388,402856653.1224099,76.49,-0.0,82.25,ASK
85,1712174160.306021,402856653.1224099,76.49,-0.0,82.25,ASK
86,1712174190.3058355,402856653.1224099,76.49,-0.0,82.25,ASK
87,1712174191.2919858,402856976.2383045,76.53,-8.219191167706758e-09,82.25,ASK
88,1712174220.3122666,402856976.2383045,76.53,-0.0,82.25,ASK
89,1712174250.3025289,402856976.2383045,76.53,-0.0,82.25,ASK
90,1712174254.323072,402859581.7620145,76.76,6.627740805966995e-08,82.25,BID
91,1712174254.3420846,402859581.7620147,76.76,6.064717582648878e-18,82.25,BID
92,1712174254.405573,402872607.6835977,76.77,3.3134387409025853e-07,82.25,BID
93,1712174254.4223394,402872607.6835986,76.77,2.4258870330595522e-17,82.25,BID
94,1712174254.6022923,402878371.5142937,76.78,1.4661611310370106e-07,82.25,BID
95,1712174254.642037,402878371.5142943,76.78,1.6677973352284418e-17,82.25,BID
96,1712174264.202608,402904665.33905584,76.64,-6.688430991709254e-07,82.25,ASK
97,1712174264.204753,402943117.01905584,76.65,-9.781057359589948e-07,82.25,ASK
98,1712174280.404771,402943117.01905584,76.65,-0.0,82.25,ASK
99,1712174288.345115,402977698.2590559,76.8,8.795045427529863e-07,82.25,BID
100,1712174297.5729656,402977828.3149799,76.89,3.307711810463117e-09,82.25,BID
101,1712174310.3628378,402982228.7678943,76.89,1.1191670189961717e-07,82.25,BID
102,1712174310.404389,402982228.7678943,76.89,0.0,82.25,BID
103,1712174318.4825308,402986366.9958058,76.89,1.0523949353680713e-07,82.25,BID
104,1712174322.6031847,403008323.1234669,76.89,-5.583674472445718e-07,82.25,ASK
105,1712174340.262807,403008323.1234669,76.89,-0.0,82.25,ASK
106,1712174343.6530836,403008323.1234672,76.89,-7.57865771649131e-18,82.25,ASK
107,1712174355.8427472,403009623.3445047,76.91,3.306430308118328e-08,82.25,BID
108,1712174365.5128555,403010923.5655423,76.91,3.306430308118328e-08,82.25,BID
109,1712174370.2830305,403010923.5655423,76.91,0.0,82.25,BID
110,1712174375.293212,403012224.12478274,76.89,-3.307273529176585e-08,82.25,ASK
111,1712174383.6828315,403013524.68402326,76.89,-3.3072735293281584e-08,82.25,ASK
112,1712174400.356748,403013524.68402326,76.89,-0.0,82.25,ASK
113,1712174417.3327372,403015497.5840232,76.85,5.0366243616382776e-08,82.25,BID
114,1712174430.2769034,403015497.5840232,76.85,0.0,82.25,BID
115,1712174460.4033432,403015497.5840232,76.85,0.0,82.25,BID
116,1712174461.7935283,403018100.3950592,76.84,6.644701064875967e-08,82.25,BID
117,1712174490.4161243,403018100.3950592,76.84,0.0,82.25,BID
118,1712174501.9631026,403034013.4804373,76.82,-4.062421513762779e-07,82.25,ASK
119,1712174501.972997,403057271.0667592,76.82,-5.937385289332725e-07,82.25,ASK
120,1712174514.8837333,403073631.7382416,76.73,-4.176684925010056e-07,82.25,ASK
121,1712174514.886155,403073921.6182944,76.73,-7.400293123173899e-09,82.25,ASK
122,1712174514.963071,403074935.0094523,76.73,-2.5870671488130028e-08,82.25,ASK
123,1712174514.965448,403076122.7801244,76.73,-3.0322373174391195e-08,82.25,ASK
124,1712174515.062978,403114505.0947341,76.73,-9.798548610324354e-07,82.25,ASK
125,1712174515.0648706,403119299.6766701,76.73,-1.223999767702618e-07,82.25,ASK
126,1712174519.39317,403154184.1518982,76.7,-8.905591800411774e-07,82.25,ASK
127,1712174520.2749524,403154184.1518982,76.7,-0.0,82.25,ASK
128,1712174539.453454,403182058.9369954,76.62,-7.114204401409745e-07,82.25,ASK
129,1712174539.4731534,403199561.9369954,76.62,-4.467116758165214e-07,82.25,ASK
130,1712174539.475097,403200751.9369954,76.62,-3.0371187466243526e-08,82.25,ASK
131,1712174539.5557668,403200753.1123524,76.62,-2.99974683235535e-11,82.25,ASK
132,1712174550.265753,403200753.1123524,76.62,-0.0,82.25,ASK
133,1712174560.2429783,403202300.0694514,76.62,3.9477853719658674e-08,82.25,BID
134,1712174560.3630009,403208111.87638265,76.62,-1.483154665532417e-07,82.25,ASK
135,1712174560.7128737,403208271.5438421,76.52,-4.074662840418511e-09,82.25,ASK
136,1712174573.9638362,403208350.9539728,76.5,-2.02652130894037e-09,82.25,ASK
137,1712174580.4044914,403208350.9539728,76.5,-0.0,82.25,ASK
138,1712174587.1033888,403212135.0104814,76.5,-9.656648540803286e-08,82.25,ASK
139,1712174610.4054866,403212135.0104814,76.5,-0.0,82.25,ASK
140,1712174622.9433827,403214384.6279421,76.5,-5.7408245992048544e-08,82.25,ASK
141,1712174622.9459648,403214646.06585056,76.5,-6.6716639711141744e-09,82.25,ASK
142,1712174623.126823,403216150.6791023,76.5,3.839639813849112e-08,82.25,BID
143,1712174630.603317,403216988.0116429,76.49,-2.1367985138242505e-08,82.25,ASK
144,1712174630.686756,403217380.21977466,76.49,-1.0008804298311504e-08,82.25,ASK
145,1712174630.6931095,403217707.0729581,76.49,-8.341003875882303e-09,82.25,ASK
146,1712174630.6951878,403218101.2441997,76.49,-1.0058901122228256e-08,82.25,ASK
147,1712174640.265447,403218101.2441997,76.49,-0.0,82.25,ASK
148,1712174647.747361,403220604.7441997,76.5,6.38863595562816e-08,82.25,BID
149,1712174648.050667,403226991.0441997,76.5,1.6297082406033268e-07,82.25,BID
150,1712174652.6633506,403228566.8190529,76.5,4.021191086453374e-08,82.25,BID
151,1712174654.1930344,403285026.4190528,76.5,1.4407822272824252e-06,82.25,BID
152,1712174663.3431313,403291751.5371709,76.49,1.716170617727422e-07,82.25,BID
153,1712174667.633424,403293059.5816444,76.45,-3.337974817162533e-08,82.25,ASK
154,1712174667.6361926,403314217.17484254,76.45,-5.399167590990525e-07,82.25,ASK
155,1712174667.6640117,403314478.88643634,76.42,-6.6785703942421175e-09,82.25,ASK
156,1712174667.6933072,403314545.1501364,76.41,-1.690971265933985e-09,82.25,ASK
157,1712174667.6959882,403314806.89598113,76.41,-6.6794444386127885e-09,82.25,ASK
158,1712174667.7033134,403316115.625205,76.41,-3.3397222193063944e-08,82.25,ASK
159,1712174667.7054586,403319023.88643634,76.39,-7.421538754009643e-08,82.25,ASK
160,1712174667.71304,403375323.88643634,76.39,-1.436709424013842e-06,82.25,ASK
161,1712174667.7532809,403403792.805855,76.39,-7.264931584412199e-07,82.25,ASK
162,1712174667.8754225,403430036.2860597,76.39,-6.6970258133242e-07,82.25,ASK
163,1712174667.8775773,403431344.6728188,76.39,-3.338848289622144e-08,82.25,ASK
164,1712174667.8853405,403438151.8465326,76.39,-1.737110235438809e-07,82.25,ASK
165,1712174668.259307,403439888.4555926,76.38,-4.431620963258732e-08,82.25,ASK
166,1712174668.2649086,403440150.3385309,76.37,-6.6829429037397036e-09,82.25,ASK
167,1712174668.266367,403441459.0985149,76.37,-3.339800715468195e-08,82.25,ASK
168,1712174668.2676013,403441787.7971271,76.38,-8.387999888832106e-09,82.25,ASK
169,1712174668.268836,403441965.8465326,76.37,-4.543610281416363e-09,82.25,ASK
170,1712174668.308556,403442045.7537845,76.37,-2.0391385762671187e-09,82.25,ASK
171,1712174668.3098674,403443045.7537845,76.35,-2.5518817478043376e-08,82.25,ASK
172,1712174668.335678,403445735.7194828,76.3,-6.864474367716092e-08,82.25,ASK
173,1712174668.3451462,403447035.7194828,76.31,-3.3174462721456393e-08,82.25,ASK
174,1712174668.3473983,403458504.3397789,76.31,-2.9266562806016545e-07,82.25,ASK
175,1712174668.3495674,403458787.6665981,76.3,-7.2301653868468644e-09,82.25,ASK
176,1712174668.433261,403465220.03862107,76.3,-1.6414652760546288e-07,82.25,ASK
177,1712174668.7831562,403468034.1313692,76.3,-7.181231920671147e-08,82.25,ASK
178,1712174670.283264,403468034.1313692,76.3,-0.0,82.25,ASK
179,1712174677.9733298,403481813.7479116,76.41,-3.514682143339116e-07,82.25,ASK
180,1712174700.406862,403481813.7479116,76.41,-0.0,82.25,ASK
181,1712174705.3333015,403488659.5150511,76.3,-1.752089208096691e-07,82.25,ASK
182,1712174719.1959276,403489231.2150511,76.37,1.4631952560297673e-08,82.25,BID
183,1712174721.583468,403490567.3150512,76.38,3.4195822663232846e-08,82.25,BID
184,1712174725.3834336,403539709.3150512,76.37,1.2577285512211677e-06,82.25,BID
185,1712174725.4236102,403539709.5126258,76.37,5.056678805305771e-12,82.25,BID
186,1712174725.4260323,403541691.4881916,76.42,5.0726206847874163e-08,82.25,BID
187,1712174726.766225,403543318.0358605,76.42,4.1629470576398905e-08,82.25,BID
188,1712174730.4137833,403543318.0358605,76.42,0.0,82.25,BID
189,1712174755.8236866,403553526.6597137,76.3,-2.6124566426787844e-07,82.25,ASK
190,1712174755.8331954,403556287.6484293,76.3,-7.065558898162462e-08,82.25,ASK
191,1712174755.8358426,403566531.1787324,76.3,-2.621389441874972e-07,82.25,ASK
192,1712174756.0432718,403593605.1787324,76.3,6.928421710989821e-07,82.25,BID
193,1712174756.8133495,403594877.8307197,76.29,-3.2568034495982176e-08,82.25,ASK
194,1712174758.6331766,403597416.58493054,76.3,6.496845605813535e-08,82.25,BID
195,1712174759.3132992,403600707.2169062,76.29,-8.420952213554054e-08,82.25,ASK
196,1712174759.323176,403600772.7694032,76.29,-1.6775332186874087e-09,82.25,ASK
197,1712174759.4733896,403604219.26795936,76.3,8.819825449965003e-08,82.25,BID
198,1712174759.883613,403615293.6861776,76.28,-2.834019340324277e-07,82.25,ASK
199,1712174759.8859875,403615524.7821399,76.28,-5.9139036803737015e-09,82.25,ASK
200,1712174759.8883507,403624257.5476092,76.28,-2.234774391466651e-07,82.25,ASK
201,1712174759.9834418,403628752.6942573,76.3,1.150338761573511e-07,82.25,BID
202,1712174760.2866566,403628752.6942573,76.3,0.0,82.25,BID
203,1712174760.5659523,403632617.7851664,76.3,9.889382296614141e-08,82.25,BID
204,1712174761.223338,403636243.1030776,76.3,9.275889135098493e-08,82.25,BID
205,1712174761.6832376,403637743.1030776,76.3,3.837962364586528e-08,82.25,BID
206,1712174767.243379,403644364.3335506,76.3,1.694135557503873e-07,82.25,BID
207,1712174767.50327,403646505.2044724,76.3,5.477721350332498e-08,82.25,BID
208,1712174767.573957,403648668.9333944,76.3,5.5362067797406373e-08,82.25,BID
209,1712174768.9938014,403654266.21224505,76.3,1.4321430381990236e-07,82.25,BID
210,1712174769.113358,403656826.8736172,76.3,6.551814649930385e-08,82.25,BID
211,1712174769.1534283,403668775.09233385,76.3,3.057120917216084e-07,82.25,BID
212,1712174781.2735395,403677813.68048495,76.29,2.312650743527277e-07,82.25,BID
213,1712174782.1840937,403697488.68048495,76.26,-5.034127301549327e-07,82.25,ASK
214,1712174782.2431042,403739718.68048495,76.26,-1.0805143377099268e-06,82.25,ASK
215,1712174786.5565355,403874509.1958272,76.26,-3.448806166578153e-06,82.25,ASK
216,1712174786.5584056,403874968.68048495,76.26,-1.1756565490698808e-08,82.25,ASK
217,1712174788.2236688,403875171.0728784,76.25,-5.178495925246401e-09,82.25,ASK
218,1712174788.226888,403875171.6983701,76.26,-1.6004091673531e-11,82.25,ASK
219,1712174788.2295787,403877767.68048495,76.25,-6.642187770626466e-08,82.25,ASK
220,1712174788.3632083,403888965.68048495,76.25,-2.8651668372426615e-07,82.25,ASK
221,1712174788.3873603,403888966.4272352,76.25,-1.9106661998773493e-11,82.25,ASK
222,1712174789.143931,403889097.6263955,76.22,-3.356916264269861e-09,82.25,ASK
223,1712174789.14724,403913065.1710032,76.22,-6.132435611726479e-07,82.25,ASK
224,1712174789.150455,403914364.4272352,76.21,-3.3243310134872886e-08,82.25,ASK
225,1712174790.2835486,403914364.4272352,76.21,-0.0,82.25,ASK
226,1712174815.0951626,403914664.4272352,76.2,-7.671649247424099e-09,82.25,ASK
227,1712174815.0966008,403922669.676579,76.2,-2.047115503463372e-07,82.25,ASK
228,1712174815.0978026,403922670.42034703,76.21,-1.9019758321471856e-11,82.25,ASK
229,1712174815.099032,403926670.42034703,76.2,-1.0228865663232132e-07,82.25,ASK
230,1712174815.1832895,403950365.1140505,76.2,6.059245970606341e-07,82.25,BID
231,1712174816.134267,403950640.7004905,76.19,-7.047341684105269e-09,82.25,ASK
232,1712174817.253816,403954340.2552744,76.19,-9.460562224368473e-08,82.25,ASK
233,1712174817.256692,403955814.6753968,76.19,-3.7704113409130967e-08,82.25,ASK
234,1712174820.423543,403955814.6753968,76.19,-0.0,82.25,ASK
235,1712174826.8489752,403983357.12743807,76.19,-7.042632226207379e-07,82.25,ASK
236,1712174826.8503282,403983624.7304835,76.18,-6.842636336696905e-09,82.25,ASK
237,1712174826.8516452,404057843.2546104,76.13,-1.8977750020760888e-06,82.25,ASK
238,1712174826.8529572,404057974.5571314,76.16,-3.35741844743348e-09,82.25,ASK
239,1712174826.8542452,404058074.5571314,76.15,-2.55700988991649e-09,82.25,ASK
240,1712174826.8555686,404076296.6031076,76.13,-4.659395177571153e-07,82.25,ASK
241,1712174826.8568642,404101206.4178999,76.13,-6.369464277968394e-07,82.25,ASK
242,1712174850.413532,404101206.4178999,76.13,-0.0,82.25,ASK
243,1712174852.7934542,404101272.03920937,76.2,-1.6774685335692391e-09,82.25,ASK
244,1712174852.8733437,404107515.6328384,76.2,1.596041274678065e-07,82.25,BID
245,1712174852.8933234,404107515.6328393,76.2,2.4378645729189188e-17,82.25,BID
246,1712174857.8836718,404148302.7373243,76.2,1.0426351569428936e-06,82.25,BID
247,1712174857.9051266,404156005.05810505,76.2,1.9689336954586485e-07,82.25,BID
248,1712174857.908789,404250386.05810505,76.2,2.4126485562042403e-06,82.25,BID
249,1712174857.9124532,404377185.33565307,76.2,3.241352538158733e-06,82.25,BID
250,1712174871.8935144,404378495.9516426,76.3,3.3503096754859904e-08,82.25,BID
251,1712174880.284672,404378495.9516426,76.3,0.0,82.25,BID
252,1712174896.2233188,404379806.5676321,76.3,3.348501039905276e-08,82.25,BID
253,1712174898.5534973,404386101.21847177,76.3,1.60822430454791e-07,82.25,BID
254,1712174901.563451,404395911.7165059,76.3,2.506490316939755e-07,82.25,BID
255,1712174910.2658968,404395911.7165059,76.3,0.0,82.25,BID
256,1712174932.683915,404397222.3324954,76.28,3.3483873615554744e-08,82.25,BID
257,1712174940.4074452,404397222.3324954,76.28,0.0,82.25,BID
258,1712174945.297655,404403814.4672754,76.28,1.6841671841379068e-07,82.25,BID
259,1712174947.2234683,404403814.4672759,76.28,1.2182297856848901e-17,82.25,BID
260,1712174950.0137591,404404488.3057014,76.28,-1.7215311906423048e-08,82.25,ASK
261,1712174954.1735744,404416513.3089784,76.29,3.0721635076023305e-07,82.25,BID
262,1712174957.6236317,404417150.3089784,76.28,-1.6274159010710032e-08,82.25,ASK
263,1712174957.673442,404417150.4301748,76.28,-3.096341144956179e-12,82.25,ASK
264,1712174970.4034534,404417150.4301748,76.28,-0.0,82.25,ASK
265,1712174988.8537295,404418461.3897972,76.28,-3.349126649879876e-08,82.25,ASK
266,1712174988.9733229,404418640.77232623,76.28,4.582710238972424e-09,82.25,BID
267,1712174996.963667,404418640.7723263,76.28,1.5227280906022413e-18,82.25,BID
268,1712174996.966073,404421046.27402914,76.34,6.145368416701124e-08,82.25,BID
269,1712175000.317568,404421046.27402914,76.34,0.0,82.25,BID
270,1712175003.8599966,404421701.27402914,76.28,-1.6741627938356647e-08,82.25,ASK
271,1712175003.9333704,404421701.7538403,76.28,-1.2263848014866616e-11,82.25,ASK
272,1712175009.1736484,404433398.1122576,76.29,2.989558486330465e-07,82.25,BID
273,1712175021.923801,404436020.0315024,76.28,-6.701556714853301e-08,82.25,ASK
274,1712175021.9270434,404438470.5230478,76.29,-6.263392018141454e-08,82.25,ASK
275,1712175023.333557,404440130.418716,76.28,4.242649724219581e-08,82.25,BID
276,1712175029.3335276,404442182.3331701,76.28,5.2446394430412994e-08,82.25,BID
277,1712175030.2768936,404442182.3331701,76.28,0.0,82.25,BID
278,1712175045.7635992,404448834.7227593,76.27,1.7002632317149976e-07,82.25,BID
279,1712175048.3535607,404450368.7227593,76.28,3.920702121403511e-08,82.25,BID
280,1712175060.405054,404450368.7227593,76.28,0.0,82.25,BID
281,1712175060.8436844,404454861.3543056,76.28,1.148239174682281e-07,82.25,BID
282,1712175078.653779,404454926.7993318,76.4,1.6726620478098403e-09,82.25,BID
283,1712175085.8435776,404455302.2812917,76.22,-9.59667160188163e-09,82.25,ASK
284,1712175090.415233,404455302.2812917,76.22,-0.0,82.25,ASK
285,1712175104.39357,404455380.7947698,76.42,2.006649850695086e-09,82.25,BID
286,1712175115.413875,404456034.7467784,76.42,1.6713725236232587e-08,82.25,BID
287,1712175116.463282,404458203.3283016,76.42,5.542467223462192e-08,82.25,BID
288,1712175120.277099,404458203.3283016,76.42,0.0,82.25,BID
289,1712175135.8667705,404461221.42784095,76.42,7.713624235012795e-08,82.25,BID
290,1712175136.2033978,404463426.4064062,76.42,5.6354589624238264e-08,82.25,BID
291,1712175140.9635324,404466791.3528943,76.42,8.600091693848192e-08,82.25,BID
292,1712175140.9667113,404485104.9342418,76.42,4.680564145351925e-07,82.25,BID
293,1712175140.9769118,404505173.667504,76.42,5.129143861437636e-07,82.25,BID
294,1712175144.181337,404508177.7285791,76.42,7.677744888724419e-08,82.25,BID
295,1712175144.8136106,404551440.7285791,76.5,1.1057107988750944e-06,82.25,BID
296,1712175144.9935527,404561782.2747981,76.5,2.643080537966521e-07,82.25,BID
297,1712175145.3137517,404561782.2747987,76.5,1.5233686843553008e-17,82.25,BID
298,1712175150.277542,404561782.2747987,76.5,0.0,82.25,BID
299,1712175164.195424,404567091.2663987,76.6,1.3565914005853544e-07,82.25,BID
300,1712175178.1501892,404567221.61050713,76.69,3.3306456272202e-09,82.25,BID
301,1712175180.4086914,404567221.61050713,76.69,0.0,82.25,BID
302,1712175183.263613,404567594.4192781,76.69,9.526174202364136e-09,82.25,BID
303,1712175184.7738414,404568644.5787727,76.66,2.6834138740462946e-08,82.25,BID
304,1712175187.2236245,404576930.5749508,76.45,-2.117274301725183e-07,82.25,ASK
305,1712175187.227512,404580852.14357823,76.45,-1.0020565178828565e-07,82.25,ASK
306,1712175193.323577,404581224.9523492,76.45,-9.526174200841092e-09,82.25,ASK
307,1712175209.8346136,404581303.27110654,76.61,2.0012354426339486e-09,82.25,BID
308,1712175210.416718,404581303.27110654,76.61,0.0,82.25,BID
309,1712175218.5035954,404582608.5837289,76.61,3.3353006278911336e-08,82.25,BID
310,1712175222.4453063,404583913.8963513,76.58,3.3353006278911336e-08,82.25,BID
311,1712175236.0334196,404598409.09635127,76.6,3.703775542570788e-07,82.25,BID
312,1712175236.044546,404663733.5872129,76.6,1.6691542826900149e-06,82.25,BID
313,1712175236.0479174,404665354.0169083,76.61,4.140479520229921e-08,82.25,BID
314,1712175236.0505905,404704518.5077699,76.59,1.0007208137213062e-06,82.25,BID
315,1712175236.053218,404743682.9986315,76.59,1.0007208137213062e-06,82.25,BID
316,1712175236.055909,404808957.1500675,76.61,1.667868022869859e-06,82.25,BID
317,1712175236.0576043,404817855.6996675,76.6,2.273734089414375e-07,82.25,BID
318,1712175236.0591292,404845760.4996675,76.61,7.130161416224575e-07,82.25,BID
319,1712175236.0606637,404871920.4996675,76.62,6.684334689671856e-07,82.25,BID
320,1712175236.0622342,404886614.6048741,76.63,3.75459928005439e-07,82.25,BID
321,1712175236.1834197,404888484.05548096,76.63,4.776771231580605e-08,82.25,BID
322,1712175240.3047817,404888484.05548096,76.63,0.0,82.25,BID
323,1712175246.4333687,404888855.6170576,76.63,9.488339104668865e-09,82.25,BID
324,1712175250.013561,404889464.8354576,76.51,-1.555723501024387e-08,82.25,ASK
325,1712175253.0435483,404890704.07280993,76.63,3.164564091344436e-08,82.25,BID
326,1712175264.3734772,404891332.8252685,76.51,-1.6056064231242462e-08,82.25,ASK
327,1712175270.2874408,404891332.8252685,76.51,-0.0,82.25,ASK
328,1712175275.1144333,404893054.7149938,76.63,4.397059230134404e-08,82.25,BID
329,1712175275.118064,404894764.7166626,76.63,4.3667016014616243e-08,82.25,BID
330,1712175275.1332028,404896271.0544955,76.63,3.846620706628399e-08,82.25,BID
331,1712175300.3176336,404896271.0544955,76.63,0.0,82.25,BID
332,1712175303.89354,404896420.417822,76.51,-3.816737523664161e-09,82.25,ASK
333,1712175316.965563,404896681.4122106,76.63,-6.66928823674459e-09,82.25,ASK
334,1712175330.2675505,404896681.4122106,76.63,-0.0,82.25,ASK
335,1712175356.863535,404898368.2859058,76.64,4.3105286357003655e-08,82.25,BID
336,1712175359.093642,404911436.76473486,76.52,-3.3394350969066384e-07,82.25,ASK
337,1712175359.098177,404997249.2859058,76.52,-2.192798019570582e-06,82.25,ASK
338,1712175360.4256186,404997249.2859058,76.52,-0.0,82.25,ASK
339,1712175366.809381,404997249.3341428,76.52,-1.2323756102522245e-12,82.25,ASK
340,1712175366.8464148,405010113.3154524,76.51,-3.286532818766185e-07,82.25,ASK
341,1712175366.8501072,405014420.3341428,76.51,-1.1003714896963749e-07,82.25,ASK
342,1712175366.863681,405014421.0223152,76.51,-1.7581656310262105e-11,82.25,ASK
343,1712175366.8669484,405015074.6170864,76.5,-1.6698257049999095e-08,82.25,ASK
344,1712175366.870226,405017985.3341428,76.45,-7.436396945669238e-08,82.25,ASK
345,1712175369.293538,405035665.3341428,76.45,-4.516945324886032e-07,82.25,ASK
346,1712175379.855941,405036036.8957194,76.45,-9.492778995206614e-09,82.25,ASK
347,1712175380.3956468,405058692.744773,76.45,-5.78819182487608e-07,82.25,ASK
348,1712175380.40334,405065422.8957194,76.45,-1.7194413944169597e-07,82.25,ASK
349,1712175380.6133268,405099617.8957194,76.45,-8.736252566995354e-07,82.25,ASK
350,1712175381.8834894,405126973.8957194,76.45,-6.989002053596283e-07,82.25,ASK
351,1712175385.9835713,405172764.8957194,76.45,-1.1698837294788251e-06,82.25,ASK
352,1712175386.0094128,405236399.8957194,76.45,-1.6257681886262593e-06,82.25,ASK
353,1712175386.063252,405236400.52920645,76.45,-1.6184538177283554e-11,82.25,ASK
354,1712175390.415583,405236400.52920645,76.45,-0.0,82.25,ASK
355,1712175404.6407893,405236400.5292066,76.5,4.566264949959413e-18,82.25,BID
356,1712175404.6445117,405245991.3879065,76.5,2.449160468741269e-07,82.25,BID
357,1712175404.648132,405246197.4059116,76.5,5.260959105020956e-09,82.25,BID
358,1712175420.277233,405246197.4059116,76.5,0.0,82.25,BID
359,1712175433.5934978,405248581.1961381,76.5,6.087226636967234e-08,82.25,BID
360,1712175433.8134997,405407241.16642433,76.45,-4.051527632871176e-06,82.25,ASK
361,1712175433.817395,405408778.9448253,76.5,-3.9268579676848974e-08,82.25,ASK
362,1712175435.0136547,405414002.9228846,76.57,1.3339906356056998e-07,82.25,BID
363,1712175439.113644,405421750.7663457,76.56,1.978482778054084e-07,82.25,BID
364,1712175450.2835264,405421750.7663457,76.56,0.0,82.25,BID
365,1712175460.0135226,405431642.7663457,76.45,-2.525147261457257e-07,82.25,ASK
366,1712175460.016574,405467829.7663457,76.45,-9.237515563117035e-07,82.25,ASK
367,1712175460.0933526,405467830.2968127,76.45,-1.3541318501193784e-11,82.25,ASK
368,1712175476.4234755,405469291.5415825,76.48,3.7301437818025544e-08,82.25,BID
369,1712175480.405849,405469291.5415825,76.48,0.0,82.25,BID
370,1712175481.78391,405469388.381238,76.48,-2.471812627696033e-09,82.25,ASK
371,1712175508.5134556,405469480.3977554,76.3,-2.3487030038457e-09,82.25,ASK
372,1712175510.4152763,405469480.3977554,76.3,-0.0,82.25,ASK
373,1712175514.473282,405471574.2485831,76.5,5.3445099385787073e-08,82.25,BID
374,1712175540.2737713,405471574.2485831,76.5,0.0,82.25,BID
375,1712175570.2954931,405471574.2485831,76.5,0.0,82.25,BID
376,1712175572.503591,405475009.2187145,76.51,-8.767652740547826e-08,82.25,ASK
377,1712175594.673621,405477623.5977985,76.5,-6.67312001684965e-08,82.25,ASK
378,1712175594.6932125,405477623.5977995,76.5,-2.434223563518475e-17,82.25,ASK
379,1712175596.9633844,405478940.2296533,76.6,3.360661210818016e-08,82.25,BID
380,1712175600.306061,405478940.2296533,76.6,0.0,82.25,BID
381,1712175630.263797,405478940.2296533,76.6,0.0,82.25,BID
382,1712175638.3490295,405480875.7426544,76.35,4.943959278611124e-08,82.25,BID
383,1712175638.3630817,405483248.8673909,76.35,6.061768664600293e-08,82.25,BID
384,1712175638.452361,405485252.2253521,76.35,5.117258409003433e-08,82.25,BID
385,1712175638.455388,405486851.3334858,76.35,4.0846666957575936e-08,82.25,BID
386,1712175638.5632944,405486952.76534826,76.42,-2.590915159579009e-09,82.25,ASK
387,1712175639.232973,405489829.3153579,76.38,7.34768823680396e-08,82.25,BID
388,1712175644.2787275,405495175.0705652,76.34,-1.3654879115976253e-07,82.25,ASK
389,1712175644.2807076,405496399.3664782,76.34,-3.1272686545972865e-08,82.25,ASK
390,1712175644.8533597,405499978.5135432,76.34,9.142360361817466e-08,82.25,BID
391,1712175660.4152277,405499978.5135432,76.34,0.0,82.25,BID
392,1712175661.3734038,405501611.6044761,76.32,-4.171299190478281e-08,82.25,ASK
393,1712175661.3766158,405502931.0620232,76.32,-3.370205594377776e-08,82.25,ASK
394,1712175661.6632311,405504430.5184688,76.32,3.8299652098703466e-08,82.25,BID
395,1712175664.063357,405506931.6320284,76.32,6.38843358704247e-08,82.25,BID
396,1712175664.6933458,405508800.4028438,76.32,4.773281164131511e-08,82.25,BID
397,1712175665.2332733,405511085.9623676,76.32,5.837857769831003e-08,82.25,BID
398,1712175665.2932367,405513143.3897533,76.32,5.2551545144925574e-08,82.25,BID
399,1712175670.8937705,405514453.6622901,76.32,3.346744912665238e-08,82.25,BID
400,1712175672.823275,405515108.7985584,76.32,1.6733724562564973e-08,82.25,BID
401,1712175690.415811,405515108.7985584,76.32,0.0,82.25,BID
402,1712175697.9834716,405517897.4320708,76.32,7.122617239366492e-08,82.25,BID
403,1712175697.988242,405518538.08169854,76.32,1.6363218983849414e-08,82.25,BID
404,1712175716.6340108,405519679.207353,76.4,2.91461793831385e-08,82.25,BID
405,1712175720.2656972,405519679.207353,76.4,0.0,82.25,BID
406,1712175732.3264322,405521233.9974623,76.4,3.9711479113011494e-08,82.25,BID
407,1712175739.087124,405522473.2348146,76.32,-3.165182743237138e-08,82.25,ASK
408,1712175743.8432202,405528637.702821,76.32,-1.574489965041814e-07,82.25,ASK
409,1712175747.1029782,405530174.6091151,76.4,3.9254701860128577e-08,82.25,BID
410,1712175750.2753477,405530174.6091151,76.4,0.0,82.25,BID
411,1712175752.6036944,405536158.9168071,76.4,1.5284432614608609e-07,82.25,BID
412,1712175752.6431482,405536158.91680735,76.4,7.611767504922447e-18,82.25,BID
413,1712175752.7433558,405537505.71680737,76.41,3.4398421513462015e-08,82.25,BID
414,1712175757.7435696,405549547.4533293,76.32,-3.07556228566038e-07,82.25,ASK
415,1712175773.083409,405552878.1790422,76.32,-8.50695775296168e-08,82.25,ASK
416,1712175773.0876577,405553255.94502753,76.32,-9.648465693517474e-09,82.25,ASK
417,1712175773.188457,405553255.9450283,76.32,1.9790595512798364e-17,82.25,BID
418,1712175773.1917317,405566580.9963063,76.32,3.4033318276278174e-07,82.25,BID
419,1712175780.4081993,405566580.9963063,76.32,0.0,82.25,BID
420,1712175782.843423,405599851.4817824,76.41,8.496962831876059e-07,82.25,BID
421,1712175783.1272254,405602605.9606481,76.48,-7.034674790132847e-08,82.25,ASK
422,1712175810.40597,405602605.9606481,76.48,-0.0,82.25,ASK
423,1712175816.8852637,405641872.9763549,76.58,1.00277141264175e-06,82.25,BID
424,1712175816.887406,405681139.9920617,76.58,1.00277141264175e-06,82.25,BID
425,1712175816.8896115,405724789.2278234,76.59,1.1146812411807485e-06,82.25,BID
426,1712175816.8928423,405735809.7625437,76.59,2.81434098584601e-07,82.25,BID
427,1712175816.8960638,405741142.72608507,76.59,1.3618919817841098e-07,82.25,BID
428,1712175816.8983104,405780358.41235954,76.59,1.0014606003373307e-06,82.25,BID
429,1712175816.900211,405930177.41235954,76.59,3.825964554893424e-06,82.25,BID
430,1712175816.9021711,405969393.09863406,76.59,1.0014606003388529e-06,82.25,BID
431,1712175816.904119,405979197.9185341,76.59,2.503880909926166e-07,82.25,BID
432,1712175816.9060862,406018464.9342408,76.59,1.00277141264175e-06,82.25,BID
433,1712175816.908556,406071766.4655154,76.62,1.3611742794854248e-06,82.25,BID
434,1712175816.9105518,406111033.4812222,76.59,1.00277141264175e-06,82.25,BID
435,1712175816.9125175,406150295.35794,76.59,1.002640177018219e-06,82.25,BID
436,1712175816.914453,406215766.0925216,76.59,1.6719422095461678e-06,82.25,BID
437,1712175816.916428,406281016.0925216,76.6,1.6663052563880142e-06,82.25,BID
438,1712175816.918389,406313607.8100504,76.67,8.32302685563007e-07,82.25,BID
439,1712175816.9203622,406324408.77415,76.67,2.7582686978234057e-07,82.25,BID
440,1712175816.922328,406363624.4604245,76.64,1.0014606003388529e-06,82.25,BID
441,1712175816.9242957,406533730.199055,76.64,4.34403197581186e-06,82.25,BID
442,1712175816.9262671,406535137.199055,76.6,3.59309041492404e-08,82.25,BID
443,1712175816.9282415,406560359.42121583,76.62,6.441060745494908e-07,82.25,BID
444,1712175816.9302237,406605269.42121583,76.63,1.146877686810509e-06,82.25,BID
445,1712175816.9322305,406620989.67337584,76.67,4.014519357237431e-07,82.25,BID
446,1712175816.936977,406659898.7267149,76.68,9.93630039846194e-07,82.25,BID
447,1712175816.9389577,406692448.1502941,76.68,8.31222614596898e-07,82.25,BID
448,1712175816.9409657,406749744.05043656,76.72,1.4631794571159537e-06,82.25,BID
449,1712175816.9429564,406751044.9281514,76.91,3.322083332122363e-08,82.25,BID
450,1712175816.9449568,406783569.028009,76.91,8.305759165050645e-07,82.25,BID
451,1712175816.9470046,406794824.53339785,76.91,2.874346021878048e-07,82.25,BID
452,1712175816.949231,406816854.7907143,76.91,5.625920853029075e-07,82.25,BID
453,1712175816.9512522,406849459.2178691,76.91,8.326272543989131e-07,82.25,BID
454,1712175816.9532669,406882050.93539786,76.91,8.323026855614849e-07,82.25,BID
455,1712175816.9553056,406919228.9029844,76.68,9.494228783331348e-07,82.25,BID
456,1712175816.957343,406979823.9662436,76.68,1.5474309949431792e-06,82.25,BID
457,1712175816.959375,406993167.01277447,76.68,3.407446524225775e-07,82.25,BID
458,1712175816.9680965,406993358.59647447,77.1,4.892519944066363e-09,82.25,BID
459,1712175816.9701438,406994316.7092168,77.1,2.4467560135082693e-08,82.25,BID
460,1712175816.9721775,407000831.0120815,77.1,1.6635735026979885e-07,82.25,BID
461,1712175816.983188,407029950.9616218,77.12,-7.436432947859625e-07,82.25,ASK
462,1712175816.9865909,407030063.0120815,77.16,-2.8614600758678702e-09,82.25,ASK
463,1712175817.009358,407036413.7369237,77.09,-1.621800181811043e-07,82.25,ASK
464,1712175817.0127988,407052857.58922064,76.76,-4.199306899275496e-07,82.25,ASK
465,1712175817.016232,407056261.7395379,76.76,-8.693262171910199e-08,82.25,ASK
466,1712175817.0186703,407082434.7954615,76.73,-6.683877495969453e-07,82.25,ASK
467,1712175817.020724,407094719.9606526,76.73,-3.137292771425017e-07,82.25,ASK
468,1712175817.0227566,407127337.1073498,76.73,-8.329520764745126e-07,82.25,ASK
469,1712175817.0248148,407148529.4218013,76.7,-5.411933328059501e-07,82.25,ASK
470,1712175817.0270317,407176178.2133743,76.7,-7.060739728865377e-07,82.25,ASK
471,1712175817.0290923,407202296.8059223,76.7,-6.669969050147192e-07,82.25,ASK
472,1712175817.031462,407231319.7539459,76.7,-7.411661432571687e-07,82.25,ASK
473,1712175817.0335472,407240967.00196594,76.7,-2.4636413924127243e-07,82.25,ASK
474,1712175817.0356336,407245854.9671839,76.7,-1.2482516683078117e-07,82.25,ASK
475,1712175817.0377288,407271896.6338506,76.7,-6.650324299127096e-07,82.25,ASK
476,1712175817.0398066,407289737.4467092,76.73,-4.556052144764539e-07,82.25,ASK
477,1712175817.045716,407339992.56299466,76.67,-1.2833772325950202e-06,82.25,ASK
478,1712175817.0478134,407342842.890727,76.67,-7.27895185103603e-08,82.25,ASK
479,1712175817.049919,407368932.115877,76.66,-6.662469425673143e-07,82.25,ASK
480,1712175817.0520234,407374365.6839721,76.66,-1.3875836134692216e-07,82.25,ASK
481,1712175817.054142,407404268.0744948,76.66,-7.636246820915484e-07,82.25,ASK
482,1712175817.0562513,407406292.3188591,76.66,-5.16936248962802e-08,82.25,ASK
483,1712175817.0583725,407413041.1587297,76.64,-1.7234677932345257e-07,82.25,ASK
484,1712175817.060485,407430950.8011964,76.64,-4.573629330625604e-07,82.25,ASK
485,1712175817.0625994,407482233.5048391,76.7,-1.3096189830139924e-06,82.25,ASK
486,1712175817.0649314,407492662.98022586,76.75,-2.66340071391452e-07,82.25,ASK
487,1712175817.067035,407496786.29059017,77.0,1.0529798825689229e-07,82.25,BID
488,1712175817.0832236,407512077.0391224,77.0,3.904835962187312e-07,82.25,BID
489,1712175817.1059864,407575421.9902608,77.0,1.617655556286873e-06,82.25,BID
490,1712175817.1104827,407623034.34622586,77.0,1.2158884140004163e-06,82.25,BID
491,1712175817.1835277,407627197.75777537,77.07,-1.0632206206057785e-07,82.25,ASK
492,1712175817.188868,407638609.0858508,77.07,-2.914138843604805e-07,82.25,ASK
493,1712175817.2031808,407641723.0858508,77.0,-7.952298189106937e-08,82.25,ASK
494,1712175817.223531,407667613.0534884,77.05,6.61158454592286e-07,82.25,BID
495,1712175817.22713,407701045.43439454,77.07,8.537709124522364e-07,82.25,BID
496,1712175817.2306745,407739880.3858509,77.05,9.91737681888429e-07,82.25,BID
497,1712175817.2833257,407742362.5872881,77.07,6.33885870080975e-08,82.25,BID
498,1712175817.2865868,407758080.3858509,77.07,4.013892776089425e-07,82.25,BID
499,1712175817.305796,407760948.9605333,77.06,7.325549535246335e-08,82.25,BID
500,1712175817.3103154,407763792.3549727,77.06,7.261246130660673e-08,82.25,BID
501,1712175817.3230033,407766612.50700593,77.06,7.201891428122846e-08,82.25,BID
502,1712175817.4085388,407769328.4070059,77.05,-6.935660453309548e-08,82.25,ASK
503,1712175817.4131348,407791175.50700593,77.0,-5.579147519827481e-07,82.25,ASK
504,1712175817.4859204,407792847.8487436,77.13,-4.27070011951861e-08,82.25,ASK
505,1712175817.5233204,407802652.8487436,77.12,2.503926902511031e-07,82.25,BID
506,1712175817.6631744,407817346.6663876,77.12,3.752396256950841e-07,82.25,BID
507,1712175817.7040107,407817346.6663882,77.12,1.5221384351628166e-17,82.25,BID
508,1712175817.747362,407817534.1684898,77.23,4.788287164446942e-09,82.25,BID
509,1712175817.7520556,407817803.8273515,77.24,6.886344500794686e-09,82.25,BID
510,1712175817.7567527,407833646.6663882,77.23,4.045824668654041e-07,82.25,BID
511,1712175817.7902176,407849946.6663882,77.12,4.162570985306457e-07,82.25,BID
512,1712175817.8032763,407850012.38403165,77.12,1.678247581626385e-09,82.25,BID
513,1712175817.8070138,407866246.6663882,77.24,4.145788509490193e-07,82.25,BID
514,1712175818.0901358,407870131.2321351,77.2,9.920110839616858e-08,82.25,BID
515,1712175818.7437434,407881241.3321352,77.03,-2.837213491040031e-07,82.25,ASK
516,1712175818.8433404,407976101.3321352,77.01,-2.422463089976506e-06,82.25,ASK
517,1712175818.853042,408018041.3321352,77.01,-1.0710320682438822e-06,82.25,ASK
518,1712175819.6735306,408023747.46992505,77.0,-1.457190405056415e-07,82.25,ASK
519,1712175819.6792257,408069827.46992505,76.94,-1.1767562638216043e-06,82.25,ASK
520,1712175819.7937677,408082826.3000304,76.94,-3.319543131243528e-07,82.25,ASK
521,1712175819.798368,408088532.2000303,76.94,-1.457129680058949e-07,82.25,ASK
522,1712175819.8730154,408107352.698083,76.94,-4.806236756012592e-07,82.25,ASK
523,1712175819.8933303,408115907.46992505,76.94,-2.184653070900977e-07,82.25,ASK
524,1712175819.8980887,408128906.3000304,76.93,-3.319543131243528e-07,82.25,ASK
525,1712175820.2331736,408152214.842869,76.88,-5.952359762583722e-07,82.25,ASK
526,1712175821.0158582,408185239.020969,77.0,8.433465372552812e-07,82.25,BID
527,1712175823.2631726,408196663.131437,77.04,2.917403114534309e-07,82.25,BID
528,1712175823.2831206,408196911.99410325,77.05,6.355266956167101e-09,82.25,BID
529,1712175823.2882268,408211660.9395588,77.04,3.766474381419922e-07,82.25,BID
530,1712175823.8288865,408221953.15209097,77.07,2.628347562023792e-07,82.25,BID
531,1712175823.883177,408239106.83964455,77.07,4.38057927003458e-07,82.25,BID
532,1712175823.8930542,408240788.299466,77.12,4.293985193577187e-08,82.25,BID
533,1712175823.9362378,408243546.6051782,77.12,7.043952960923154e-08,82.25,BID
534,1712175823.9410703,408246327.6435872,77.12,7.102006006473726e-08,82.25,BID
535,1712175823.9671476,408247885.027386,77.12,3.977129210755695e-08,82.25,BID
536,1712175824.5130394,408249469.4457292,77.12,4.0461679902963534e-08,82.25,BID
537,1712175824.5931685,408261691.125186,77.12,3.121080263709726e-07,82.25,BID
538,1712175824.5990014,408269643.3289859,77.12,2.0307737918386334e-07,82.25,BID
539,1712175824.7330678,408271294.6166313,77.12,-4.21693376756765e-08,82.25,ASK
540,1712175825.1350243,408293874.96833473,77.13,5.766399806049722e-07,82.25,BID
541,1712175825.2181065,408295127.96833473,77.13,3.1998168371711595e-08,82.25,BID
542,1712175825.2933953,408310408.04557526,77.13,3.9021108082612203e-07,82.25,BID
543,1712175825.2990918,408324213.9993752,77.13,3.525660289092478e-07,82.25,BID
544,1712175825.303836,408332166.2031753,77.13,2.030773791853855e-07,82.25,BID
545,1712175825.873479,408333611.1600753,77.17,3.6900218815710095e-08,82.25,BID
546,1712175825.8798847,408359430.46823525,77.17,6.593540061811741e-07,82.25,BID
547,1712175826.3032322,408365545.47583824,77.17,-1.561604492216761e-07,82.25,ASK
548,1712175826.3183408,408365545.4758385,77.17,-6.088553740651266e-18,82.25,ASK
549,1712175826.8299165,408404623.24059033,77.12,-9.97938464580912e-07,82.25,ASK
550,1712175826.923139,408414167.7920509,77.12,-2.437415520077333e-07,82.25,ASK
551,1712175827.0038872,408431321.4796045,77.12,-4.380579270049801e-07,82.25,ASK
552,1712175827.025854,408448255.4758385,77.12,-4.3244761588304346e-07,82.25,ASK
553,1712175827.0430062,408455072.4758385,77.08,-1.7408740126892098e-07,82.25,ASK
554,1712175827.183107,408476363.2258385,77.08,-5.437071055546837e-07,82.25,ASK
555,1712175827.223075,408498943.5775419,77.08,-5.766399806049722e-07,82.25,ASK
556,1712175827.2832258,408514234.32607406,77.08,-3.904835962187312e-07,82.25,ASK
557,1712175827.2892315,408533531.32607406,77.08,-4.927922227206055e-07,82.25,ASK
558,1712175827.3042338,408540235.4758385,77.08,-1.712055171197423e-07,82.25,ASK
559,1712175827.46309,408628705.4758385,77.06,-2.2592800924543696e-06,82.25,ASK
560,1712175827.4830184,408646399.4758385,76.99,-4.518560184908739e-07,82.25,ASK
561,1712175827.783065,408649873.4758385,76.95,-8.871639020217564e-08,82.25,ASK
562,1712175828.653169,408650009.7509844,77.05,3.4800918315415303e-09,82.25,BID
563,1712175836.21328,408651032.0742693,76.96,2.61073205103058e-08,82.25,BID
564,1712175837.6830437,408654973.5301698,76.89,1.006539262039619e-07,82.25,BID
565,1712175837.705513,408661079.44737977,76.89,1.5592830562550957e-07,82.25,BID
566,1712175837.7831063,408664567.1853312,76.89,8.906721963858388e-08,82.25,BID
567,1712175840.2856388,408664567.1853312,76.89,0.0,82.25,BID
568,1712175840.3136518,408666721.706538,76.89,5.4692051717675363e-08,82.25,BID
569,1712175840.3176908,408683554.5045472,76.95,4.272969123577364e-07,82.25,BID
570,1712175840.3215983,408717367.1853312,76.93,8.583275394633982e-07,82.25,BID
571,1712175840.8208716,408719068.8090519,76.88,4.319534764384128e-08,82.25,BID
572,1712175840.853152,408720765.43996304,76.88,4.30686062624463e-08,82.25,BID
573,1712175844.803359,408724120.91181314,76.88,8.517792230767338e-08,82.25,BID
574,1712175845.0033834,408727312.3780605,76.95,8.10146757926173e-08,82.25,BID
575,1712175845.083217,408729710.83769935,76.95,6.088437570077544e-08,82.25,BID
576,1712175846.2533057,408733983.6303702,76.94,1.0846391160860881e-07,82.25,BID
577,1712175847.0732422,408737183.1439083,76.94,8.12189545159281e-08,82.25,BID
578,1712175847.3933015,408738743.8380925,76.94,3.961788204619231e-08,82.25,BID
579,1712175848.7695675,408742919.80230254,76.94,1.0600594221392421e-07,82.25,BID
580,1712175848.863026,408745488.1300712,76.94,6.519644119059498e-08,82.25,BID
581,1712175848.963577,408747082.9022744,76.94,4.048294513756483e-08,82.25,BID
582,1712175849.583153,408750244.35400426,76.94,8.025276380147398e-08,82.25,BID
583,1712175850.0628655,408752577.2149996,76.94,5.9219168417665385e-08,82.25,BID
584,1712175853.9832342,408755556.4069931,76.95,7.562614007850502e-08,82.25,BID
585,1712175854.1632965,408777150.1251145,76.95,5.481518327820097e-07,82.25,BID
586,1712175854.1695745,408778695.8075476,76.95,3.923681201272861e-08,82.25,BID
587,1712175854.2230835,408811312.9542448,76.96,8.279791669817165e-07,82.25,BID
588,1712175854.2432768,408813065.7820234,76.97,4.449515150547544e-08,82.25,BID
589,1712175854.2873878,408813356.4864437,76.97,7.379468411696978e-09,82.25,BID
590,1712175854.2951975,408814921.4605409,77.0,3.972652670752768e-08,82.25,BID
591,1712175854.3031366,408817152.21430206,77.0,5.662719851194129e-08,82.25,BID
592,1712175854.9830408,408819376.2427293,77.0,5.64564773744994e-08,82.25,BID
593,1712175855.3032668,408823156.1008568,77.0,9.59508755562433e-08,82.25,BID
594,1712175855.3732977,408825970.8616148,77.0,7.145208896662243e-08,82.25,BID
595,1712175856.2742171,408827090.9241436,77.0,2.8432543415366826e-08,82.25,BID
596,1712175856.280934,408827697.0165706,77.0,1.538552429163834e-08,82.25,BID
597,1712175856.3334584,408831990.9963994,77.0,1.0900174299942789e-07,82.25,BID
598,1712175856.3734684,408835178.9345127,77.0,8.092511487649796e-08,82.25,BID
599,1712175857.1358612,408837592.7475364,77.0,6.127411803378219e-08,82.25,BID
600,1712175857.2530608,408841303.43011385,77.0,9.4194869278882e-08,82.25,BID
601,1712175857.523177,408844096.5479545,77.0,7.090268822251504e-08,82.25,BID
602,1712175858.123057,408846060.2034671,77.0,4.984696762811216e-08,82.25,BID
603,1712175858.868524,408849617.18363136,77.0,9.0293166987829e-08,82.25,BID
604,1712175859.1835172,408852262.0404034,77.0,6.71391132783205e-08,82.25,BID
605,1712175859.323099,408856231.2304562,77.0,1.0075702525491945e-07,82.25,BID
606,1712175859.36302,408859182.59347785,77.0,7.49197076856242e-08,82.25,BID
607,1712175859.503174,408859682.6416724,77.0,1.269361454109946e-08,82.25,BID
608,1712175859.5088098,408864175.9317896,77.0,1.1406119127266517e-07,82.25,BID
609,1712175859.543324,408867888.79992914,77.0,9.425034929777264e-08,82.25,BID
610,1712175861.333086,408870474.4240835,77.0,6.563550617416931e-08,82.25,BID
611,1712175862.033497,408875353.2640835,77.03,1.2384829110170505e-07,82.25,BID
612,1712175862.1932752,408877437.42275774,77.03,5.2905914149196783e-08,82.25,BID
613,1712175862.1999578,408879472.68611735,77.03,5.166471723348717e-08,82.25,BID
614,1712175862.3733468,408884119.4424488,77.03,1.1795689770752962e-07,82.25,BID
615,1712175862.4133563,408888790.598946,77.03,1.185762906034735e-07,82.25,BID
616,1712175866.0346322,408921395.0261008,77.04,8.27656284164771e-07,82.25,BID
617,1712175866.0412986,408921833.114486,77.0,1.112077827130405e-08,82.25,BID
618,1712175866.0463989,408934666.2258337,77.05,3.25765737331824e-07,82.25,BID
619,1712175866.050974,408959051.7851058,77.04,6.190221125082103e-07,82.25,BID
620,1712175866.0538187,408973789.7092346,77.03,3.741189950320905e-07,82.25,BID
621,1712175866.0567338,408996184.7313677,77.08,5.684927606463424e-07,82.25,BID
622,1712175866.0597308,409006326.4660256,77.08,2.57445726069564e-07,82.25,BID
623,1712175866.062667,409042171.4231252,77.1,9.099164312344088e-07,82.25,BID
624,1712175866.0656612,409051824.0488016,77.08,2.450298010710737e-07,82.25,BID
625,1712175866.0689962,409078017.5870958,77.08,6.649172663232343e-07,82.25,BID
626,1712175866.0719545,409107981.3865207,77.08,7.60624524202696e-07,82.25,BID
627,1712175866.0749452,409130852.8607018,77.08,5.80587392144149e-07,82.25,BID
628,1712175866.077978,409134121.33254623,77.1,8.296944610696616e-08,82.25,BID
629,1712175866.0809596,409178608.33254623,77.1,1.1292928085782394e-06,82.25,BID
630,1712175866.0840251,409185357.1724168,77.1,1.713178306475116e-07,82.25,BID
631,1712175866.086979,409217881.2722744,77.08,8.256171932182487e-07,82.25,BID
632,1712175866.0899577,409270430.74890506,77.1,1.3339570223567758e-06,82.25,BID
633,1712175866.0930424,409280570.9394006,77.12,2.574065278449602e-07,82.25,BID
634,1712175866.0977862,409296383.6989091,77.12,4.014034571159118e-07,82.25,BID
635,1712175866.1008177,409304159.7486758,77.12,1.9739333020214106e-07,82.25,BID
636,1712175866.1038582,409359804.5890695,77.21,1.4125321575077424e-06,82.25,BID
637,1712175866.1069443,409360214.4727823,77.21,1.04048088036997e-08,82.25,BID
638,1712175866.1099942,409408476.2264041,77.21,1.2251141073682723e-06,82.25,BID
639,1712175866.1130457,409473386.00181633,77.21,1.647720515643406e-06,82.25,BID
640,1712175866.1161375,409518627.50697047,77.21,1.1484457576329618e-06,82.25,BID
641,1712175866.1273642,409522402.9796124,77.2,9.583955095943186e-08,82.25,BID
642,1712175866.1356544,409529815.7604469,77.21,1.881718274528659e-07,82.25,BID
643,1712175866.13887,409537279.2058313,77.21,1.894579360232813e-07,82.25,BID
644,1712175866.1419623,409576290.9093424,77.21,9.903035993756762e-07,82.25,BID
645,1712175866.1472328,409620893.7331893,77.21,1.1322329717152069e-06,82.25,BID
646,1712175866.1517773,409652441.9913159,77.21,8.008456633508818e-07,82.25,BID
647,1712175866.1550756,409665440.8214212,77.22,3.299724719097925e-07,82.25,BID
648,1712175866.1581712,409704310.9950413,77.22,9.867108939099495e-07,82.25,BID
649,1712175866.1612463,409743272.0340024,77.22,9.890174908052608e-07,82.25,BID
650,1712175866.164601,409781144.76849633,77.27,9.613911188714531e-07,82.25,BID
651,1712175866.1676617,409781275.1126048,77.28,3.308756811197527e-09,82.25,BID
652,1712175866.1707635,409781472.3781108,77.28,5.007541918745763e-09,82.25,BID
653,1712175866.1742022,409781649.9239108,77.3,4.506961475653799e-09,82.25,BID
654,1712175866.17917,409805981.3781108,77.3,6.176486670325412e-07,82.25,BID
655,1712175866.1933067,409820801.7409894,77.3,3.7621168474714333e-07,82.25,BID
656,1712175866.1987374,409865801.7409894,77.33,1.1423152018796677e-06,82.25,BID
657,1712175866.203834,409878725.5470262,77.38,3.280680022670016e-07,82.25,BID
658,1712175866.2191591,409903601.7409894,77.38,6.314767673119193e-07,82.25,BID
659,1712175866.2282567,409903667.0111538,77.39,1.6568689123941363e-09,82.25,BID
660,1712175866.232178,409903803.2862998,77.4,3.45931490939515e-09,82.25,BID
661,1712175866.2377913,409905095.0939829,77.45,3.2792256761193095e-08,82.25,BID
662,1712175866.2993903,409929713.37828064,77.45,-6.249297866118151e-07,82.25,ASK
663,1712175866.303447,409944792.5839829,77.43,-3.827823534654511e-07,82.25,ASK
664,1712175866.3357427,409966904.5829829,77.49,-5.613082800354361e-07,82.25,ASK
665,1712175866.3586676,409969485.22814417,77.5,6.55091155210059e-08,82.25,BID
666,1712175866.3933623,409969614.1439621,77.57,3.272499969705212e-09,82.25,BID
667,1712175866.40477,409969680.9939229,77.53,1.696971697852564e-09,82.25,BID
668,1712175866.4082074,409994252.6335198,77.7,6.23745721037598e-07,82.25,BID
669,1712175866.4114065,409994431.0069199,77.8,4.527969921513581e-09,82.25,BID
670,1712175866.4146202,410019889.68506587,77.82,6.462630014653959e-07,82.25,BID
671,1712175866.41785,410058624.3525933,77.8,9.83271101252139e-07,82.25,BID
672,1712175866.762925,410059062.3525933,77.7,1.1118534631628764e-08,82.25,BID
673,1712175866.773014,410088268.3525933,77.79,7.413879508021683e-07,82.25,BID
674,1712175866.822956,410101168.3525933,77.79,3.274636912055048e-07,82.25,BID
675,1712175867.1430311,410108870.2643175,77.54,-1.9551135213555734e-07,82.25,ASK
676,1712175867.2033992,410109583.9719228,77.84,1.8117312160755325e-08,82.25,BID
677,1712175867.2105706,410149297.3025901,77.84,1.0081142519677803e-06,82.25,BID
678,1712175867.2161813,410153370.2643175,77.82,1.0339124661913564e-07,82.25,BID
679,1712175867.9033403,410167312.2643175,77.55,-3.539146343245851e-07,82.25,ASK
680,1712175867.9430797,410172005.3887751,77.55,-1.1913394249242385e-07,82.25,ASK
681,1712175868.063254,410187481.2721901,77.54,-3.9285193083381e-07,82.25,ASK
682,1712175868.0702164,410275951.2721901,77.52,-2.2457916868954268e-06,82.25,ASK
683,1712175868.0755196,410275952.03776574,77.55,-1.943397111469968e-11,82.25,ASK
684,1712175868.105255,410301829.495998,77.29,-6.568936427720822e-07,82.25,ASK
685,1712175868.1109347,410305255.03776574,77.29,-8.695663190969337e-08,82.25,ASK
686,1712175869.5772943,410307629.7389597,77.54,6.028127275143689e-08,82.25,BID
687,1712175869.633469,410309285.8581721,77.54,4.204022560970952e-08,82.25,BID
688,1712175870.29375,410309285.8581721,77.54,0.0,82.25,BID
689,1712175873.5030944,410313946.3840802,77.54,1.1792609201940285e-07,82.25,BID
690,1712175874.4734912,410316551.3899648,77.54,6.591491383305417e-08,82.25,BID
691,1712175874.523712,410318956.8841367,77.54,6.086663450918509e-08,82.25,BID
692,1712175878.1630564,410323688.7404152,77.52,1.197309767009759e-07,82.25,BID
693,1712175878.5837283,410325239.4794465,77.52,3.923861755313714e-08,82.25,BID
694,1712175878.5907412,410328783.84329927,77.52,8.968365075019794e-08,82.25,BID
695,1712175878.6080112,410330319.3401048,77.52,3.885294088193692e-08,82.25,BID
696,1712175878.7631807,410330454.7890212,77.52,3.427287325801111e-09,82.25,BID
697,1712175879.6033032,410332005.8251859,77.52,3.924613597052743e-08,82.25,BID
698,1712175879.9630044,410333556.5642172,77.52,3.923861755313714e-08,82.25,BID
699,1712175879.983114,410335092.0610228,77.52,3.885294088344509e-08,82.25,BID
700,1712175881.4530468,410336320.9825914,77.52,3.109561470902844e-08,82.25,BID
701,1712175882.653174,410344097.0323581,77.36,-1.9675873032727722e-07,82.25,ASK
702,1712175883.0832691,410354503.5825914,77.36,-2.633187379735459e-07,82.25,ASK
703,1712175886.993264,410356641.4971407,77.48,5.40960211014965e-08,82.25,BID
704,1712175900.4153075,410356641.4971407,77.48,0.0,82.25,BID
705,1712175900.853474,410358913.7218028,77.42,5.7512941923579326e-08,82.25,BID
706,1712175901.2137055,410360624.0658502,77.42,4.329101761425343e-08,82.25,BID
707,1712175906.6733856,410362612.5771079,77.42,5.033178910002124e-08,82.25,BID
708,1712175906.9132588,410366297.21950287,77.42,9.326305959457948e-08,82.25,BID
709,1712175906.9328232,410370013.6743621,77.42,9.406827416780997e-08,82.25,BID
710,1712175907.0529451,410375664.52317774,77.42,1.430302844509429e-07,82.25,BID
711,1712175907.0936944,410379887.3892069,77.42,1.0688619516364309e-07,82.25,BID
712,1712175907.1731613,410383060.3890508,77.42,8.031272558216055e-08,82.25,BID
713,1712175907.6930542,410385431.58250654,77.42,6.00179699601016e-08,82.25,BID
714,1712175910.5931523,410388140.7887306,77.42,6.857350984083503e-08,82.25,BID
715,1712175911.293584,410389792.957289,77.42,4.18185208243999e-08,82.25,BID
716,1712175911.3130412,410391452.4378619,77.42,4.200359735755949e-08,82.25,BID
717,1712175911.953064,410395296.114197,77.42,9.72884140921538e-08,82.25,BID
718,1712175912.413182,410399873.555458,77.42,1.1586095239491077e-07,82.25,BID
719,1712175912.8731215,410406641.4971407,77.42,1.7130534820674568e-07,82.25,BID
720,1712175912.882893,410406768.5136581,77.42,3.214952159939859e-09,82.25,BID
721,1712175912.9619098,410408509.57537234,77.43,4.4068521449985e-08,82.25,BID
722,1712175913.0331576,410413073.0663375,77.43,1.155078523842041e-07,82.25,BID
723,1712175913.0832274,410417625.9106541,77.43,1.1523837195296933e-07,82.25,BID
724,1712175913.4033232,410421067.6304924,77.43,8.711437582727195e-08,82.25,BID
725,1712175913.5230613,410422619.7474734,77.43,3.928608613349257e-08,82.25,BID
726,1712175914.1640527,410426184.5647425,77.43,9.023013084250438e-08,82.25,BID
727,1712175914.2072167,410429439.0438469,77.43,8.237507093717358e-08,82.25,BID
728,1712175914.2831347,410433649.9921921,77.43,1.0658454318643637e-07,82.25,BID
729,1712175914.9262402,410436833.6419476,77.43,8.058228860405691e-08,82.25,BID
730,1712175915.0629592,410440585.3573605,77.43,9.496076433923117e-08,82.25,BID
731,1712175915.1037557,410440615.5487304,77.43,7.641825778519229e-10,82.25,BID
732,1712175915.1081774,410447518.8876227,77.43,1.7473242651677934e-07,82.25,BID
733,1712175915.1441092,410463711.3394743,77.43,4.09851877099077e-07,82.25,BID
734,1712175915.1633418,410467799.6519384,77.45,1.0348047059041809e-07,82.25,BID
735,1712175915.1677835,410469337.3231129,77.45,3.89204441053244e-08,82.25,BID
736,1712175915.2834036,410471745.43546826,77.45,6.095243500829009e-08,82.25,BID
737,1712175915.290788,410471924.4851008,77.48,4.531977531419113e-09,82.25,BID
738,1712175915.2970808,410476122.1526943,77.48,1.0624839020197461e-07,82.25,BID
739,1712175915.4035652,410476235.79485816,77.5,2.876429993916305e-09,82.25,BID
740,1712175915.4090755,410552735.79485816,77.5,1.936313838418755e-06,82.25,BID
741,1712175915.4154148,410554286.150102,77.5,3.92414942896006e-08,82.25,BID
742,1712175915.4229422,410574886.150102,77.5,5.214126153127628e-07,82.25,BID
743,1712175915.563387,410582484.0323706,77.5,1.9231221672394005e-07,82.25,BID
744,1712175915.5735033,410609263.6704706,77.5,6.778272397492159e-07,82.25,BID
745,1712175915.5795605,410618709.8499413,77.56,2.390950069194541e-07,82.25,BID
746,1712175915.5844295,410620414.1445493,77.54,4.313789848636527e-08,82.25,BID
747,1712175915.588303,410650686.150102,77.54,7.662235721359481e-07,82.25,BID
748,1712175917.0734708,410652581.5073831,77.57,4.797394159634047e-08,82.25,BID
749,1712175917.6133149,410656010.7571952,77.57,8.679874335293314e-08,82.25,BID
750,1712175930.4268792,410656010.7571952,77.57,0.0,82.25,BID
751,1712175934.7231743,410668895.8964226,77.51,3.259481613707759e-07,82.25,BID
752,1712175942.0533285,410669025.1622226,77.36,-3.269964654174133e-09,82.25,ASK
753,1712175942.0599048,410676672.0178328,77.36,-1.9343823007209264e-07,82.25,ASK
754,1712175942.066338,410680680.334939,77.33,-1.0139615629367109e-07,82.25,ASK
755,1712175942.0694058,410681677.7082585,77.36,-2.5229995109474466e-08,82.25,ASK
756,1712175960.2765005,410681677.7082585,77.36,-0.0,82.25,ASK
757,1712175963.3832085,410686254.2069418,77.45,1.1576330798302373e-07,82.25,BID
758,1712175963.403721,410687776.9888831,77.45,3.851902667542743e-08,82.25,BID
759,1712175963.7099526,410690527.9190884,77.45,6.9585244668609e-08,82.25,BID
760,1712175963.7232,410692083.7515095,77.45,3.9355044149342726e-08,82.25,BID
761,1712175963.8829324,410697786.7524999,77.45,1.4425837430938032e-07,82.25,BID
762,1712175964.0436194,410701102.4524999,77.45,8.387119211478828e-08,82.25,BID
763,1712175964.1298015,410701677.7082585,77.45,1.4551191678520794e-08,82.25,BID
764,1712175964.9076946,410707621.2082585,77.5,1.5034183742076674e-07,82.25,BID
765,1712175966.8935986,410709172.3884769,77.5,3.923736589481389e-08,82.25,BID
766,1712175966.9127777,410714305.2884768,77.5,1.2983757336476305e-07,82.25,BID
767,1712175967.7930462,410725282.6884768,77.5,2.776751890467133e-07,82.25,BID
768,1712175968.6430914,410734749.6884768,77.5,2.394693656704633e-07,82.25,BID
769,1712175968.7829971,410736238.5187848,77.5,3.7660214371240885e-08,82.25,BID
770,1712175969.6630144,410739394.8187848,77.5,7.983914216420598e-08,82.25,BID
771,1712175969.9031355,410781276.93155855,77.5,1.0594151239950025e-06,82.25,BID
772,1712175969.9829867,410812878.79233104,77.51,7.993744114497304e-07,82.25,BID
773,1712175970.9748523,410814419.8570781,77.58,-3.898149333787948e-08,82.25,ASK
774,1712175971.3332837,410815968.2543089,77.62,3.916696975457144e-08,82.25,BID
775,1712175971.6938858,410819503.8196605,77.62,8.94327233600603e-08,82.25,BID
776,1712175973.2230284,410821990.91966057,77.69,6.29116150168711e-08,82.25,BID
777,1712175976.7131646,410822707.61966056,77.69,1.812904767858523e-08,82.25,BID
778,1712175977.6731386,410839302.2547932,77.69,4.197641014829506e-07,82.25,BID
779,1712175977.679842,410840353.91261977,77.69,2.660186253711513e-08,82.25,BID
780,1712175987.6130233,410846932.66261977,77.6,-1.6641059357817265e-07,82.25,ASK
781,1712175987.9793065,410846932.6626204,77.58,-1.658480524232988e-17,82.25,ASK
782,1712175987.9871066,410855763.90134174,77.58,-2.2338767663217505e-07,82.25,ASK
783,1712175990.289366,410855763.90134174,77.58,-0.0,82.25,ASK
784,1712175991.173341,410860178.4513669,77.56,-1.1162867811270654e-07,82.25,ASK
785,1712175991.1816452,410864049.4191088,77.56,-9.788336514221353e-08,82.25,ASK
786,1712175991.1899874,410864049.4191095,77.56,-1.808633994717137e-17,82.25,ASK
787,1712175991.2830453,410866130.85749686,77.6,5.263236670475354e-08,82.25,BID
788,1712175991.3066256,410868223.2255389,77.56,5.29087398106748e-08,82.25,BID
789,1712175994.3732398,410870158.09922034,77.57,4.892625299166143e-08,82.25,BID
790,1712175999.7830398,410879943.4440405,77.57,2.474374740220558e-07,82.25,BID
791,1712175999.9829338,410881755.6797782,77.58,4.5825164212777424e-08,82.25,BID
792,1712176014.9130776,410884384.12696856,77.58,6.646432449028259e-08,82.25,BID
793,1712176020.405559,410884384.12696856,77.58,0.0,82.25,BID
794,1712176020.4544635,410885976.2985752,77.56,4.0258244625887634e-08,82.25,BID
795,1712176022.4933145,410888183.9672605,77.43,-5.582115998969105e-08,82.25,ASK
796,1712176022.5028598,410894770.5745122,77.43,-1.6654313196176577e-07,82.25,ASK
797,1712176022.5729165,410894770.5745129,77.43,-1.6578214284104708e-17,82.25,ASK
798,1712176022.67302,410901182.8745129,77.43,1.6213575278899146e-07,82.25,BID
799,1712176022.728279,410903136.3519529,77.5,4.939390472842117e-08,82.25,BID
800,1712176025.2530787,410904425.67634696,77.5,3.260071756119866e-08,82.25,BID
801,1712176030.3830938,410906007.1066546,77.5,3.998664962955143e-08,82.25,BID
802,1712176030.3869865,410907571.7893029,77.5,3.956318310871917e-08,82.25,BID
803,1712176036.5829616,410909655.0893029,77.5,-5.2676483287839126e-08,82.25,ASK
804,1712176038.833999,410915387.2697852,77.58,1.44938851521796e-07,82.25,BID
805,1712176038.841076,410919602.4882222,77.58,1.0658228942101217e-07,82.25,BID
806,1712176038.8594325,410925597.4561072,77.58,1.5158346162551913e-07,82.25,BID
807,1712176038.8647149,410930857.5388295,77.58,1.3300180464293717e-07,82.25,BID
808,1712176038.8727496,410937804.45405495,77.58,1.756535610680935e-07,82.25,BID
809,1712176039.3136318,410940781.7921278,77.58,7.528234015029824e-08,82.25,BID
810,1712176039.3406482,410943341.6292554,77.58,6.472578009514061e-08,82.25,BID
811,1712176039.3731596,410949701.4063749,77.58,1.608077056331682e-07,82.25,BID
812,1712176039.3843005,410951961.7214701,77.64,5.715233060014716e-08,82.25,BID
813,1712176039.4559426,410954214.09978926,77.64,5.6951648291467524e-08,82.25,BID
1014,1712176039.6529813,410956452.2854733,77.64,5.6592785858476564e-08,82.25,BID
814,1712176039.6529813,410956452.2854733,77.64,5.659278585847656e-08,82.25,BID
815,1712176039.854601,410959145.54815584,77.64,6.809946080097362e-08,82.25,BID
816,1712176040.3432183,410962255.8901239,77.64,7.864535914127369e-08,82.25,BID
817,1712176040.3513732,410964426.0304312,77.64,5.487225057816057e-08,82.25,BID
818,1712176040.3728411,410966601.2373189,77.64,5.5000359652899694e-08,82.25,BID
819,1712176045.7173276,410971367.1573188,77.64,1.205068426186728e-07,82.25,BID
820,1712176049.612916,410976766.4175205,77.64,1.365209234289477e-07,82.25,BID
821,1712176050.4109752,410976766.4175205,77.64,0.0,82.25,BID
822,1712176050.7356076,410978255.5019091,77.64,3.764485164506455e-08,82.25,BID
823,1712176050.8760517,410980008.6323676,77.64,4.432007784850009e-08,82.25,BID
824,1712176056.7771697,410981833.049208,77.64,4.6122235801280826e-08,82.25,BID
825,1712176057.5330148,410986070.540333,77.64,1.071260473708477e-07,82.25,BID
826,1712176057.7372694,410989260.17551386,77.64,8.063568734549367e-08,82.25,BID
827,1712176059.8033688,410995527.6894393,77.64,1.5844611206716444e-07,82.25,BID
828,1712176059.883158,410998701.09978926,77.64,8.022551492151949e-08,82.25,BID
829,1712176059.889581,411000211.3742988,77.64,3.818054926390398e-08,82.25,BID
830,1712176059.9831536,411007703.71053886,77.64,1.894102768115188e-07,82.25,BID
831,1712176061.032983,411009662.9862715,77.64,4.953154089439633e-08,82.25,BID
832,1712176065.9830558,411011216.5143694,77.63,3.9274023166483627e-08,82.25,BID
833,1712176066.0828173,411013377.03927135,77.63,5.461922778430677e-08,82.25,BID
834,1712176066.1883504,411022048.7250944,77.63,2.19224866523209e-07,82.25,BID
835,1712176066.2229626,411033394.4146183,77.63,2.8682511361880695e-07,82.25,BID
836,1712176066.3493023,411039390.2010564,77.63,1.5157669551519208e-07,82.25,BID
837,1712176066.403071,411044090.4748934,77.63,1.188254424289121e-07,82.25,BID
838,1712176066.6127944,411050896.08152896,77.63,1.720493842524843e-07,82.25,BID
839,1712176068.172953,411055527.08655226,77.62,1.1707428968413245e-07,82.25,BID
840,1712176075.482983,411075484.7532624,77.62,5.045405137947335e-07,82.25,BID
841,1712176076.48303,411076150.6512269,77.62,1.6834257531803236e-08,82.25,BID
842,1712176080.2830672,411076150.6512269,77.62,0.0,82.25,BID
843,1712176088.028369,411079993.0202708,77.6,9.71182067915612e-08,82.25,BID
844,1712176096.895019,411080193.0202708,77.62,5.055121238006693e-09,82.25,BID
845,1712176096.905373,411081629.0073391,77.62,3.6295443630710666e-08,82.25,BID
846,1712176096.9133234,411083250.86183554,77.62,4.0993355550539095e-08,82.25,BID
847,1712176096.9737422,411084853.6628898,77.62,4.051176824792233e-08,82.25,BID
848,1712176097.232987,411086473.6835822,77.62,4.0947005041012086e-08,82.25,BID
849,1712176097.392939,411087353.2614612,77.62,-2.2231864083362885e-08,82.25,ASK
850,1712176098.5029464,411087353.2614621,77.62,-2.2598152926594136e-17,82.25,ASK
851,1712176110.2709508,411087353.2614621,77.62,-0.0,82.25,ASK
852,1712176112.373523,411098686.0438807,77.62,2.864366506107757e-07,82.25,BID
853,1712176112.4031632,411101049.74064267,77.64,5.974255558328524e-08,82.25,BID
854,1712176112.4132674,411103105.9274934,77.64,5.197022697488228e-08,82.25,BID
855,1712176112.418808,411104866.0529479,77.64,4.4487260163904975e-08,82.25,BID
856,1712176112.42399,411105041.1475854,77.64,4.425525846752736e-09,82.25,BID
857,1712176112.42723,411107556.6041108,77.64,6.357829130340495e-08,82.25,BID
858,1712176112.7059145,411109648.2160195,77.64,5.286559711334225e-08,82.25,BID
859,1712176113.3332322,411111295.00586605,77.64,4.1622696922872536e-08,82.25,BID
860,1712176114.3928354,411113516.4228582,77.64,5.614642718192208e-08,82.25,BID
861,1712176119.073249,411116527.4228582,77.64,7.610317776620039e-08,82.25,BID
862,1712176119.372851,411118025.5952818,77.64,3.786638401935361e-08,82.25,BID
863,1712176120.2208233,411121749.7838444,77.64,9.41290548695674e-08,82.25,BID
1064,1712176120.4763305,411123833.5305846,77.64,5.266680457865082e-08,82.25,BID
864,1712176120.4763305,411123833.5305846,77.64,5.2666804578650824e-08,82.25,BID
865,1712176120.4836836,411125926.2729397,77.64,5.289416920431649e-08,82.25,BID
866,1712176120.4928029,411128005.2683779,77.64,5.2546715179441024e-08,82.25,BID
867,1712176120.715282,411129573.7847624,77.64,3.964433119809391e-08,82.25,BID
868,1712176120.7217205,411131456.1443312,77.64,4.7576733604240886e-08,82.25,BID
1069,1712176120.7528148,411133041.0828828,77.64,4.0059402306813813e-08,82.25,BID
869,1712176120.7528148,411133041.0828828,77.64,4.005940230681381e-08,82.25,BID
870,1712176121.0350926,411135257.0556963,77.64,5.6008825290558753e-08,82.25,BID
871,1712176121.0426548,411136762.3855172,77.64,3.804728759698944e-08,82.25,BID
872,1712176121.0599709,411138983.4226785,77.64,5.613682693823948e-08,82.25,BID
873,1712176124.6332047,411141660.33103263,77.64,6.765899446718919e-08,82.25,BID
874,1712176124.6403875,411144361.54818255,77.64,6.827340051310589e-08,82.25,BID
875,1712176124.6544402,411144418.3831992,77.65,1.436507929863104e-09,82.25,BID
876,1712176124.6578088,411149736.7423654,77.64,1.344217977582846e-07,82.25,BID
877,1712176124.7532294,411151346.03689766,77.67,4.067500095157496e-08,82.25,BID
878,1712176124.7608438,411151449.54116935,77.65,2.6160757182619156e-09,82.25,BID
879,1712176124.7734463,411154137.62822974,77.67,6.794153683428363e-08,82.25,BID
880,1712176125.6939409,411155176.2140688,77.67,2.625030977528941e-08,82.25,BID
881,1712176125.7529294,411168667.6600638,77.67,-3.409969820269254e-07,82.25,ASK
882,1712176125.772891,411168667.6600644,77.67,-1.5065104208013216e-17,82.25,ASK
883,1712176127.34284,411170363.7299671,77.7,4.2868252843060526e-08,82.25,BID
884,1712176129.9328048,411173235.9377518,77.7,7.25951974830375e-08,82.25,BID
885,1712176133.28305,411176245.4377518,77.57,-7.606526519009633e-08,82.25,ASK
886,1712176133.4637833,411178513.8320098,77.64,-5.7333779959337044e-08,82.25,ASK
887,1712176133.4678333,411180766.606652,77.64,-5.693899337768584e-08,82.25,ASK
888,1712176133.4718115,411183461.37457246,77.65,-6.811039591232649e-08,82.25,ASK
889,1712176133.475699,411185709.3550948,77.64,-5.681782175562412e-08,82.25,ASK
890,1712176133.4796278,411187977.7493542,77.63,-5.7333779995493293e-08,82.25,ASK
1090,1712176133.4796278,411187977.7493542,77.63,-5.733377999549329e-08,82.25,ASK
891,1712176133.4835894,411192504.7951585,77.63,-1.1442131238858549e-07,82.25,ASK
892,1712176133.4875183,411194761.3402746,77.63,5.703429229674297e-08,82.25,BID
893,1712176133.491488,411195122.60284126,77.63,9.130929702010585e-09,82.25,BID
894,1712176133.6240072,411198845.8599078,77.65,9.410551126029704e-08,82.25,BID
895,1712176133.6371734,411206094.6859349,77.65,1.8321444561001626e-07,82.25,BID
896,1712176133.6628416,411208855.87539846,77.65,6.978920378468404e-08,82.25,BID
897,1712176140.415197,411208855.87539846,77.65,0.0,82.25,BID
898,1712176144.5831034,411210402.8454333,77.61,3.9090425243726426e-08,82.25,BID
899,1712176144.6031222,411212131.802102,77.61,4.3689050136322784e-08,82.25,BID
900,1712176147.753052,411215225.57086027,77.63,7.817652161887534e-08,82.25,BID
901,1712176150.1633906,411218947.46973526,77.61,-9.404875754990957e-08,82.25,ASK
902,1712176150.171271,411218947.4697356,77.61,-7.530756441269605e-18,82.25,ASK
903,1712176150.2206128,411227951.5650594,77.58,2.275247142684601e-07,82.25,BID
904,1712176151.3637824,411235974.0052916,77.61,2.0271924673214746e-07,82.25,BID
905,1712176151.4432907,411237896.7097642,77.63,4.858486833270436e-08,82.25,BID
906,1712176151.4833772,411239801.6294906,77.63,4.8135465125357554e-08,82.25,BID
907,1712176155.700306,411239907.4294906,77.61,2.6734628973246027e-09,82.25,BID
908,1712176160.573555,411239930.6826906,77.61,5.87585703426569e-10,82.25,BID
909,1712176160.5826402,411243301.1528455,77.61,8.516849626276228e-08,82.25,BID
910,1712176161.0934422,411245548.3028456,77.61,5.67832906346095e-08,82.25,BID
911,1712176163.7634015,411249072.1869253,77.6,8.90451166411589e-08,82.25,BID
912,1712176165.153556,411260199.9650048,77.6,2.8118810795727106e-07,82.25,BID
913,1712176165.473395,411268533.0520406,77.6,2.1056898873167706e-07,82.25,BID
914,1712176165.5734231,411274773.1975407,77.6,1.57682395714627e-07,82.25,BID
915,1712176170.416011,411274773.1975407,77.6,0.0,82.25,BID
916,1712176173.144027,411276682.6584676,77.6,4.8243980739800964e-08,82.25,BID
917,1712176173.4238186,411282285.1584676,77.6,1.415514181454904e-07,82.25,BID
918,1712176174.489407,411282356.1995423,77.42,-1.794906714752805e-09,82.25,ASK
919,1712176174.4950893,411282411.6286839,77.42,-1.4004593658877287e-09,82.25,ASK
920,1712176174.9437008,411284182.2306563,77.6,4.4735603779209504e-08,82.25,BID
921,1712176174.9634695,411285963.8058976,77.6,4.5012851750885234e-08,82.25,BID
922,1712176175.5038369,411287470.2505386,77.6,3.806146814643196e-08,82.25,BID
923,1712176178.2782557,411294442.66184926,77.61,1.7616326799096592e-07,82.25,BID
924,1712176178.30093,411301364.0408393,77.61,1.7487389764650857e-07,82.25,BID
925,1712176184.9839122,411301589.4693622,77.6,5.695622865648024e-09,82.25,BID
926,1712176186.9839437,411304997.45913947,77.61,8.61054504234672e-08,82.25,BID
927,1712176187.0042846,411308440.0486674,77.61,8.69796394067296e-08,82.25,BID
928,1712176200.494377,411308440.0486674,77.61,0.0,82.25,BID
929,1712176206.185233,411308511.0805672,77.43,-1.7983322830988075e-09,82.25,ASK
930,1712176206.2697768,411309318.5505246,77.39,-2.0442917841497008e-08,82.25,ASK
931,1712176206.2813148,411309389.6191372,77.39,-1.7992617508325223e-09,82.25,ASK
932,1712176211.0353634,411309389.61913806,77.39,-2.112635873359079e-17,82.25,ASK
933,1712176211.0421758,411313924.785332,77.39,-1.1481793106403297e-07,82.25,ASK
934,1712176211.0547194,411313995.8539455,77.39,-1.799261773467907e-09,82.25,ASK
935,1712176214.6858914,411322720.2687869,77.5,2.208781815262699e-07,82.25,BID
936,1712176220.765298,411322791.37415206,77.35,-1.800192225086328e-09,82.25,ASK
937,1712176220.7728937,411322862.4979074,77.33,-1.8006578123071763e-09,82.25,ASK
938,1712176220.7791145,411326294.0988995,77.31,-8.687869623787098e-08,82.25,ASK
939,1712176220.7850237,411328022.1906902,77.33,-4.3750529885274e-08,82.25,ASK
940,1712176221.00683,411346136.2906902,77.33,4.585991772207169e-07,82.25,BID
941,1712176221.89509,411352677.7726506,77.33,1.6561232657746114e-07,82.25,BID
942,1712176222.058148,411357709.2248602,77.33,1.2738252761929893e-07,82.25,BID
943,1712176222.1950543,411359348.5448602,77.33,4.1503072369020254e-08,82.25,BID
944,1712176222.7967584,411363093.89879787,77.33,9.482205763611378e-08,82.25,BID
945,1712176223.1777086,411372509.1906902,77.33,2.3836928774451906e-07,82.25,BID
946,1712176223.1823616,411381504.9957979,77.33,2.2774903643105645e-07,82.25,BID
947,1712176223.195022,411383230.0275246,77.31,-4.36730574830682e-08,82.25,ASK
948,1712176223.198995,411383301.16967887,77.31,-1.801123622863816e-09,82.25,ASK
949,1712176223.2146,411383301.1696796,77.31,-1.810830748593496e-17,82.25,ASK
1149,1712176223.2146,411383301.1696796,77.31,-1.8108307485934958e-17,82.25,ASK
950,1712176230.4082851,411383301.1696796,77.31,-0.0,82.25,ASK
951,1712176231.5851529,411389529.0058635,77.33,1.5764856629535996e-07,82.25,BID
952,1712176232.5252357,411391244.2761436,77.28,-4.3419558974464494e-08,82.25,ASK
953,1712176232.5347185,411391315.44591546,77.28,-1.8015587058523747e-09,82.25,ASK
954,1712176233.4950516,411391315.4459159,77.28,-1.0561630976048301e-17,82.25,ASK
955,1712176233.59506,411397894.9934905,77.28,1.6655162585916276e-07,82.25,BID
956,1712176233.6394112,411402798.85279787,77.28,1.241340276604492e-07,82.25,BID
957,1712176233.8951623,411405612.2021385,77.28,7.121582471654374e-08,82.25,BID
958,1712176235.8479578,411426575.8335499,77.27,-5.306636749530332e-07,82.25,ASK
959,1712176235.8559463,411445035.98666745,77.27,-4.67291782672991e-07,82.25,ASK
960,1712176235.9053504,411445107.1656503,77.27,-1.801791867435411e-09,82.25,ASK
961,1712176235.911519,411481661.1218133,77.27,-9.253099489692716e-07,82.25,ASK
962,1712176236.0061803,411502729.73796254,77.27,5.333212100775691e-07,82.25,BID
963,1712176236.0097108,411514780.30024135,77.33,3.0504236306285136e-07,82.25,BID
964,1712176236.0133169,411519300.7104726,77.27,1.144275749998605e-07,82.25,BID
965,1712176236.0169454,411521303.2708703,77.27,5.069188820991969e-08,82.25,BID
966,1712176236.0290985,411524548.8122851,77.33,8.215613509829678e-08,82.25,BID
967,1712176236.032706,411532329.7464034,77.33,1.969629694747037e-07,82.25,BID
968,1712176236.065254,411535229.5170693,77.33,7.340345419693887e-08,82.25,BID
969,1712176236.440504,411535300.705265,77.26,-1.8020250773001886e-09,82.25,ASK
970,1712176236.4443045,411538141.3963184,77.26,-7.19079401962724e-08,82.25,ASK
971,1712176236.6258786,411541837.87641776,77.29,9.357098850852268e-08,82.25,BID
972,1712176236.6321616,411542359.7886699,77.26,1.3211445492514958e-08,82.25,BID
973,1712176236.6383517,411542430.99529856,77.26,1.8024916826126883e-09,82.25,BID
974,1712176236.6431596,411545270.7886699,77.26,7.188521668578535e-08,82.25,BID
975,1712176237.009154,411547211.5313273,77.29,4.9127062505635584e-08,82.25,BID
976,1712176237.925311,411549977.6772264,77.29,7.00209386200499e-08,82.25,BID
977,1712176238.1073596,411551533.970668,77.29,3.9395292772175593e-08,82.25,BID
978,1712176243.3680174,411553330.070668,77.3,4.5465645138386953e-08,82.25,BID
979,1712176244.375224,411553688.035852,77.3,9.061365196515813e-09,82.25,BID
980,1712176255.7355268,411553688.0358529,77.3,2.112326195209661e-17,82.25,BID
981,1712176255.895627,411554046.0010368,77.3,-9.061365195007004e-09,82.25,ASK
982,1712176255.9152637,411563364.5170939,77.3,-2.358846079147745e-07,82.25,ASK
983,1712176255.935472,411563722.4822778,77.3,9.061365195007004e-09,82.25,BID
984,1712176255.942695,411566300.43278,77.33,6.525704733312735e-08,82.25,BID
985,1712176256.8954,411569211.7542308,77.33,7.369584542610308e-08,82.25,BID
986,1712176257.8192923,411571211.6778717,77.33,5.06251425661992e-08,82.25,BID
987,1712176260.289897,411571211.6778717,77.33,0.0,82.25,BID
988,1712176261.2758846,411575129.3778717,77.33,9.913440281966209e-08,82.25,BID
989,1712176266.4880345,411575859.1778717,77.33,1.84670309567326e-08,82.25,BID
990,1712176269.7659698,411582624.8377593,77.32,1.711998500756529e-07,82.25,BID
991,1712176272.2965446,411586783.9822527,77.32,1.0524397110428409e-07,82.25,BID
992,1712176272.3166273,411590021.2585416,77.32,8.191680109759762e-08,82.25,BID
993,1712176272.3358462,411593433.8014224,77.32,8.635178818922147e-08,82.25,BID
994,1712176272.3961003,411596013.2995744,77.32,6.527222831496933e-08,82.25,BID
995,1712176272.4159276,411598036.8669415,77.32,5.120482489755016e-08,82.25,BID
996,1712176272.475874,411601136.5924154,77.32,7.843618290448678e-08,82.25,BID
997,1712176272.51641,411604600.3936648,77.32,8.764884201207935e-08,82.25,BID
998,1712176272.5253978,411609242.4642883,77.32,1.1746404755457265e-07,82.25,BID
999,1712176272.5430453,411611201.4856061,77.32,4.957153647691487e-08,82.25,BID
1000,1712176273.2771423,411615474.1106249,77.32,1.0811550902418077e-07,82.25,BID
1201,1712176273.31565,411620542.1906248,77.32,1.2824388907832332e-07,82.25,BID
1202,1712176274.416253,411620687.8503693,77.33,3.6858084539698156e-09,82.25,BID
1203,1712176274.419387,411623779.4905567,77.33,7.823159091058137e-08,82.25,BID
1204,1712176274.4557834,411629355.2332734,77.33,1.410899059399023e-07,82.25,BID
1205,1712176275.2107944,411630777.3496852,77.33,3.5985568375519686e-08,82.25,BID
1206,1712176275.2122514,411632755.3068094,77.33,5.005069257838927e-08,82.25,BID
1207,1712176275.2306004,411636857.3768708,77.33,1.0379974624274644e-07,82.25,BID
1208,1712176275.3314736,411652916.540095,77.33,4.063648457057458e-07,82.25,BID
1209,1712176275.3488576,411668807.24550414,77.33,4.02102149507608e-07,82.25,BID
1210,1712176275.3660147,411670869.5045247,77.33,5.218388760343746e-08,82.25,BID
1211,1712176275.4665103,411678304.7306623,77.33,1.881427120453912e-07,82.25,BID
1212,1712176275.50701,411681513.6024429,77.33,8.119804673634479e-08,82.25,BID
1213,1712176275.5466664,411686203.5947117,77.33,1.1867666814656757e-07,82.25,BID
1214,1712176275.549964,411690712.130648,77.33,1.1408505440361665e-07,82.25,BID
1215,1712176276.5111125,411693773.4597279,77.33,7.746459151235306e-08,82.25,BID
1216,1712176276.5258625,411696980.16313696,77.33,8.114317775211607e-08,82.25,BID
1217,1712176276.6061823,411700146.7470681,77.33,8.012798503911643e-08,82.25,BID
1218,1712176276.9661186,411704207.7306623,77.33,1.0276008460998269e-07,82.25,BID
1219,1712176276.969462,411705728.9413472,77.33,3.84930731848722e-08,82.25,BID
1220,1712176277.0062308,411711266.751701,77.33,1.4013005649993834e-07,82.25,BID
1221,1712176277.0088704,411718696.3874107,77.33,1.880012505427372e-07,82.25,BID
1222,1712176277.2859666,411723090.6368228,77.33,1.1119312129883157e-07,82.25,BID
1223,1712176277.385906,411725761.3852279,77.33,6.75812461944362e-08,82.25,BID
1224,1712176277.745931,411730049.1952278,77.33,1.0849975336289053e-07,82.25,BID
1225,1712176278.8760242,411732309.8952279,77.33,5.7205284850759184e-08,82.25,BID
1226,1712176279.2958868,411736471.5699468,77.33,1.053079965277148e-07,82.25,BID
1227,1712176279.4012165,411738184.11600935,77.33,4.3334668609260883e-08,82.25,BID
1228,1712176283.336737,411741478.6560093,77.32,8.33658155199994e-08,82.25,BID
1229,1712176283.7762263,411744607.3444392,77.32,7.916906835673247e-08,82.25,BID
1230,1712176290.298092,411744607.3444392,77.32,0.0,82.25,BID
1231,1712176290.3201509,411747253.14188,77.32,6.692717382892253e-08,82.25,BID
1232,1712176290.322979,411754434.66541815,77.32,1.8166132704608642e-07,82.25,BID
1233,1712176290.358521,411756360.860221,77.32,4.8724355240303774e-08,82.25,BID
1234,1712176291.7265065,411758855.5899342,77.32,6.310581701804255e-08,82.25,BID
1235,1712176292.226549,411759107.0587075,77.32,6.361066816323465e-09,82.25,BID
1236,1712176292.2293108,411760989.4603253,77.32,4.7616578028232535e-08,82.25,BID
1237,1712176292.3066134,411762580.5289048,77.32,4.0247118601908045e-08,82.25,BID
1238,1712176299.646276,411762779.6289048,77.33,5.036364502178068e-09,82.25,BID
1239,1712176300.59647,411764648.82563806,77.33,4.728255185199031e-08,82.25,BID
1240,1712176300.6000144,411766864.32563806,77.33,5.60425191021565e-08,82.25,BID
1241,1712176300.6165862,411768720.2178824,77.33,4.6946006118217944e-08,82.25,BID
1242,1712176300.6193297,411770572.8858887,77.33,4.686444691179138e-08,82.25,BID
1243,1712176300.6764226,411773091.1435577,77.33,6.370097202476036e-08,82.25,BID
1244,1712176300.6792085,411776844.188472,77.33,9.493572164351204e-08,82.25,BID
1245,1712176300.7033205,411780415.541945,77.33,9.033971800116709e-08,82.25,BID
1246,1712176300.7567785,411783372.4733623,77.33,7.479751091568453e-08,82.25,BID
1247,1712176300.7604947,411783501.3437036,77.36,3.2598594285988343e-09,82.25,BID
1248,1712176300.7642028,411783643.6799293,77.34,3.600487768185343e-09,82.25,BID
1249,1712176305.2478034,411785412.53134286,77.33,4.4744251470385855e-08,82.25,BID
1250,1712176305.3865702,411787913.3031139,77.33,6.325865481704852e-08,82.25,BID
1251,1712176313.858327,411792850.329857,77.33,1.2488531507958626e-07,82.25,BID
1252,1712176316.666502,411793404.9916958,77.33,1.4030533377495129e-08,82.25,BID
1253,1712176320.437394,411793404.9916958,77.33,0.0,82.25,BID
1254,1712176321.1071153,411793531.1538831,77.33,3.191050320822754e-09,82.25,BID
1255,1712176323.7769504,411795513.5538831,77.33,5.014131644666313e-08,82.25,BID
1256,1712176325.6368048,411801480.9731212,77.33,1.509353593591551e-07,82.25,BID
1257,1712176325.787852,411828130.6799293,77.33,6.740573962325033e-07,82.25,BID
1258,1712176325.7902,411833286.900862,77.33,1.3041752696562126e-07,82.25,BID
1259,1712176325.7929528,411844239.2493835,77.4,2.7702036574798973e-07,82.25,BID
1260,1712176325.7958534,411855893.51629335,77.4,2.947741551084927e-07,82.25,BID
1261,1712176325.8033583,411893593.51629335,77.4,9.535550999101766e-07,82.25,BID
1262,1712176325.8048165,411931293.51629335,77.4,9.535550999101766e-07,82.25,BID
1263,1712176325.8071032,411968993.51629335,77.4,9.535550999101766e-07,82.25,BID
1264,1712176325.8084595,411979998.22534025,77.4,2.783447330158996e-07,82.25,BID
1265,1712176325.817188,412004925.3573403,77.4,6.304879003915622e-07,82.25,BID
1266,1712176325.8275611,412009015.5430169,77.41,1.0345404274626537e-07,82.25,BID
1267,1712176325.8304646,412016003.4497034,77.44,1.767467920051464e-07,82.25,BID
1268,1712176325.833463,412054798.22534025,77.43,9.812455214427345e-07,82.25,BID
1269,1712176325.8876083,412064978.64057046,77.43,2.574956727314155e-07,82.25,BID
1270,1712176325.8905363,412080942.6704841,77.44,4.037820196098885e-07,82.25,BID
1271,1712176325.8930967,412094848.32737714,77.44,3.517190994147339e-07,82.25,BID
1272,1712176325.895511,412110691.1664138,77.44,4.0071670982769977e-07,82.25,BID
1273,1712176325.9274988,412113555.0319274,77.5,7.243643410915184e-08,82.25,BID
1274,1712176325.9290724,412115226.33260775,77.5,4.2272607088088126e-08,82.25,BID
1275,1712176325.930478,412159506.33260775,77.53,1.1199846107167804e-06,82.25,BID
1276,1712176325.9320743,412184155.0319274,77.56,6.234454361383269e-07,82.25,BID
1277,1712176325.9672492,412254755.0319274,77.55,1.7857026539431954e-06,82.25,BID
1278,1712176325.9702356,412327846.33260775,77.55,1.848715716785298e-06,82.25,BID
1279,1712176326.046741,412330634.1619839,77.55,7.051323393415972e-08,82.25,BID
1280,1712176326.066579,412339031.3677759,77.55,2.123925307152851e-07,82.25,BID
1281,1712176326.086748,412343998.14412254,77.55,1.256258598259006e-07,82.25,BID
1282,1712176326.1067436,412365098.14412254,77.55,5.33687337085006e-07,82.25,BID
1283,1712176326.140518,412371966.1909048,77.55,1.737151468339814e-07,82.25,BID
1284,1712176326.1419132,412419001.3532976,77.55,1.1896715908422573e-06,82.25,BID
1285,1712176326.167105,412466155.1852562,77.55,1.1926731284992789e-06,82.25,BID
1286,1712176326.266715,412542555.1852562,77.55,1.932403438544761e-06,82.25,BID
1287,1712176327.1668546,412549161.8852562,77.55,1.6710484028024396e-07,82.25,BID
1288,1712176327.3671925,412556642.046616,77.55,1.891975069716913e-07,82.25,BID
1289,1712176327.3704493,412562244.4498141,77.55,1.417029215205106e-07,82.25,BID
1290,1712176327.4073355,412565938.1139283,77.51,-9.342472820766313e-08,82.25,ASK
1291,1712176327.4097996,412573977.4498141,77.51,-2.033408417458144e-07,82.25,ASK
1292,1712176327.467134,412579425.737043,77.42,-1.3780482951926298e-07,82.25,ASK
1293,1712176327.4696193,412579426.0895042,77.51,-8.914885749062187e-12,82.25,ASK
1294,1712176327.4721708,412583709.10598,77.44,-1.08331358182898e-07,82.25,ASK
1295,1712176327.4746747,412585710.4498141,77.42,-5.062046736556752e-08,82.25,ASK
1296,1712176327.7870712,412620157.61792177,77.51,8.71280446326065e-07,82.25,BID
1297,1712176327.798216,412636000.4569585,77.59,4.0071670982769977e-07,82.25,BID
1298,1712176327.8007722,412660798.1924005,77.55,6.272150423602871e-07,82.25,BID
1299,1712176327.8033383,412662916.33893496,77.58,5.357478594894152e-08,82.25,BID
1300,1712176327.805997,412696862.7284359,77.62,8.586141334784014e-07,82.25,BID
1301,1712176327.8097692,412701601.0584707,77.62,1.198477127265442e-07,82.25,BID
1302,1712176327.811263,412732127.6804301,77.62,7.721171366685587e-07,82.25,BID
1303,1712176327.9670196,412740285.7780065,77.62,2.0634470953638694e-07,82.25,BID
1304,1712176327.9696138,412743970.29659504,77.62,9.319340824453488e-08,82.25,BID
1305,1712176328.0668912,412751409.6210058,77.62,1.881646082690748e-07,82.25,BID
1306,1712176329.7575717,412759264.7888612,77.42,-1.9868263578647105e-07,82.25,ASK
1307,1712176329.761062,412768885.93165225,77.4,-2.433498614167158e-07,82.25,ASK
1308,1712176338.5927064,412770187.6637859,77.4,-3.292502161105894e-08,82.25,ASK
1309,1712176338.597706,412772780.4637852,77.4,-6.55803093483627e-08,82.25,ASK
1310,1712176338.6756265,412772780.4637859,77.4,-1.658353960326234e-17,82.25,ASK
1311,1712176338.7004883,412774405.49934775,77.39,-4.1102412401767326e-08,82.25,ASK
1312,1712176339.0670812,412785394.1681687,77.29,2.7793902375243415e-07,82.25,BID
1313,1712176339.100772,412790048.94342136,77.29,1.1773434167349573e-07,82.25,BID
1314,1712176339.1026404,412818892.49934775,77.29,7.295469457068029e-07,82.25,BID
1315,1712176340.9118133,412823510.14217776,77.38,-1.1679514244360025e-07,82.25,ASK
1316,1712176350.1901312,412823510.1421784,77.38,-1.5075945093874854e-17,82.25,ASK
1317,1712176350.201712,412829767.84217775,77.35,-1.5827749995034965e-07,82.25,ASK
1318,1712176350.4223268,412829767.84217775,77.35,-0.0,82.25,ASK
1319,1712176350.7176373,412830109.0667161,77.49,8.613178185032248e-09,82.25,BID
1320,1712176350.719433,412855967.84217775,77.49,6.527263301496676e-07,82.25,BID
1321,1712176350.742395,412858058.2533276,77.49,5.276608710022862e-08,82.25,BID
1322,1712176350.7779691,412861527.9031186,77.49,8.758078194329986e-08,82.25,BID
1323,1712176350.7808473,412925980.4973895,77.49,1.6269101910688156e-06,82.25,BID
1324,1712176350.7980976,412951819.4973895,77.55,6.522271586206224e-07,82.25,BID
1325,1712176350.8030553,412953235.04052186,77.61,3.573109157193376e-08,82.25,BID
1326,1712176350.8046696,413002934.4973895,77.49,1.2545119988299052e-06,82.25,BID
1327,1712176350.806438,413028780.4973895,77.51,6.524038523823913e-07,82.25,BID
1328,1712176350.8081045,413109894.95425713,77.61,2.0474883596823707e-06,82.25,BID
1329,1712176350.8097365,413117380.4973895,77.63,1.8894982499146162e-07,82.25,BID
1330,1712176350.8576765,413118516.2080045,77.63,2.8667568691636948e-08,82.25,BID
1331,1712176350.8597882,413149680.4973895,77.63,7.866479320415998e-07,82.25,BID
1332,1712176350.9985886,413175526.4973895,77.53,6.524038523823913e-07,82.25,BID
1333,1712176351.000273,413181965.6474217,77.65,1.6253680596958948e-07,82.25,BID
1334,1712176351.001884,413194604.5985142,77.66,3.190319733346606e-07,82.25,BID
1335,1712176351.0035248,413198326.4973895,77.65,9.394804474274068e-08,82.25,BID
1336,1712176359.0358906,413200163.3973895,77.58,-4.636696728413139e-08,82.25,ASK
1337,1712176359.0474052,413216006.23642623,77.57,-3.999044037862001e-07,82.25,ASK
1338,1712176359.1074517,413217842.3973895,77.57,4.634831254392043e-08,82.25,BID
1339,1712176360.9785757,413222326.47075856,77.49,-1.131868273758747e-07,82.25,ASK
1340,1712176360.9887054,413227909.3973895,77.49,-1.409240440136453e-07,82.25,ASK
1341,1712176361.0575275,413227910.3496046,77.49,-2.403578203336805e-11,82.25,ASK
1342,1712176361.4775217,413229899.5772373,77.49,5.021201620521149e-08,82.25,BID
1343,1712176362.102095,413241206.6772373,77.49,2.854134333842608e-07,82.25,BID
1344,1712176366.1775768,413254084.9773017,77.5,3.250736119391789e-07,82.25,BID
1345,1712176377.417833,413265472.6773017,77.5,2.874479358418007e-07,82.25,BID
1346,1712176380.3002234,413265472.6773017,77.5,0.0,82.25,BID
1347,1712176389.4782424,413314503.64127177,77.38,-1.2365833053150446e-06,82.25,ASK
1348,1712176389.7182846,413314503.6412724,77.35,-1.5032563645593718e-17,82.25,ASK
1349,1712176389.7219162,413319392.64127177,77.24,-1.233028129456979e-07,82.25,ASK
1350,1712176389.7383194,413327798.64127177,77.24,-2.120031592857231e-07,82.25,ASK
1351,1712176389.757889,413335409.64127177,77.24,-1.919528961841112e-07,82.25,ASK
1352,1712176389.77799,413350006.64127177,77.24,-3.681430069109802e-07,82.25,ASK
1353,1712176389.7816124,413351603.64127177,77.24,-4.0277069400344964e-08,82.25,ASK
1354,1712176392.1680827,413355184.4412717,77.4,9.030941146326532e-08,82.25,BID
1355,1712176392.9679644,413359018.2412717,77.4,9.669018701786017e-08,82.25,BID
1356,1712176394.3834376,413362006.3499252,77.4,7.536146500451966e-08,82.25,BID
1357,1712176394.3925908,413362257.73994935,77.4,6.340171226211785e-09,82.25,BID
1358,1712176394.5780609,413367509.7751531,77.45,1.3245872660907396e-07,82.25,BID
1359,1712176396.608472,413372024.5751531,77.45,-1.1386531805207117e-07,82.25,ASK
1360,1712176396.6131184,413376646.7751531,77.45,-1.165739951044423e-07,82.25,ASK
1361,1712176396.7282348,413404059.5171236,77.45,-6.91361872760646e-07,82.25,ASK
1362,1712176396.8080664,413411368.5171236,77.45,-1.843363182511718e-07,82.25,ASK
1363,1712176397.0680735,413413196.5171236,77.45,-4.610299490534164e-08,82.25,ASK
1364,1712176410.2906344,413413196.5171236,77.45,-0.0,82.25,ASK
1365,1712176436.928788,413423941.7700932,77.45,2.709220926476253e-07,82.25,BID
1366,1712176436.9687283,413449844.7700932,77.46,6.530972314649851e-07,82.25,BID
1367,1712176436.9788835,413489552.7700932,77.47,1.0011653039034717e-06,82.25,BID
1368,1712176436.9822524,413573653.7700932,77.47,2.1204543976928043e-06,82.25,BID
1369,1712176436.9853208,413590641.7700932,77.48,4.283216526320182e-07,82.25,BID
1370,1712176436.9887147,413599539.7700932,77.48,2.243469546220684e-07,82.25,BID
1371,1712176436.998428,413612941.7700932,77.5,3.3790715732130373e-07,82.25,BID
1372,1712176437.048564,413626959.663954,77.5,3.534358055618873e-07,82.25,BID
1373,1712176437.058579,413638041.7700932,77.5,2.794152352353612e-07,82.25,BID
1374,1712176437.1385689,413639578.1808314,77.5,3.8737814133189095e-08,82.25,BID
1375,1712176437.148492,413639758.5041885,77.5,4.5465268615185105e-09,82.25,BID
1376,1712176437.1586115,413643932.0294784,77.5,1.0522788141444296e-07,82.25,BID
1377,1712176437.406703,413653002.5294784,77.56,2.286962297032447e-07,82.25,BID
1378,1712176437.6993544,413676923.6941198,77.72,6.031288422477127e-07,82.25,BID
1379,1712176437.7033591,413694052.5777596,77.7,4.318737784506997e-07,82.25,BID
1380,1712176437.7072034,413732842.5777596,77.67,9.780195965149509e-07,82.25,BID
1381,1712176437.7101333,413771467.5294784,77.71,9.738582030275148e-07,82.25,BID
1382,1712176437.8586664,413777921.5294784,77.7,1.627259210081849e-07,82.25,BID
1383,1712176440.424431,413777921.5294784,77.7,0.0,82.25,BID
1384,1712176448.3491807,413780428.5294784,77.5,-6.316441751513435e-08,82.25,ASK
1385,1712176448.368758,413780428.8843584,77.5,-8.941280691542395e-12,82.25,ASK
1386,1712176448.4890332,413780428.8843588,77.45,-9.010512967931496e-18,82.25,ASK
1387,1712176448.4930868,413785939.0527828,77.45,-1.3882990782325285e-07,82.25,ASK
1388,1712176449.8694713,413788607.2469859,77.45,6.722574098862863e-08,82.25,BID
1389,1712176455.319234,413788607.2469867,77.44,-1.952277809718491e-17,82.25,ASK
1390,1712176455.324072,413793123.5930327,77.44,-1.13790333982568e-07,82.25,ASK
1391,1712176455.8994594,413795277.5930324,77.31,-5.42705047088193e-08,82.25,ASK
1392,1712176463.3580554,413795458.5930324,77.31,-4.560334890402598e-09,82.25,ASK
1393,1712176470.423309,413795458.5930324,77.31,-0.0,82.25,ASK
1394,1712176477.769879,413798602.8930324,77.4,7.92186209977891e-08,82.25,BID
1395,1712176484.559831,413800141.35978544,77.31,-3.876068270468459e-08,82.25,ASK
1396,1712176484.5646026,413800557.2946194,77.31,-1.0479211261600604e-08,82.25,ASK
1397,1712176484.5696845,413800557.2946197,77.31,-9.010204683048596e-18,82.25,ASK
1398,1712176485.4794476,413802505.905697,77.31,-4.90940057882838e-08,82.25,ASK
1399,1712176485.4842267,413824326.2946197,77.31,-5.497506981169764e-07,82.25,ASK
1400,1712176500.290249,413824326.2946197,77.31,-0.0,82.25,ASK
1401,1712176500.383507,413849436.2392034,77.31,6.328899212110768e-07,82.25,BID
1402,1712176501.1242037,413852675.53920335,77.4,8.16457525391518e-08,82.25,BID
1403,1712176502.2153783,413855489.53920335,77.4,7.09261715952691e-08,82.25,BID
1404,1712176516.2916477,413859376.0062512,77.4,9.795743736047274e-08,82.25,BID
1405,1712176517.1013973,413861569.72868425,77.4,5.5292229467571954e-08,82.25,BID
1406,1712176517.6398766,413865528.95728666,77.4,9.979137428549534e-08,82.25,BID
1407,1712176517.7598877,413868418.821508,77.4,7.283831046531501e-08,82.25,BID
1408,1712176517.779634,413870595.85254806,77.4,5.487152704918447e-08,82.25,BID
1409,1712176517.840507,413871835.8845086,77.4,3.125469780290418e-08,82.25,BID
1410,1712176517.844107,413875550.4018564,77.4,9.362348784660149e-08,82.25,BID
1411,1712176517.8795002,413875828.7335748,77.4,7.0152818844433995e-09,82.25,BID
1412,1712176517.881711,413877716.9909726,77.4,4.759305906550599e-08,82.25,BID
1413,1712176517.883793,413879530.7111287,77.4,4.5714366389374494e-08,82.25,BID
1414,1712176517.96313,413885692.8765134,77.4,1.55315849138009e-07,82.25,BID
1415,1712176517.9800684,413889722.1715534,77.4,1.0155738145401141e-07,82.25,BID
1416,1712176517.98346,413891261.8651826,77.4,3.880759579011376e-08,82.25,BID
1417,1712176518.1804044,413894797.9319828,77.4,8.91256860844687e-08,82.25,BID
1418,1712176518.18776,413901309.6500249,77.4,1.641262371116795e-07,82.25,BID
1419,1712176518.2602675,413903328.79706097,77.4,5.0892099913566616e-08,82.25,BID
1420,1712176518.2634945,413903781.6795885,77.4,1.1414791704292162e-08,82.25,BID
1421,1712176518.3428285,413905251.3643346,77.4,3.704303926806772e-08,82.25,BID
1422,1712176518.479779,413931120.3643346,77.44,6.520217245906241e-07,82.25,BID
1423,1712176518.4898615,413956989.3643346,77.42,6.520217245906241e-07,82.25,BID
1424,1712176518.493129,413971905.3643346,77.42,3.759540780081856e-07,82.25,BID
1425,1712176518.6701024,413976074.81299686,77.5,1.0508991871868605e-07,82.25,BID
1426,1712176520.1752777,413976074.8129969,77.49,-1.502320278327795e-18,82.25,ASK
1427,1712176520.1771915,413981439.0895959,77.49,-1.3520526032141032e-07,82.25,ASK
1428,1712176520.2298772,413983487.6995959,77.49,5.1634706607249055e-08,82.25,BID
1429,1712176520.5303593,413986803.0895959,77.41,-8.356358210526815e-08,82.25,ASK
1430,1712176520.9699185,413996512.6990584,77.5,2.4472829668098665e-07,82.25,BID
1431,1712176521.0949187,414000180.1396816,77.5,9.2436930687279e-08,82.25,BID
1432,1712176521.5199,414001787.4547141,77.5,4.05119764767988e-08,82.25,BID
1433,1712176521.5867453,414009043.4020279,77.5,1.8288435119387294e-07,82.25,BID
1434,1712176521.779749,414016316.31709087,77.5,1.833120191037053e-07,82.25,BID
1435,1712176521.879745,414018859.06116736,77.5,6.40892333660314e-08,82.25,BID
1436,1712176522.9999876,414022508.3335976,77.5,9.197900589380437e-08,82.25,BID
1437,1712176523.059896,414028127.2563995,77.5,1.4162355466558946e-07,82.25,BID
1438,1712176523.310202,414041829.5129213,77.5,3.453619748773438e-07,82.25,BID
1439,1712176526.680091,414044695.06116736,77.5,7.22254323441339e-08,82.25,BID
1440,1712176526.781607,414066137.5914774,77.5,-5.404536546575279e-07,82.25,ASK
1441,1712176526.784899,414093156.73963046,77.5,-6.810109233341869e-07,82.25,ASK
1442,1712176528.6735027,414095275.5489851,77.52,5.3404063918437073e-08,82.25,BID
1443,1712176530.2937047,414095275.5489851,77.52,0.0,82.25,BID
1444,1712176530.8090668,414100093.676112,77.52,1.2137550710134638e-07,82.25,BID
1445,1712176531.9200542,414103949.676112,77.4,-9.713814996130816e-08,82.25,ASK
1446,1712176532.0701132,414110401.2890152,77.49,1.625253479478682e-07,82.25,BID
1447,1712176534.3101814,414110402.0890153,77.4,-2.0153143445804853e-11,82.25,ASK
1448,1712176542.024061,414111977.7247948,77.39,3.969251676179317e-08,82.25,BID
1449,1712176556.7804437,414112465.7206598,77.39,1.2293313153379576e-08,82.25,BID
1450,1712176560.422923,414112465.7206598,77.39,0.0,82.25,BID
1451,1712176566.8073225,414116340.7206598,77.27,-9.761351253351244e-08,82.25,ASK
1452,1712176566.860685,414116341.6896521,77.27,-2.440948163252068e-11,82.25,ASK
1453,1712176566.8701894,414130344.7206598,77.25,-3.527445271685116e-07,82.25,ASK
1454,1712176567.0604322,414130944.9323705,77.25,-1.5119683443700902e-08,82.25,ASK
1455,1712176567.0706108,414140773.7206598,77.25,-2.4759291583681555e-07,82.25,ASK
1456,1712176567.290295,414149116.7206598,77.25,-2.1016504130763725e-07,82.25,ASK
1457,1712176567.8304403,414158502.8954947,77.25,-2.364432244874681e-07,82.25,ASK
1458,1712176567.8505287,414182489.7867394,77.25,-6.042437959110839e-07,82.25,ASK
1459,1712176567.9712296,414188173.2130702,77.2,-1.431688277097578e-07,82.25,ASK
1460,1712176567.975572,414205012.5913085,77.2,-4.24193769992991e-07,82.25,ASK
1461,1712176567.9790697,414205126.27620935,77.21,-2.8637890299584794e-09,82.25,ASK
1462,1712176567.9825163,414209006.757389,77.21,-9.775158664936085e-08,82.25,ASK
1463,1712176568.0340176,414214309.757389,77.13,-1.3358566631360428e-07,82.25,ASK
