,time,acc_trade_volume,trade_price,dev,high,ask_bid
0,1712173460.2774165,22590021.16999485,52.72,0.0,53.66,ASK
1,1712173470.552413,22590021.16999485,52.72,-0.0,53.66,ASK
2,1712173500.4124773,22590021.16999485,52.72,-0.0,53.66,ASK
3,1712173530.3843532,22590021.16999485,52.72,-0.0,53.66,ASK
4,1712173560.5788622,22590021.16999485,52.72,-0.0,53.66,ASK
5,1712173590.5722055,22590021.16999485,52.72,-0.0,53.66,ASK
6,1712173620.392836,22590021.16999485,52.72,-0.0,53.66,ASK
7,1712173650.3922107,22590021.16999485,52.72,-0.0,53.66,ASK
8,1712173680.5619533,22590021.16999485,52.72,-0.0,53.66,ASK
9,1712173710.5643516,22590021.16999485,52.72,-0.0,53.66,ASK
10,1712173740.3822064,22590021.16999485,52.72,-0.0,53.66,ASK
11,1712173770.382071,22590021.16999485,52.72,-0.0,53.66,ASK
12,1712173800.4123666,22590021.16999485,52.72,-0.0,53.66,ASK
13,1712173830.362254,22590021.16999485,52.72,-0.0,53.66,ASK
14,1712173860.5744195,22590021.16999485,52.72,-0.0,53.66,ASK
15,1712173890.5617452,22590021.16999485,52.72,-0.0,53.66,ASK
16,1712173920.3719158,22590021.16999485,52.72,-0.0,53.66,ASK
17,1712173950.382016,22590021.16999485,52.72,-0.0,53.66,ASK
18,1712173980.5616417,22590021.16999485,52.72,-0.0,53.66,ASK
19,1712174010.561706,22590021.16999485,52.72,-0.0,53.66,ASK
20,1712174040.3819082,22590021.16999485,52.72,-0.0,53.66,ASK
21,1712174070.4022815,22590021.16999485,52.72,-0.0,53.66,ASK
22,1712174100.5514529,22590021.16999485,52.72,-0.0,53.66,ASK
23,1712174130.5517187,22590021.16999485,52.72,-0.0,53.66,ASK
24,1712174160.4124448,22590021.16999485,52.72,-0.0,53.66,ASK
25,1712174190.4134076,22590021.16999485,52.72,-0.0,53.66,ASK
26,1712174220.4222665,22590021.16999485,52.72,-0.0,53.66,ASK
27,1712174250.41238,22590021.16999485,52.72,-0.0,53.66,ASK
28,1712174280.5622478,22590021.16999485,52.72,-0.0,53.66,ASK
29,1712174310.5724766,22590021.16999485,52.72,-0.0,53.66,ASK
30,1712174340.3549914,22590021.16999485,52.72,-0.0,53.66,ASK
31,1712174370.1450322,22596764.73205386,52.75,-5.119023982257521e-06,53.66,ASK
32,1712174370.383136,22596764.73205386,52.75,-0.0,53.66,ASK
33,1712174400.454384,22596764.73205386,52.75,-0.0,53.66,ASK
34,1712174430.3832316,22596764.73205386,52.75,-0.0,53.66,ASK
35,1712174460.5527835,22596764.73205386,52.75,-0.0,53.66,ASK
36,1712174490.563051,22596764.73205386,52.75,-0.0,53.66,ASK
37,1712174520.3838236,22596764.73205386,52.75,-0.0,53.66,ASK
38,1712174550.3694246,22596764.73205386,52.75,-0.0,53.66,ASK
39,1712174580.5432146,22596764.73205386,52.75,-0.0,53.66,ASK
40,1712174610.5663576,22596764.73205386,52.75,-0.0,53.66,ASK
41,1712174640.3634183,22596764.73205386,52.75,-0.0,53.66,ASK
42,1712174670.3834517,22596764.73205386,52.75,-0.0,53.66,ASK
43,1712174700.5533345,22596764.73205386,52.75,-0.0,53.66,ASK
44,1712174730.5632622,22596764.73205386,52.75,-0.0,53.66,ASK
45,1712174760.4015963,22596764.73205386,52.75,-0.0,53.66,ASK
46,1712174790.383241,22596764.73205386,52.75,-0.0,53.66,ASK
47,1712174820.5836358,22596764.73205386,52.75,-0.0,53.66,ASK
48,1712174850.5741065,22596764.73205386,52.75,-0.0,53.66,ASK
49,1712174880.383644,22596764.73205386,52.75,-0.0,53.66,ASK
50,1712174910.3647351,22596764.73205386,52.75,-0.0,53.66,ASK
51,1712174940.5732722,22596764.73205386,52.75,-0.0,53.66,ASK
52,1712174970.5535262,22596764.73205386,52.75,-0.0,53.66,ASK
53,1712175000.4254944,22596764.73205386,52.75,-0.0,53.66,ASK
54,1712175030.3936155,22596764.73205386,52.75,-0.0,53.66,ASK
55,1712175060.5633533,22596764.73205386,52.75,-0.0,53.66,ASK
56,1712175090.5635123,22596764.73205386,52.75,-0.0,53.66,ASK
57,1712175120.3837495,22596764.73205386,52.75,-0.0,53.66,ASK
58,1712175150.3836677,22596764.73205386,52.75,-0.0,53.66,ASK
59,1712175180.5540557,22596764.73205386,52.75,-0.0,53.66,ASK
60,1712175210.5734696,22596764.73205386,52.75,-0.0,53.66,ASK
61,1712175240.3943152,22596764.73205386,52.75,-0.0,53.66,ASK
62,1712175270.3938038,22596764.73205386,52.75,-0.0,53.66,ASK
63,1712175295.9238548,22608564.73205386,53.1,8.983658842171036e-06,53.66,BID
64,1712175295.925734,22615595.79964941,53.11,5.3529417436148624e-06,53.66,BID
65,1712175297.8434677,22622266.33118782,52.75,-5.078455901440851e-06,53.66,ASK
66,1712175297.8449016,22634266.33118782,52.76,-9.13592424627563e-06,53.66,ASK
67,1712175300.4283187,22634266.33118782,52.76,-0.0,53.66,ASK
68,1712175330.3734376,22634266.33118782,52.76,-0.0,53.66,ASK
69,1712175360.5734825,22634266.33118782,52.76,-0.0,53.66,ASK
70,1712175390.573818,22634266.33118782,52.76,-0.0,53.66,ASK
71,1712175392.7935402,22641874.49378405,52.77,-5.783930537649055e-06,53.66,ASK
72,1712175420.383636,22641874.49378405,52.77,-0.0,53.66,ASK
73,1712175450.3870256,22641874.49378405,52.77,-0.0,53.66,ASK
74,1712175480.553471,22641874.49378405,52.77,-0.0,53.66,ASK
75,1712175510.5631597,22641874.49378405,52.77,-0.0,53.66,ASK
76,1712175540.374271,22641874.49378405,52.77,-0.0,53.66,ASK
77,1712175570.3955474,22641874.49378405,52.77,-0.0,53.66,ASK
78,1712175600.4234433,22641874.49378405,52.77,-0.0,53.66,ASK
79,1712175630.3560536,22641874.49378405,52.77,-0.0,53.66,ASK
80,1712175660.5739164,22641874.49378405,52.77,-0.0,53.66,ASK
81,1712175690.573365,22641874.49378405,52.77,-0.0,53.66,ASK
82,1712175720.3887498,22641874.49378405,52.77,-0.0,53.66,ASK
83,1712175746.2333856,22642632.5002271,52.78,-5.76081125036126e-07,53.66,ASK
84,1712175750.3754826,22642632.5002271,52.78,-0.0,53.66,ASK
85,1712175780.5533376,22642632.5002271,52.78,-0.0,53.66,ASK
86,1712175810.5534174,22642632.5002271,52.78,-0.0,53.66,ASK
87,1712175815.8635423,22646895.478628,52.78,-3.239743866759748e-06,53.66,ASK
88,1712175815.8653238,22659195.478628,52.79,-9.347654577081098e-06,53.66,ASK
89,1712175815.8670423,22670337.47218495,52.78,-8.467602200848295e-06,53.66,ASK
90,1712175815.8688164,22671393.65662176,52.77,-8.026705109769782e-07,53.66,ASK
91,1712175837.8034458,22671507.48701448,52.77,-8.650790174831686e-08,53.66,ASK
92,1712175840.384174,22671507.48701448,52.77,-0.0,53.66,ASK
93,1712175870.398103,22671507.48701448,52.77,-0.0,53.66,ASK
94,1712175900.562882,22671507.48701448,52.77,-0.0,53.66,ASK
95,1712175930.573001,22671507.48701448,52.77,-0.0,53.66,ASK
96,1712175960.3731632,22671507.48701448,52.77,-0.0,53.66,ASK
97,1712175990.393396,22671507.48701448,52.77,-0.0,53.66,ASK
98,1712176020.5564322,22671507.48701448,52.77,-0.0,53.66,ASK
99,1712176050.563274,22671507.48701448,52.77,-0.0,53.66,ASK
100,1712176080.3833532,22671507.48701448,52.77,-0.0,53.66,ASK
101,1712176110.4127936,22671507.48701448,52.77,-0.0,53.66,ASK
102,1712176140.5627618,22671507.48701448,52.77,-0.0,53.66,ASK
103,1712176170.578575,22671507.48701448,52.77,-0.0,53.66,ASK
104,1712176195.9341905,22672450.34954512,53.03,7.157529636229409e-07,53.66,BID
105,1712176200.6643271,22672450.34954512,53.03,0.0,53.66,BID
106,1712176230.5688727,22672450.34954512,53.03,0.0,53.66,BID
107,1712176230.6052463,22674330.34954512,52.78,-1.4271057074873996e-06,53.66,ASK
108,1712176260.3870394,22674330.34954512,52.78,-0.0,53.66,ASK
109,1712176290.3965702,22674330.34954512,52.78,-0.0,53.66,ASK
110,1712176320.5831184,22674330.34954512,52.78,-0.0,53.66,ASK
111,1712176350.5695236,22674330.34954512,52.78,-0.0,53.66,ASK
112,1712176380.4107535,22674330.34954512,52.78,-0.0,53.66,ASK
113,1712176410.3984292,22674330.34954512,52.78,-0.0,53.66,ASK
114,1712176440.5790637,22674330.34954512,52.78,-0.0,53.66,ASK
115,1712176470.5695698,22674330.34954512,52.78,-0.0,53.66,ASK
116,1712176500.389842,22674330.34954512,52.78,-0.0,53.66,ASK
117,1712176510.596326,22675740.34954512,52.78,-1.0702646188227245e-06,53.66,ASK
118,1712176530.4002285,22675740.34954512,52.78,-0.0,53.66,ASK
119,1712176560.572632,22675740.34954512,52.78,-0.0,53.66,ASK
120,1712176590.591765,22675740.34954512,52.78,-0.0,53.66,ASK
121,1712176620.4415884,22675740.34954512,52.78,-0.0,53.66,ASK
122,1712176650.3830335,22675740.34954512,52.78,-0.0,53.66,ASK
123,1712176680.6307082,22675740.34954512,52.78,-0.0,53.66,ASK
124,1712176710.5824666,22675740.34954512,52.78,-0.0,53.66,ASK
125,1712176740.38245,22675740.34954512,52.78,-0.0,53.66,ASK
126,1712176770.4216611,22675740.34954512,52.78,-0.0,53.66,ASK
127,1712176787.7826817,22679536.75207755,52.78,-2.881507659867109e-06,53.66,ASK
128,1712176800.4346712,22679536.75207755,52.78,-0.0,53.66,ASK
129,1712176830.3831456,22679536.75207755,52.78,-0.0,53.66,ASK
130,1712176860.5637004,22679536.75207755,52.78,-0.0,53.66,ASK
131,1712176877.3429255,22691335.07207755,52.78,-8.957732590931228e-06,53.66,ASK
132,1712176890.583308,22691335.07207755,52.78,-0.0,53.66,ASK
133,1712176920.378263,22691335.07207755,52.78,-0.0,53.66,ASK
134,1712176950.4249618,22691335.07207755,52.78,-0.0,53.66,ASK
135,1712176980.4072132,22691335.07207755,52.78,-0.0,53.66,ASK
136,1712177010.3944297,22691335.07207755,52.78,-0.0,53.66,ASK
137,1712177040.574587,22691335.07207755,52.78,-0.0,53.66,ASK
138,1712177070.574608,22691335.07207755,52.78,-0.0,53.66,ASK
139,1712177100.4151917,22691335.07207755,52.78,-0.0,53.66,ASK
140,1712177121.053095,22691336.75207755,52.78,-1.279722943709701e-09,53.66,ASK
141,1712177121.2422023,22694185.23807755,52.78,2.1698052914787835e-06,53.66,BID
142,1712177121.2433288,22702325.18339165,52.85,6.200520702881889e-06,53.66,BID
143,1712177121.3338115,22706085.23807755,52.85,2.864183483336528e-06,53.66,BID
144,1712177121.4154837,22712164.35084665,52.85,-4.630702434162035e-06,53.66,ASK
145,1712177122.595114,22722016.56759557,52.78,-7.504826084663369e-06,53.66,ASK
146,1712177122.6816494,22724867.90384665,52.78,2.171976441300969e-06,53.66,BID
147,1712177124.1856909,22727621.48252443,52.77,-2.0975106023133416e-06,53.66,ASK
148,1712177124.1874516,22727716.16484665,52.77,-7.212329769860062e-08,53.66,ASK
149,1712177127.3220718,22728937.5062773,52.85,9.303444352275164e-07,53.66,BID
150,1712177130.3954313,22728937.5062773,52.85,0.0,53.66,BID
151,1712177160.425341,22728937.5062773,52.85,0.0,53.66,BID
152,1712177176.835453,22728940.68195508,52.77,-2.415386326141085e-09,53.66,ASK
153,1712177176.8453107,22730834.9842773,52.77,-1.4407859498196191e-06,53.66,ASK
154,1712177190.388126,22730834.9842773,52.77,-0.0,53.66,ASK
155,1712177220.5753777,22730834.9842773,52.77,-0.0,53.66,ASK
156,1712177250.5655687,22730834.9842773,52.77,-0.0,53.66,ASK
157,1712177273.97567,22733689.5172773,52.78,-2.170961728750801e-06,53.66,ASK
158,1712177280.4359722,22733689.5172773,52.78,-0.0,53.66,ASK
159,1712177310.395773,22733689.5172773,52.78,-0.0,53.66,ASK
160,1712177340.6058612,22733689.5172773,52.78,-0.0,53.66,ASK
161,1712177370.5860612,22733689.5172773,52.78,-0.0,53.66,ASK
162,1712177375.7365575,22733783.69806826,53.1,7.161923417885326e-08,53.66,BID
163,1712177400.4183583,22733783.69806826,53.1,0.0,53.66,BID
164,1712177430.3862832,22733783.69806826,53.1,0.0,53.66,BID
165,1712177460.59636,22733783.69806826,53.1,0.0,53.66,BID
166,1712177490.5865262,22733783.69806826,53.1,0.0,53.66,BID
167,1712177520.3883786,22733783.69806826,53.1,0.0,53.66,BID
168,1712177550.4267955,22733783.69806826,53.1,0.0,53.66,BID
169,1712177580.5768883,22733783.69806826,53.1,0.0,53.66,BID
170,1712177610.5972664,22733783.69806826,53.1,0.0,53.66,BID
171,1712177640.4092414,22733783.69806826,53.1,0.0,53.66,BID
172,1712177647.9107032,22734902.52206826,52.78,-8.509093363051826e-07,53.66,ASK
173,1712177657.2173333,22734996.89836567,52.99,7.177685908844825e-08,53.66,BID
174,1712177670.4202242,22734996.89836567,52.99,0.0,53.66,BID
175,1712177700.5676606,22734996.89836567,52.99,0.0,53.66,BID
176,1712177730.617344,22734996.89836567,52.99,0.0,53.66,BID
177,1712177760.4075737,22734996.89836567,52.99,0.0,53.66,BID
178,1712177790.3874328,22734996.89836567,52.99,0.0,53.66,BID
179,1712177820.4307027,22734996.89836567,52.99,0.0,53.66,BID
180,1712177850.418017,22734996.89836567,52.99,0.0,53.66,BID
181,1712177880.5877974,22734996.89836567,52.99,0.0,53.66,BID
182,1712177910.5880065,22734996.89836567,52.99,0.0,53.66,BID
183,1712177940.3907003,22734996.89836567,52.99,0.0,53.66,BID
184,1712177970.3780234,22734996.89836567,52.99,0.0,53.66,BID
185,1712178000.5186484,22734996.89836567,52.99,0.0,53.66,BID
186,1712178030.4131005,22734996.89836567,52.99,0.0,53.66,BID
187,1712178060.5684416,22734996.89836567,52.99,0.0,53.66,BID
188,1712178090.5783184,22734996.89836567,52.99,0.0,53.66,BID
189,1712178120.4304788,22734996.89836567,52.99,0.0,53.66,BID
190,1712178150.419022,22734996.89836567,52.99,0.0,53.66,BID
191,1712178180.578539,22734996.89836567,52.99,0.0,53.66,BID
192,1712178210.578004,22734996.89836567,52.99,0.0,53.66,BID
193,1712178231.962144,22734997.61215108,52.77,-5.430830097832757e-10,53.66,ASK
194,1712178231.964055,22737782.13336567,52.77,-2.118600549958724e-06,53.66,ASK
195,1712178240.417508,22737782.13336567,52.77,-0.0,53.66,ASK
196,1712178240.7873087,22744781.43736567,52.77,-5.324818915382524e-06,53.66,ASK
197,1712178242.9771934,22745724.15236567,52.77,-7.171836890943782e-07,53.66,ASK
198,1712178245.3926518,22745913.64236567,52.77,-1.4415718138356916e-07,53.66,ASK
199,1712178249.5471036,22747908.07536567,52.77,-1.5172929428200434e-06,53.66,ASK
200,1712178261.8664534,22755945.33736567,52.77,-6.11446005566657e-06,53.66,ASK
201,1712178264.7265158,22759859.31136567,52.77,-2.977610743800842e-06,53.66,ASK
202,1712178270.376404,22759859.31136567,52.77,-0.0,53.66,ASK
203,1712178274.9761007,22763774.18136567,52.77,-2.9756550659723414e-06,53.66,ASK
204,1712178300.5757751,22763774.18136567,52.77,-0.0,53.66,ASK
205,1712178321.2476864,22763877.01836567,52.71,-7.833632352616285e-08,53.66,ASK
206,1712178321.2497263,22764256.30909201,52.73,-2.8892559145825825e-07,53.66,ASK
207,1712178321.251741,22776556.30909201,52.71,-9.369553559131e-06,53.66,ASK
208,1712178321.2530797,22781311.22601024,52.7,-3.622069002810378e-06,53.66,ASK
209,1712178321.2541945,22813054.8694529,52.73,-2.418079409739559e-05,53.66,ASK
210,1712178321.2553391,23082195.25708961,52.7,-0.0002050183151941,53.66,ASK
211,1712178330.5878077,23082195.25708961,52.7,-0.0,53.66,ASK
212,1712178360.395492,23082195.25708961,52.7,-0.0,53.66,ASK
213,1712178360.669214,23082418.91893336,52.7,-1.682244093721888e-07,53.66,ASK
214,1712178390.223716,23082817.93993336,52.7,-3.0011856705688685e-07,53.66,ASK
215,1712178390.4406762,23082817.93993336,52.7,-0.0,53.66,ASK
216,1712178396.01386,23086559.88693336,52.7,-2.814388350805703e-06,53.66,ASK
217,1712178420.4243555,23086559.88693336,52.7,-0.0,53.66,ASK
218,1712178450.382661,23086559.88693336,52.7,-0.0,53.66,ASK
219,1712178480.575847,23086559.88693336,52.7,-0.0,53.66,ASK
220,1712178510.5714183,23086559.88693336,52.7,-0.0,53.66,ASK
221,1712178540.3909848,23086559.88693336,52.7,-0.0,53.66,ASK
222,1712178570.4038577,23086559.88693336,52.7,-0.0,53.66,ASK
223,1712178600.3946075,23086559.88693336,52.7,-0.0,53.66,ASK
224,1712178630.39141,23086559.88693336,52.7,-0.0,53.66,ASK
225,1712178633.2752116,23095783.27745171,52.7,-6.943617075436036e-06,53.66,ASK
226,1712178660.3806384,23095783.27745171,52.7,-0.0,53.66,ASK
227,1712178676.3264673,23095896.61330361,52.94,8.52910747760078e-08,53.66,BID
228,1712178690.4004438,23095896.61330361,52.94,0.0,53.66,BID
229,1712178720.5780754,23095896.61330361,52.94,0.0,53.66,BID
230,1712178750.5876217,23095896.61330361,52.94,0.0,53.66,BID
231,1712178780.3873694,23095896.61330361,52.94,0.0,53.66,BID
232,1712178810.4073572,23095896.61330361,52.94,0.0,53.66,BID
233,1712178840.5746477,23095896.61330361,52.94,0.0,53.66,BID
234,1712178870.5663023,23095896.61330361,52.94,0.0,53.66,BID
235,1712178900.4163709,23095896.61330361,52.94,0.0,53.66,BID
236,1712178930.397849,23095896.61330361,52.94,0.0,53.66,BID
237,1712178960.5655234,23095896.61330361,52.94,0.0,53.66,BID
238,1712178990.5466924,23095896.61330361,52.94,0.0,53.66,BID
239,1712179020.3995297,23095896.61330361,52.94,0.0,53.66,BID
240,1712179050.405652,23095896.61330361,52.94,0.0,53.66,BID
241,1712179080.57449,23095896.61330361,52.94,0.0,53.66,BID
242,1712179110.5705464,23095896.61330361,52.94,0.0,53.66,BID
243,1712179140.394885,23095896.61330361,52.94,0.0,53.66,BID
244,1712179170.393998,23095896.61330361,52.94,0.0,53.66,BID
245,1712179200.4137323,23095896.61330361,52.94,0.0,53.66,BID
246,1712179230.3736827,23095896.61330361,52.94,0.0,53.66,BID
247,1712179245.5651507,23099922.21858753,52.7,-3.032272296610417e-06,53.66,ASK
248,1712179245.566461,23100922.21858753,52.7,-7.5324630279149e-07,53.66,ASK
249,1712179245.5678878,23101030.08658753,52.62,-8.12511721900512e-08,53.66,ASK
250,1712179245.5691142,23105332.35589655,52.6,-3.240668450633768e-06,53.66,ASK
251,1712179260.5903225,23105332.35589655,52.6,-0.0,53.66,ASK
252,1712179263.5833554,23107230.73219027,52.6,-1.4294099944082011e-06,53.66,ASK
253,1712179290.5778468,23107230.73219027,52.6,-0.0,53.66,ASK
254,1712179320.3936083,23107230.73219027,52.6,-0.0,53.66,ASK
255,1712179349.1959465,23207230.73219027,52.61,-7.529079109432029e-05,53.66,ASK
256,1712179350.4005008,23207230.73219027,52.61,-0.0,53.66,ASK
257,1712179380.4248762,23207230.73219027,52.61,-0.0,53.66,ASK
258,1712179410.3952603,23207230.73219027,52.61,-0.0,53.66,ASK
259,1712179411.842465,23208680.73219027,52.7,-1.0874091903043288e-06,53.66,ASK
260,1712179440.56427,23208680.73219027,52.7,-0.0,53.66,ASK
261,1712179470.592405,23208680.73219027,52.7,-0.0,53.66,ASK
262,1712179500.3838491,23208680.73219027,52.7,-0.0,53.66,ASK
263,1712179501.0523136,23208870.48551095,52.7,-1.424124029978037e-07,53.66,ASK
264,1712179530.4020782,23208870.48551095,52.7,-0.0,53.66,ASK
265,1712179560.5616832,23208870.48551095,52.7,-0.0,53.66,ASK
266,1712179581.7518198,23210130.73219027,52.69,9.458248759910098e-07,53.66,BID
267,1712179590.5613923,23210130.73219027,52.69,0.0,53.66,BID
268,1712179620.385616,23210130.73219027,52.69,0.0,53.66,BID
269,1712179650.4004183,23210130.73219027,52.69,0.0,53.66,BID
270,1712179680.5438426,23210130.73219027,52.69,0.0,53.66,BID
271,1712179710.5508497,23210130.73219027,52.69,0.0,53.66,BID
272,1712179740.380973,23210130.73219027,52.69,0.0,53.66,BID
273,1712179770.3907783,23210130.73219027,52.69,0.0,53.66,BID
274,1712179774.870896,23210287.82269027,52.61,-1.178917595451512e-07,53.66,ASK
275,1712179774.8739598,23212430.73219027,52.6,-1.608190001938554e-06,53.66,ASK
276,1712179800.4940646,23212430.73219027,52.6,-0.0,53.66,ASK
277,1712179830.3931153,23212430.73219027,52.6,-0.0,53.66,ASK
278,1712179860.570029,23212430.73219027,52.6,-0.0,53.66,ASK
279,1712179862.3005922,23213379.92033713,52.69,7.136482695448228e-07,53.66,BID
280,1712179862.3030636,23213652.44138306,52.72,2.048952818115883e-07,53.66,BID
281,1712179890.543465,23213652.44138306,52.72,0.0,53.66,BID
282,1712179920.3822196,23213652.44138306,52.72,0.0,53.66,BID
283,1712179923.4459174,23216052.44138306,52.75,1.8043555979910023e-06,53.66,BID
284,1712179923.4490623,23223709.13730652,52.75,5.756417563169894e-06,53.66,BID
285,1712179950.404744,23223709.13730652,52.75,0.0,53.66,BID
286,1712179980.412264,23223709.13730652,52.75,0.0,53.66,BID
287,1712180010.400251,23223709.13730652,52.75,0.0,53.66,BID
288,1712180040.5894582,23223709.13730652,52.75,0.0,53.66,BID
289,1712180069.9695966,23228452.44138306,52.75,3.564664661780967e-06,53.66,BID
290,1712180069.972101,23230866.13256718,52.75,1.8139253840021704e-06,53.66,BID
291,1712180070.1530333,23231056.13256718,52.79,1.4278786997612354e-07,53.66,BID
292,1712180070.5595472,23231056.13256718,52.79,0.0,53.66,BID
293,1712180072.6596315,23232356.13256718,52.71,-9.766851689224848e-07,53.66,ASK
294,1712180100.3695877,23232356.13256718,52.71,-0.0,53.66,ASK
295,1712180130.3837416,23232356.13256718,52.71,-0.0,53.66,ASK
296,1712180155.5892477,23233490.13370118,52.71,-8.527598146558823e-07,53.66,ASK
297,1712180160.441572,23233490.13370118,52.71,-0.0,53.66,ASK
298,1712180161.8493547,23234790.13370118,52.79,9.775456991861436e-07,53.66,BID
299,1712180162.003519,23234816.14241495,52.79,-1.9557466375284565e-08,53.66,ASK
300,1712180190.3995256,23234816.14241495,52.79,-0.0,53.66,ASK
301,1712180216.269073,23235004.81541495,52.74,-1.418667477053229e-07,53.66,ASK
302,1712180219.3011782,23235005.75181957,52.74,-7.041000985058361e-10,53.66,ASK
303,1712180219.4189863,23235242.11245167,52.74,1.7772396771883252e-07,53.66,BID
304,1712180220.559203,23235242.11245167,52.74,0.0,53.66,BID
305,1712180221.0689569,23239479.03239526,52.71,-3.185765314777925e-06,53.66,ASK
306,1712180221.0726452,23240242.11245167,52.71,-5.737644346546256e-07,53.66,ASK
307,1712180250.5693035,23240242.11245167,52.71,-0.0,53.66,ASK
308,1712180280.401549,23240242.11245167,52.71,-0.0,53.66,ASK
309,1712180310.3751838,23240242.11245167,52.71,-0.0,53.66,ASK
310,1712180340.5621104,23240242.11245167,52.71,-0.0,53.66,ASK
311,1712180370.5724704,23240242.11245167,52.71,-0.0,53.66,ASK
312,1712180400.443323,23240242.11245167,52.71,-0.0,53.66,ASK
313,1712180430.4140437,23240242.11245167,52.71,-0.0,53.66,ASK
314,1712180460.5647922,23240242.11245167,52.71,-0.0,53.66,ASK
315,1712180489.315132,23240620.47037826,52.86,-2.849789437056569e-07,53.66,ASK
316,1712180490.5751295,23240620.47037826,52.86,-0.0,53.66,ASK
317,1712180520.4062543,23240620.47037826,52.86,-0.0,53.66,ASK
318,1712180550.3962855,23240620.47037826,52.86,-0.0,53.66,ASK
319,1712180580.5767243,23240620.47037826,52.86,-0.0,53.66,ASK
320,1712180610.5748024,23240620.47037826,52.86,-0.0,53.66,ASK
321,1712180640.4109654,23240620.47037826,52.86,-0.0,53.66,ASK
322,1712180670.3762064,23240620.47037826,52.86,-0.0,53.66,ASK
323,1712180700.4095376,23240620.47037826,52.86,-0.0,53.66,ASK
324,1712180730.391966,23240620.47037826,52.86,-0.0,53.66,ASK
325,1712180760.559231,23240620.47037826,52.86,-0.0,53.66,ASK
326,1712180790.5696962,23240620.47037826,52.86,-0.0,53.66,ASK
327,1712180820.4101267,23240620.47037826,52.86,-0.0,53.66,ASK
328,1712180850.392065,23240620.47037826,52.86,-0.0,53.66,ASK
329,1712180880.573619,23240620.47037826,52.86,-0.0,53.66,ASK
330,1712180910.5808508,23240620.47037826,52.86,-0.0,53.66,ASK
331,1712180940.4012687,23240620.47037826,52.86,-0.0,53.66,ASK
332,1712180970.3633404,23240620.47037826,52.86,-0.0,53.66,ASK
333,1712181000.512799,23240620.47037826,52.86,-0.0,53.66,ASK
334,1712181030.3751972,23240620.47037826,52.86,-0.0,53.66,ASK
335,1712181060.5719738,23240620.47037826,52.86,-0.0,53.66,ASK
336,1712181090.5522232,23240620.47037826,52.86,-0.0,53.66,ASK
337,1712181120.420385,23240620.47037826,52.86,-0.0,53.66,ASK
338,1712181150.537717,23240620.47037826,52.86,-0.0,53.66,ASK
339,1712181180.565976,23240620.47037826,52.86,-0.0,53.66,ASK
340,1712181210.5844347,23240620.47037826,52.86,-0.0,53.66,ASK
341,1712181235.7932885,23241000.84314357,52.59,-2.874647967389813e-07,53.66,ASK
342,1712181240.4050703,23241000.84314357,52.59,-0.0,53.66,ASK
343,1712181270.4057426,23241000.84314357,52.59,-0.0,53.66,ASK
344,1712181300.469877,23241000.84314357,52.59,-0.0,53.66,ASK
345,1712181330.3868346,23241000.84314357,52.59,-0.0,53.66,ASK
346,1712181360.574234,23241000.84314357,52.59,-0.0,53.66,ASK
347,1712181390.6125758,23241000.84314357,52.59,-0.0,53.66,ASK
348,1712181420.3910294,23241000.84314357,52.59,-0.0,53.66,ASK
349,1712181450.3844078,23241000.84314357,52.59,-0.0,53.66,ASK
350,1712181473.5841746,23241190.99336224,52.87,1.4390380337985554e-07,53.66,BID
351,1712181480.5857415,23241190.99336224,52.87,0.0,53.66,BID
352,1712181487.8242764,23241287.45638474,52.87,7.300170522494182e-08,53.66,BID
353,1712181490.3346157,23241477.65217695,52.59,-1.4393719788172678e-07,53.66,ASK
354,1712181510.5742536,23241477.65217695,52.59,-0.0,53.66,ASK
355,1712181527.0847015,23250934.81124636,52.87,7.156948125984436e-06,53.66,BID
356,1712181540.424794,23250934.81124636,52.87,0.0,53.66,BID
357,1712181570.4348364,23250934.81124636,52.87,0.0,53.66,BID
358,1712181600.574752,23250934.81124636,52.87,0.0,53.66,BID
359,1712181630.3888805,23250934.81124636,52.87,0.0,53.66,BID
360,1712181660.5876691,23250934.81124636,52.87,0.0,53.66,BID
361,1712181690.5849812,23250934.81124636,52.87,0.0,53.66,BID
362,1712181720.3954928,23250934.81124636,52.87,0.0,53.66,BID
363,1712181750.435083,23250934.81124636,52.87,0.0,53.66,BID
364,1712181780.5988083,23250934.81124636,52.87,0.0,53.66,BID
365,1712181810.5855167,23250934.81124636,52.87,0.0,53.66,BID
366,1712181840.4252305,23250934.81124636,52.87,0.0,53.66,BID
367,1712181853.7849226,23251112.55742481,52.6,-1.3475223560574348e-07,53.66,ASK
368,1712181870.3898306,23251112.55742481,52.6,-0.0,53.66,ASK
369,1712181900.585401,23251112.55742481,52.6,-0.0,53.66,ASK
370,1712181930.5654154,23251112.55742481,52.6,-0.0,53.66,ASK
371,1712181960.369615,23251112.55742481,52.6,-0.0,53.66,ASK
372,1712181990.418709,23251112.55742481,52.6,-0.0,53.66,ASK
373,1712182020.5755174,23251112.55742481,52.6,-0.0,53.66,ASK
374,1712182050.5855582,23251112.55742481,52.6,-0.0,53.66,ASK
375,1712182052.7660277,23262634.81124636,52.6,-8.757641475230264e-06,53.66,ASK
376,1712182052.770532,23271693.92631369,52.6,-6.8855002737512335e-06,53.66,ASK
377,1712182080.3983693,23271693.92631369,52.6,-0.0,53.66,ASK
378,1712182110.4360452,23271693.92631369,52.6,-0.0,53.66,ASK
379,1712182140.575705,23271693.92631369,52.6,-0.0,53.66,ASK
380,1712182170.585957,23271693.92631369,52.6,-0.0,53.66,ASK
381,1712182200.4460485,23271693.92631369,52.6,-0.0,53.66,ASK
382,1712182230.416844,23271693.92631369,52.6,-0.0,53.66,ASK
383,1712182260.5861402,23271693.92631369,52.6,-0.0,53.66,ASK
384,1712182290.5664074,23271693.92631369,52.6,-0.0,53.66,ASK
385,1712182320.4058957,23271693.92631369,52.6,-0.0,53.66,ASK
386,1712182350.415606,23271693.92631369,52.6,-0.0,53.66,ASK
387,1712182380.5745022,23271693.92631369,52.6,-0.0,53.66,ASK
388,1712182385.6277945,23271850.66758791,52.84,1.190529581660073e-07,53.66,BID
389,1712182410.623638,23271850.66758791,52.84,0.0,53.66,BID
390,1712182440.4166677,23271850.66758791,52.84,0.0,53.66,BID
391,1712182470.388288,23271850.66758791,52.84,0.0,53.66,BID
392,1712182484.022368,23290775.72436308,52.82,-1.4374451338694623e-05,53.66,ASK
393,1712182484.0425286,23292014.24576308,52.79,9.40713986102701e-07,53.66,BID
394,1712182484.0462132,23292858.27516308,52.79,6.410791620280138e-07,53.66,BID
395,1712182500.4470153,23292858.27516308,52.79,0.0,53.66,BID
396,1712182503.0001235,23293040.29581684,52.69,-1.3815562257173918e-07,53.66,ASK
397,1712182530.4116716,23293040.29581684,52.69,-0.0,53.66,ASK
398,1712182560.5810375,23293040.29581684,52.69,-0.0,53.66,ASK
399,1712182581.300548,23293419.08369563,52.8,-2.875019575816916e-07,53.66,ASK
400,1712182581.3206103,23294089.82399563,52.8,5.09095354089637e-07,53.66,BID
401,1712182581.340488,23295340.55109563,52.8,9.493083326649184e-07,53.66,BID
402,1712182590.5902894,23295340.55109563,52.8,0.0,53.66,BID
403,1712182620.389816,23295340.55109563,52.8,0.0,53.66,BID
404,1712182650.4195194,23295340.55109563,52.8,0.0,53.66,BID
405,1712182680.5733309,23295340.55109563,52.8,0.0,53.66,BID
406,1712182710.5787718,23295340.55109563,52.8,0.0,53.66,BID
407,1712182740.4041266,23295340.55109563,52.8,0.0,53.66,BID
408,1712182770.4120708,23295340.55109563,52.8,0.0,53.66,BID
409,1712182800.471007,23295340.55109563,52.8,0.0,53.66,BID
410,1712182830.38701,23295340.55109563,52.8,0.0,53.66,BID
411,1712182860.426974,23295340.55109563,52.8,0.0,53.66,BID
412,1712182890.4168084,23295340.55109563,52.8,0.0,53.66,BID
413,1712182920.5761552,23295340.55109563,52.8,0.0,53.66,BID
414,1712182943.2058544,23295435.28494673,52.79,-7.18978103413171e-08,53.66,ASK
415,1712182950.5660875,23295435.28494673,52.79,-0.0,53.66,ASK
416,1712182980.3656523,23295435.28494673,52.79,-0.0,53.66,ASK
417,1712183010.4016886,23295435.28494673,52.79,-0.0,53.66,ASK
418,1712183040.5649266,23295435.28494673,52.79,-0.0,53.66,ASK
419,1712183070.5646732,23295435.28494673,52.79,-0.0,53.66,ASK
420,1712183094.724388,23295700.38421566,52.79,-2.011950785973259e-07,53.66,ASK
421,1712183100.399415,23295700.38421566,52.79,-0.0,53.66,ASK
422,1712183130.4083858,23295700.38421566,52.79,-0.0,53.66,ASK
423,1712183160.475695,23295700.38421566,52.79,-0.0,53.66,ASK
424,1712183190.3537674,23295700.38421566,52.79,-0.0,53.66,ASK
425,1712183201.0586038,23296377.93921566,52.79,-5.145854893306946e-07,53.66,ASK
426,1712183220.5634084,23296377.93921566,52.79,-0.0,53.66,ASK
427,1712183222.9536605,23297071.3700799,52.8,5.266284915542548e-07,53.66,BID
428,1712183250.583459,23297071.3700799,52.8,0.0,53.66,BID
429,1712183280.4077227,23297071.3700799,52.8,0.0,53.66,BID
430,1712183310.3818877,23297071.3700799,52.8,0.0,53.66,BID
431,1712183340.572864,23297071.3700799,52.8,0.0,53.66,BID
432,1712183370.5527112,23297071.3700799,52.8,0.0,53.66,BID
433,1712183385.4924517,23301953.27665015,52.86,3.7074779040511993e-06,53.66,BID
434,1712183385.5123787,23308056.36090444,52.86,4.634879773660941e-06,53.66,BID
435,1712183385.5924542,23393862.33502644,52.86,6.516383476726791e-05,53.66,BID
436,1712183385.7338877,23396238.47328411,52.9,1.804516321753044e-06,53.66,BID
437,1712183387.4026575,23405898.41440462,52.81,-7.336072033205936e-06,53.66,ASK
438,1712183400.6526031,23405898.41440462,52.81,-0.0,53.66,ASK
439,1712183430.5528631,23405898.41440462,52.81,-0.0,53.66,ASK
440,1712183460.4144883,23405898.41440462,52.81,-0.0,53.66,ASK
441,1712183466.8422132,23406591.84526886,52.81,-5.243313160495106e-07,53.66,ASK
442,1712183479.2051673,23406705.20253317,52.93,8.57140439581636e-08,53.66,BID
443,1712183490.4067986,23406705.20253317,52.93,0.0,53.66,BID
444,1712183500.7827551,23425770.30212849,52.81,-1.4415433656865277e-05,53.66,ASK
445,1712183516.492339,23433268.80212849,52.81,-5.669738504935039e-06,53.66,ASK
446,1712183520.5639677,23433268.80212849,52.81,-0.0,53.66,ASK
447,1712183550.5644877,23433268.80212849,52.81,-0.0,53.66,ASK
448,1712183580.4216049,23433268.80212849,52.81,-0.0,53.66,ASK
449,1712183610.3940384,23433268.80212849,52.81,-0.0,53.66,ASK
450,1712183640.5509849,23433268.80212849,52.81,-0.0,53.66,ASK
451,1712183667.881287,23443635.087089,52.81,-7.82981255662363e-06,53.66,ASK
452,1712183670.5508142,23443635.087089,52.81,-0.0,53.66,ASK
453,1712183700.380581,23443635.087089,52.81,-0.0,53.66,ASK
454,1712183730.41115,23443635.087089,52.81,-0.0,53.66,ASK
455,1712183760.5603929,23443635.087089,52.81,-0.0,53.66,ASK
456,1712183790.5605435,23443635.087089,52.81,-0.0,53.66,ASK
457,1712183820.4202917,23443635.087089,52.81,-0.0,53.66,ASK
458,1712183850.385746,23443635.087089,52.81,-0.0,53.66,ASK
459,1712183880.5797915,23443635.087089,52.81,-0.0,53.66,ASK
460,1712183910.5702271,23443635.087089,52.81,-0.0,53.66,ASK
461,1712183940.419745,23443635.087089,52.81,-0.0,53.66,ASK
462,1712183970.399819,23443635.087089,52.81,-0.0,53.66,ASK
463,1712184000.414561,23443635.087089,52.81,-0.0,53.66,ASK
464,1712184030.3793182,23443635.087089,52.81,-0.0,53.66,ASK
465,1712184060.5795057,23443635.087089,52.81,-0.0,53.66,ASK
466,1712184090.569759,23443635.087089,52.81,-0.0,53.66,ASK
467,1712184120.3721223,23443635.087089,52.81,-0.0,53.66,ASK
468,1712184150.4032824,23443635.087089,52.81,-0.0,53.66,ASK
469,1712184180.5702434,23443635.087089,52.81,-0.0,53.66,ASK
470,1712184210.5586135,23443635.087089,52.81,-0.0,53.66,ASK
471,1712184240.399605,23443635.087089,52.81,-0.0,53.66,ASK
472,1712184270.405419,23443635.087089,52.81,-0.0,53.66,ASK
473,1712184300.423336,23443635.087089,52.81,-0.0,53.66,ASK
474,1712184330.4201508,23443635.087089,52.81,-0.0,53.66,ASK
475,1712184360.569356,23443635.087089,52.81,-0.0,53.66,ASK
476,1712184390.568994,23443635.087089,52.81,-0.0,53.66,ASK
477,1712184401.1275167,23449089.79109309,52.85,-4.145520217108592e-06,53.66,ASK
478,1712184420.4027977,23449089.79109309,52.85,-0.0,53.66,ASK
479,1712184450.3993187,23449089.79109309,52.85,-0.0,53.66,ASK
480,1712184480.5508769,23449089.79109309,52.85,-0.0,53.66,ASK
481,1712184510.5396972,23449089.79109309,52.85,-0.0,53.66,ASK
482,1712184540.390569,23449089.79109309,52.85,-0.0,53.66,ASK
483,1712184570.41071,23449089.79109309,52.85,-0.0,53.66,ASK
484,1712184600.440389,23449089.79109309,52.85,-0.0,53.66,ASK
485,1712184630.3834095,23449089.79109309,52.85,-0.0,53.66,ASK
486,1712184660.593313,23449089.79109309,52.85,-0.0,53.66,ASK
487,1712184664.060804,23449467.36330377,52.97,2.871627541471609e-07,53.66,BID
488,1712184690.5509794,23449467.36330377,52.97,0.0,53.66,BID
489,1712184720.387087,23449467.36330377,52.97,0.0,53.66,BID
490,1712184750.3922482,23449467.36330377,52.97,0.0,53.66,BID
491,1712184780.5610604,23449467.36330377,52.97,0.0,53.66,BID
492,1712184810.5613234,23449467.36330377,52.97,0.0,53.66,BID
493,1712184840.4015884,23449467.36330377,52.97,0.0,53.66,BID
494,1712184846.541584,23543599.56848681,52.97,7.159121186112837e-05,53.66,BID
495,1712184870.3840425,23543599.56848681,52.97,0.0,53.66,BID
496,1712184900.5318062,23543599.56848681,52.97,0.0,53.66,BID
497,1712184930.5720456,23543599.56848681,52.97,0.0,53.66,BID
498,1712184955.467249,23558599.39848681,52.91,-1.1417674315387203e-05,53.66,ASK
499,1712184960.392486,23558599.39848681,52.91,-0.0,53.66,ASK
500,1712184972.0423348,23638072.04042978,52.97,6.045701247163855e-05,53.66,BID
501,1712184972.0467422,23648048.19872327,52.97,7.589136482987258e-06,53.66,BID
502,1712184988.4725652,23650955.74495015,53.0,2.211849942353256e-06,53.66,BID
503,1712184990.4122622,23650955.74495015,53.0,0.0,53.66,BID
504,1712184998.722083,23657245.4807992,53.0,4.767032952973264e-06,53.66,BID
505,1712185012.2521706,23659262.7497992,52.91,-1.5289016945713969e-06,53.66,ASK
506,1712185020.5422676,23659262.7497992,52.91,-0.0,53.66,ASK
507,1712185031.5025668,23660512.7497992,52.91,-9.470674858776204e-07,53.66,ASK
508,1712185050.5938668,23660512.7497992,52.91,-0.0,53.66,ASK
509,1712185080.393225,23660512.7497992,52.91,-0.0,53.66,ASK
510,1712185086.2829647,23664551.8107992,52.93,-3.0600573398058634e-06,53.66,ASK
511,1712185087.7727027,23674171.9137992,52.93,-7.288344195552822e-06,53.66,ASK
512,1712185110.364565,23674171.9137992,52.93,-0.0,53.66,ASK
513,1712185118.5047052,23677945.49870486,53.0,2.857363301736296e-06,53.66,BID
514,1712185131.3900497,23678134.17795014,53.0,1.4286816508314774e-07,53.66,BID
515,1712185140.5528755,23678134.17795014,53.0,0.0,53.66,BID
516,1712185170.562965,23678134.17795014,53.0,0.0,53.66,BID
517,1712185191.6129506,23680020.0274782,53.0,1.427740638752294e-06,53.66,BID
518,1712185200.5327442,23680020.0274782,53.0,0.0,53.66,BID
519,1712185230.3814652,23680020.0274782,53.0,0.0,53.66,BID
520,1712185239.2431316,23681906.81993103,53.0,1.4307744070088112e-06,53.66,BID
521,1712185260.5535083,23681906.81993103,53.0,0.0,53.66,BID
522,1712185280.1943023,23692549.34293103,52.93,-8.069724317612973e-06,53.66,ASK
523,1712185290.5727165,23692549.34293103,52.93,-0.0,53.66,ASK
524,1712185309.642835,23694438.63066956,52.93,-1.431946347858512e-06,53.66,ASK
525,1712185311.732758,23698696.87566956,52.93,-3.227448234421249e-06,53.66,ASK
526,1712185316.9134102,23703202.72866956,52.93,-3.4151175682490115e-06,53.66,ASK
527,1712185318.5431266,23707911.60266956,52.93,-3.5689931127499385e-06,53.66,ASK
528,1712185320.3735924,23707911.60266956,52.93,-0.0,53.66,ASK
529,1712185323.0328965,23712620.42466956,52.93,-3.5667555420439235e-06,53.66,ASK
530,1712185325.4827058,23714569.24766956,52.93,-1.4761601172666784e-06,53.66,ASK
531,1712185329.3429804,23722068.75966956,52.93,-5.680598244874912e-06,53.66,ASK
532,1712185350.4066434,23722068.75966956,52.93,-0.0,53.66,ASK
533,1712185355.9934285,23737377.31766956,52.93,-1.1589078941473276e-05,53.66,ASK
534,1712185377.083857,23743303.70166956,52.94,-4.4864664597075145e-06,53.66,ASK
535,1712185380.5727468,23743303.70166956,52.94,-0.0,53.66,ASK
536,1712185382.7827694,23743898.68366956,52.94,-4.500378799985462e-07,53.66,ASK
537,1712185410.5727584,23743898.68366956,52.94,-0.0,53.66,ASK
538,1712185417.1830585,23759731.23326856,52.94,-1.1975282111881127e-05,53.66,ASK
539,1712185440.3835766,23759731.23326856,52.94,-0.0,53.66,ASK
540,1712185470.395749,23759731.23326856,52.94,-0.0,53.66,ASK
541,1712185483.8532186,23759731.23326937,52.94,-6.13869799533148e-16,53.66,ASK
542,1712185500.562806,23759731.23326937,52.94,-0.0,53.66,ASK
543,1712185510.4030452,23760676.05564276,52.92,-7.193375247797302e-07,53.66,ASK
544,1712185510.4077427,23761453.89793403,52.91,-5.922077675437127e-07,53.66,ASK
545,1712185525.3729427,23761598.95483148,52.91,-1.1043860994704537e-07,53.66,ASK
546,1712185525.3828585,23778261.78416667,52.91,-1.2686192396983792e-05,53.66,ASK
547,1712185530.573193,23778261.78416667,52.91,-0.0,53.66,ASK
548,1712185533.303103,23780156.36024586,52.94,1.4413535755291596e-06,53.66,BID
549,1712185541.8235672,23781559.45301013,52.91,-1.067443421667126e-06,53.66,ASK
550,1712185560.3836071,23781559.45301013,52.91,-0.0,53.66,ASK
551,1712185590.3942652,23781559.45301013,52.91,-0.0,53.66,ASK
552,1712185620.5831425,23781559.45301013,52.91,-0.0,53.66,ASK
553,1712185650.5735428,23781559.45301013,52.91,-0.0,53.66,ASK
554,1712185663.6835997,23781819.42771013,52.99,1.977570169980397e-07,53.66,BID
555,1712185663.6885493,23790234.40772233,53.0,6.401089587987119e-06,53.66,BID
556,1712185673.8135374,23790328.74734497,53.0,7.176206899295658e-08,53.66,BID
557,1712185680.4135458,23790328.74734497,53.0,0.0,53.66,BID
558,1712185710.3934565,23790328.74734497,53.0,0.0,53.66,BID
559,1712185740.5671809,23790328.74734497,53.0,0.0,53.66,BID
560,1712185770.5533752,23790328.74734497,53.0,0.0,53.66,BID
561,1712185800.4343152,23790328.74734497,53.0,0.0,53.66,BID
562,1712185830.3945675,23790328.74734497,53.0,0.0,53.66,BID
563,1712185850.2433908,23797415.09007197,52.91,-5.405535202488929e-06,53.66,ASK
564,1712185860.5733538,23797415.09007197,52.91,-0.0,53.66,ASK
565,1712185890.5833757,23797415.09007197,52.91,-0.0,53.66,ASK
566,1712185897.1252258,23797605.09007197,52.91,-1.4489251623599446e-07,53.66,ASK
567,1712185899.6895058,23797757.9691363,52.91,-1.1658438058404464e-07,53.66,ASK
568,1712185920.374601,23797757.9691363,52.91,-0.0,53.66,ASK
569,1712185950.403458,23797757.9691363,52.91,-0.0,53.66,ASK
570,1712185980.573631,23797757.9691363,52.91,-0.0,53.66,ASK
571,1712186010.5434594,23797757.9691363,52.91,-0.0,53.66,ASK
572,1712186040.411041,23797757.9691363,52.91,-0.0,53.66,ASK
573,1712186070.4160843,23797757.9691363,52.91,-0.0,53.66,ASK
574,1712186100.4248376,23797757.9691363,52.91,-0.0,53.66,ASK
575,1712186130.4493763,23797757.9691363,52.91,-0.0,53.66,ASK
576,1712186160.5644124,23797757.9691363,52.91,-0.0,53.66,ASK
577,1712186190.5936077,23797757.9691363,52.91,-0.0,53.66,ASK
578,1712186215.793546,23805502.70019823,52.91,-5.907158352069611e-06,53.66,ASK
579,1712186220.3773258,23805502.70019823,52.91,-0.0,53.66,ASK
580,1712186250.3835273,23805502.70019823,52.91,-0.0,53.66,ASK
581,1712186280.5536623,23805502.70019823,52.91,-0.0,53.66,ASK
582,1712186310.5832086,23805502.70019823,52.91,-0.0,53.66,ASK
583,1712186340.4231489,23805502.70019823,52.91,-0.0,53.66,ASK
584,1712186356.3632178,23808647.56812275,52.91,-2.397943610934518e-06,53.66,ASK
585,1712186370.3994424,23808647.56812275,52.91,-0.0,53.66,ASK
586,1712186400.4986844,23808647.56812275,52.91,-0.0,53.66,ASK
587,1712186430.4121046,23808647.56812275,52.91,-0.0,53.66,ASK
588,1712186460.5805905,23808647.56812275,52.91,-0.0,53.66,ASK
589,1712186467.4147182,23810530.92972063,53.07,1.4390955064868897e-06,53.66,BID
590,1712186490.575187,23810530.92972063,53.07,0.0,53.66,BID
591,1712186520.4094405,23810530.92972063,53.07,0.0,53.66,BID
592,1712186550.4045515,23810530.92972063,53.07,0.0,53.66,BID
593,1712186580.5969849,23810530.92972063,53.07,0.0,53.66,BID
594,1712186610.567546,23810530.92972063,53.07,0.0,53.66,BID
595,1712186634.338063,23811530.92972063,53.07,7.640516875507436e-07,53.66,BID
596,1712186640.398452,23811530.92972063,53.07,0.0,53.66,BID
597,1712186651.3984542,23812030.92972063,53.07,3.820103539343299e-07,53.66,BID
598,1712186670.4117763,23812030.92972063,53.07,0.0,53.66,BID
599,1712186671.6488926,23812530.92972063,53.07,3.820026094848444e-07,53.66,BID
600,1712186691.2892177,23813530.92972063,53.07,7.640052189696888e-07,53.66,BID
601,1712186700.5791812,23813530.92972063,53.07,0.0,53.66,BID
602,1712186711.7826211,23814530.92972063,53.07,7.644156949034311e-07,53.66,BID
603,1712186730.5899255,23814530.92972063,53.07,0.0,53.66,BID
604,1712186735.109881,23815530.92972063,53.07,7.64384685696409e-07,53.66,BID
605,1712186760.4198756,23815530.92972063,53.07,0.0,53.66,BID
606,1712186790.4204257,23815530.92972063,53.07,0.0,53.66,BID
607,1712186802.6708908,23815643.98794561,53.07,8.641647020508926e-08,53.66,BID
608,1712186820.6112423,23815643.98794561,53.07,0.0,53.66,BID
609,1712186850.5815337,23815643.98794561,53.07,0.0,53.66,BID
610,1712186880.4119415,23815643.98794561,53.07,0.0,53.66,BID
611,1712186910.4060092,23815643.98794561,53.07,0.0,53.66,BID
612,1712186933.9531577,23815800.72921983,52.93,-1.198052201627301e-07,53.66,ASK
613,1712186938.712193,23817687.52167266,52.93,-1.442170138869172e-06,53.66,ASK
614,1712186940.442177,23817687.52167266,52.93,-0.0,53.66,ASK
615,1712186948.873037,23817875.52167266,52.92,-1.4368595334984985e-07,53.66,ASK
616,1712186948.8838155,23821499.85116117,52.93,-2.7700278606959515e-06,53.66,ASK
617,1712186948.887766,23827168.78540153,52.92,-4.332692663849503e-06,53.66,ASK
618,1712186948.8903008,23878502.2816449,52.91,-3.923352311973078e-05,53.66,ASK
619,1712186970.4531734,23878502.2816449,52.91,-0.0,53.66,ASK
620,1712187000.5030067,23878502.2816449,52.91,-0.0,53.66,ASK
621,1712187030.4337883,23878502.2816449,52.91,-0.0,53.66,ASK
622,1712187060.5536869,23878502.2816449,52.91,-0.0,53.66,ASK
623,1712187090.5936964,23878502.2816449,52.91,-0.0,53.66,ASK
624,1712187120.484167,23878502.2816449,52.91,-0.0,53.66,ASK
625,1712187150.3946695,23878502.2816449,52.91,-0.0,53.66,ASK
626,1712187180.594683,23878502.2816449,52.91,-0.0,53.66,ASK
627,1712187210.5552151,23878502.2816449,52.91,-0.0,53.66,ASK
628,1712187240.4153554,23878502.2816449,52.91,-0.0,53.66,ASK
629,1712187264.8753958,23880703.75334302,52.91,-1.6868864656371456e-06,53.66,ASK
630,1712187264.8852997,23881647.14956943,52.91,-7.228811196722319e-07,53.66,ASK
631,1712187270.4254477,23881647.14956943,52.91,-0.0,53.66,ASK
632,1712187300.569584,23881647.14956943,52.91,-0.0,53.66,ASK
633,1712187330.586822,23881647.14956943,52.91,-0.0,53.66,ASK
634,1712187360.417917,23881647.14956943,52.91,-0.0,53.66,ASK
635,1712187384.9967048,23900572.2063446,52.92,1.4611621893816044e-05,53.66,BID
636,1712187385.0765076,23911022.24856629,52.95,8.068248752523616e-06,53.66,BID
637,1712187390.420185,23911022.24856629,52.95,0.0,53.66,BID
638,1712187420.5667238,23911022.24856629,52.95,0.0,53.66,BID
639,1712187440.2573345,23913060.70203258,52.95,1.5719582067556302e-06,53.66,BID
640,1712187440.2629402,23917322.24856629,52.95,3.2863016781622294e-06,53.66,BID
641,1712187450.5669746,23917322.24856629,52.95,0.0,53.66,BID
642,1712187480.4075892,23917322.24856629,52.95,0.0,53.66,BID
643,1712187505.807786,23936377.94803992,53.0,1.469106846984762e-05,53.66,BID
644,1712187505.810414,23952861.76182852,52.95,1.270826281384494e-05,53.66,BID
645,1712187510.4113088,23952861.76182852,52.95,0.0,53.66,BID
646,1712187540.607732,23952861.76182852,52.95,0.0,53.66,BID
647,1712187570.5775545,23952861.76182852,52.95,0.0,53.66,BID
648,1712187600.472675,23952861.76182852,52.95,0.0,53.66,BID
649,1712187630.4209309,23952861.76182852,52.95,0.0,53.66,BID
650,1712187660.5677748,23952861.76182852,52.95,0.0,53.66,BID
651,1712187690.567963,23952861.76182852,52.95,0.0,53.66,BID
652,1712187720.3800864,23952861.76182852,52.95,0.0,53.66,BID
653,1712187750.3982935,23952861.76182852,52.95,0.0,53.66,BID
654,1712187780.5885038,23952861.76182852,52.95,0.0,53.66,BID
655,1712187810.598565,23952861.76182852,52.95,0.0,53.66,BID
656,1712187835.4689715,23973607.12215083,53.0,1.600176161192995e-05,53.66,BID
657,1712187835.474248,24025048.2146587,53.0,3.967866002707432e-05,53.66,BID
658,1712187840.40892,24025048.2146587,53.0,0.0,53.66,BID
659,1712187870.4291031,24025048.2146587,53.0,0.0,53.66,BID
660,1712187880.2724414,24025697.0086587,52.93,-4.989693807171194e-07,53.66,ASK
661,1712187891.4893832,24026732.37279143,52.93,-7.96269694427306e-07,53.66,ASK
662,1712187900.4673622,24026732.37279143,52.93,-0.0,53.66,ASK
663,1712187930.4129822,24026732.37279143,52.93,-0.0,53.66,ASK
664,1712187960.5791483,24026732.37279143,52.93,-0.0,53.66,ASK
665,1712187990.5793586,24026732.37279143,52.93,-0.0,53.66,ASK
666,1712188008.8385153,24026930.6356313,52.96,-1.5385083403531894e-07,53.66,ASK
667,1712188009.389772,24032598.49884686,52.95,-4.398229559757043e-06,53.66,ASK
668,1712188010.0102198,24038475.80779143,52.94,-4.560758252048615e-06,53.66,ASK
669,1712188020.4530458,24038475.80779143,52.94,-0.0,53.66,ASK
670,1712188035.5699415,24045124.05419863,52.99,5.156513411849453e-06,53.66,BID
671,1712188035.575027,24061787.22755324,52.99,1.2924291854461448e-05,53.66,BID
672,1712188050.4159975,24061787.22755324,52.99,0.0,53.66,BID
673,1712188080.66496,24061787.22755324,52.99,0.0,53.66,BID
674,1712188106.8498025,24065869.41452094,52.99,3.163195519922313e-06,53.66,BID
675,1712188107.2698882,24066266.47852094,52.99,-3.076760265656569e-07,53.66,ASK
676,1712188108.8655517,24070925.15252094,52.99,-3.609902447431182e-06,53.66,ASK
677,1712188110.598075,24070925.15252094,52.99,-0.0,53.66,ASK
678,1712188110.8857205,24072539.48952094,52.99,-1.2504445111853477e-06,53.66,ASK
679,1712188113.370111,24080658.71273894,52.99,-6.289045043275458e-06,53.66,ASK
680,1712188113.4497554,24080658.71273912,52.99,-1.4139251687084527e-16,53.66,ASK
681,1712188140.4299085,24080658.71273912,52.99,-0.0,53.66,ASK
682,1712188170.4169817,24080658.71273912,52.99,-0.0,53.66,ASK
683,1712188200.4179263,24080658.71273912,52.99,-0.0,53.66,ASK
684,1712188212.6705892,24080851.89718271,53.0,1.515881727286584e-07,53.66,BID
685,1712188212.6735408,24157503.79722311,53.0,6.014729368171282e-05,53.66,BID
686,1712188212.890448,24221613.66526161,53.0,-5.030579879657635e-05,53.66,ASK
687,1712188220.7125218,24285860.10902941,53.0,-5.041296718373189e-05,53.66,ASK
688,1712188221.1910925,24323497.84568601,53.03,2.95336188536292e-05,53.66,BID
689,1712188221.1947577,24323595.95808601,53.02,7.69869413993712e-08,53.66,BID
690,1712188230.4129376,24323595.95808601,53.02,0.0,53.66,BID
691,1712188239.2106931,24345278.85509758,53.06,1.684396394378785e-05,53.66,BID
692,1712188239.2908509,24369166.46344758,53.06,-1.855665382425476e-05,53.66,ASK
693,1712188240.6414256,24369166.46344772,53.06,-1.0996911097673542e-16,53.66,ASK
694,1712188249.700699,24371057.25077358,53.06,1.4688237242996632e-06,53.66,BID
695,1712188250.3408768,24371456.84677358,53.06,-3.104188804892705e-07,53.66,ASK
696,1712188251.810737,24375636.84677358,53.06,-3.247156929605004e-06,53.66,ASK
697,1712188251.9107866,24378235.90732658,53.06,-2.019032891180608e-06,53.66,ASK
698,1712188257.850737,24382415.80732658,53.06,-3.2470792464266057e-06,53.66,ASK
699,1712188260.6004264,24382415.80732658,53.06,-0.0,53.66,ASK
700,1712188265.509002,24382415.90732736,53.06,-7.749589906217491e-11,53.66,ASK
701,1712188265.5135193,24382528.8229604,53.0,-8.750430240442428e-08,53.66,ASK
702,1712188276.6607585,24443466.6543353,53.0,-4.72239519103574e-05,53.66,ASK
703,1712188290.591147,24443466.6543353,53.0,-0.0,53.66,ASK
704,1712188320.4413276,24443466.6543353,53.0,-0.0,53.66,ASK
705,1712188350.42163,24443466.6543353,53.0,-0.0,53.66,ASK
706,1712188380.6014853,24443466.6543353,53.0,-0.0,53.66,ASK
707,1712188410.5915132,24443466.6543353,53.0,-0.0,53.66,ASK
708,1712188440.4083922,24443466.6543353,53.0,-0.0,53.66,ASK
709,1712188470.414274,24443466.6543353,53.0,-0.0,53.66,ASK
710,1712188490.9908624,24464212.01465761,53.0,-1.6036466464456078e-05,53.66,ASK
711,1712188500.5907931,24464212.01465761,53.0,-0.0,53.66,ASK
712,1712188530.5894842,24464212.01465761,53.0,-0.0,53.66,ASK
713,1712188553.6908388,24465212.01465761,53.08,7.738179025368735e-07,53.66,BID
714,1712188560.431788,24465212.01465761,53.08,0.0,53.66,BID
715,1712188578.0482771,24468979.91217079,53.08,2.915546796713146e-06,53.66,BID
716,1712188578.3085616,24556939.4336478,53.08,6.806185682747384e-05,53.66,BID
717,1712188588.808186,24557128.07729994,53.01,-1.459698396244091e-07,53.66,ASK
718,1712188590.3979218,24557128.07729994,53.01,-0.0,53.66,ASK
719,1712188615.9176517,24557164.65887302,53.01,2.8199852886976043e-08,53.66,BID
720,1712188620.5699694,24557164.65887302,53.01,0.0,53.66,BID
721,1712188650.5902317,24557164.65887302,53.01,0.0,53.66,BID
722,1712188680.385944,24557164.65887302,53.01,0.0,53.66,BID
723,1712188710.416506,24557164.65887302,53.01,0.0,53.66,BID
724,1712188740.6048872,24557164.65887302,53.01,0.0,53.66,BID
725,1712188770.6140893,24557164.65887302,53.01,0.0,53.66,BID
726,1712188775.014257,24577910.01919533,53.01,-1.599207429840429e-05,53.66,ASK
727,1712188800.5706916,24577910.01919533,53.01,-0.0,53.66,ASK
728,1712188804.6034536,12610.62261389,53.01,-9.771497624112932e-06,53.01,ASK
729,1712188830.4846437,12610.62261389,53.01,-0.0,53.01,ASK
730,1712188830.8635693,35922.0423757,53.01,-1.805379162464753e-05,53.01,ASK
731,1712188832.614099,37808.47889711,53.1,1.4609720136589682e-06,53.1,BID
732,1712188847.3030007,56639.54649266,53.01,-1.4583932420824608e-05,53.1,ASK
733,1712188856.0831444,60368.19581447,53.01,-2.887694468426244e-06,53.1,ASK
734,1712188856.0876873,238884.40262931,53.0,-0.000138253887253,53.1,ASK
735,1712188856.0928354,310217.77180493,53.01,-5.524493128859114e-05,53.1,ASK
736,1712188856.2226624,316235.71063925,53.0,-4.660660518956385e-06,53.1,ASK
737,1712188856.2272484,316566.53644809,53.0,-2.562117742239521e-07,53.1,ASK
738,1712188856.2741077,317235.71063925,53.0,-5.182494902171015e-07,53.1,ASK
739,1712188856.282751,317613.06912981,53.0,-2.922495337466876e-07,53.1,ASK
740,1712188856.325626,317801.89088207,52.95,-1.462351330092344e-07,53.1,ASK
741,1712188858.5370514,318007.02048787,52.93,-1.5886493388214088e-07,53.1,ASK
742,1712188860.372646,318007.02048787,52.93,-0.0,53.1,ASK
743,1712188860.7100704,318007.02048787,52.93,-0.0,53.1,ASK
744,1712188871.2129383,319896.30822639,53.0,1.4450641638144517e-06,53.1,BID
745,1712188890.5933857,319896.30822639,53.0,0.0,53.1,BID
746,1712188895.4458928,320463.30879339,52.91,-4.336499070317098e-07,53.1,ASK
747,1712188895.4524553,338779.22122639,52.91,-1.4008264164171888e-05,53.1,ASK
748,1712188914.4663992,339820.925501,52.91,-7.967098943644759e-07,53.1,ASK
749,1712188920.322672,339820.925501,52.91,-0.0,53.1,ASK
750,1712188920.6783206,339820.925501,52.91,-0.0,53.1,ASK
751,1712188929.521153,358718.009501,52.9,-1.4441108735258788e-05,53.1,ASK
752,1712188934.3411195,365663.53099463,52.9,-5.307751773373514e-06,53.1,ASK
753,1712188934.3610144,367636.39813748,52.9,-1.507660596212429e-06,53.1,ASK
754,1712188934.849326,372831.77113748,52.9,-3.9702922637813975e-06,53.1,ASK
755,1712188950.4111958,372831.77113748,52.9,-0.0,53.1,ASK
756,1712188957.079505,377690.6106962,52.9,-3.7081656299934575e-06,53.1,ASK
757,1712188957.093347,377714.79413748,52.9,-1.8456301074741853e-08,53.1,ASK
758,1712188980.430721,377714.79413748,52.9,-0.0,53.1,ASK
759,1712188980.891289,377714.79413748,52.9,-0.0,53.1,ASK
760,1712189010.6216009,377714.79413748,52.9,-0.0,53.1,ASK
761,1712189013.8206625,390799.38554158,52.87,-9.983920709664396e-06,53.1,ASK
762,1712189013.827042,390964.23801712,52.9,-1.257871945521866e-07,53.1,ASK
763,1712189027.8624582,407879.64661302,52.87,-1.2906944739605953e-05,53.1,ASK
764,1712189031.1565912,407979.64661302,52.85,-7.63028848309013e-08,53.1,ASK
765,1712189031.162913,417533.90187507,52.81,-7.290172389052355e-06,53.1,ASK
766,1712189034.670821,419443.67933719,52.8,-1.4572152974479285e-06,53.1,ASK
767,1712189034.992527,436437.49355748,52.8,1.29667704928852e-05,53.1,BID
768,1712189034.995577,443978.90940725,52.81,5.754317850469349e-06,53.1,BID
769,1712189040.3621554,443978.90940725,52.81,0.0,53.1,BID
770,1712189040.7477832,443978.90940725,52.81,0.0,53.1,BID
771,1712189070.413844,443978.90940725,52.81,0.0,53.1,BID
772,1712189076.5782084,446105.49418166,52.81,1.6183223565813403e-06,53.1,BID
773,1712189076.5816767,447813.41475309,52.81,1.2997206023809637e-06,53.1,BID
774,1712189100.354944,447813.41475309,52.81,0.0,53.1,BID
775,1712189100.7154098,447813.41475309,52.81,0.0,53.1,BID
776,1712189101.1624682,455925.23166658,52.87,6.213537710970201e-06,53.1,BID
777,1712189101.1653943,457913.41475309,52.87,1.5229202922219252e-06,53.1,BID
778,1712189130.5878074,457913.41475309,52.87,0.0,53.1,BID
779,1712189136.5489247,458017.38450734,52.9,7.960680873824027e-08,53.1,BID
780,1712189138.7005382,458121.35426163,52.72,-7.960680876890306e-08,53.1,ASK
781,1712189160.357701,458121.35426163,52.72,-0.0,53.1,ASK
782,1712189160.6765594,458121.35426163,52.72,-0.0,53.1,ASK
783,1712189190.442118,458121.35426163,52.72,-0.0,53.1,ASK
784,1712189211.66921,482846.90828869,52.72,-1.8931524027564464e-05,53.1,ASK
785,1712189211.6823115,484007.35228191,52.72,-8.885128849385491e-07,53.1,ASK
786,1712189211.6888497,486473.10172498,52.73,-1.887941308669772e-06,53.1,ASK
787,1712189220.4042203,486473.10172498,52.73,-0.0,53.1,ASK
788,1712189220.7884178,486473.10172498,52.73,-0.0,53.1,ASK
789,1712189226.9398515,488225.29594974,52.92,1.3400624560964398e-06,53.1,BID
790,1712189226.9451282,500121.32619549,52.9,9.097977429471834e-06,53.1,BID
791,1712189226.949987,500969.71415388,52.91,6.488395151504793e-07,53.1,BID
792,1712189250.6197226,500969.71415388,52.91,0.0,53.1,BID
793,1712189280.3734224,500969.71415388,52.91,0.0,53.1,BID
794,1712189280.6996388,500969.71415388,52.91,0.0,53.1,BID
795,1712189310.4182272,500969.71415388,52.91,0.0,53.1,BID
796,1712189340.379289,500969.71415388,52.91,0.0,53.1,BID
797,1712189340.7592187,500969.71415388,52.91,0.0,53.1,BID
798,1712189370.5978074,500969.71415388,52.91,0.0,53.1,BID
799,1712189380.4775567,512669.71415388,52.91,-8.942810033233362e-06,53.1,ASK
800,1712189380.5774615,518057.13914699,52.91,4.117839169374046e-06,53.1,BID
801,1712189380.5804377,525504.94422394,52.91,5.692675723736308e-06,53.1,BID
802,1712189381.547645,537704.94422394,52.99,9.32498140217496e-06,53.1,BID
803,1712189382.4875867,538340.17422394,53.11,4.855334373855266e-07,53.11,BID
804,1712189400.394185,538340.17422394,53.11,0.0,53.11,BID
805,1712189400.7566772,538340.17422394,53.11,0.0,53.11,BID
806,1712189430.4327624,538340.17422394,53.11,0.0,53.11,BID
807,1712189436.4262912,549940.17422394,53.1,8.96738830866979e-06,53.11,BID
808,1712189436.429394,581943.23637083,53.1,2.473999011531499e-05,53.11,BID
809,1712189460.3940487,581943.23637083,53.1,0.0,53.11,BID
810,1712189460.722176,581943.23637083,53.1,0.0,53.11,BID
811,1712189469.7716622,584040.69286842,52.9,-1.6185432790183531e-06,53.11,ASK
812,1712189490.5917685,584040.69286842,52.9,-0.0,53.11,ASK
813,1712189509.156904,585201.13686164,52.91,-8.954026107872657e-07,53.11,ASK
814,1712189520.392295,585201.13686164,52.91,-0.0,53.11,ASK
815,1712189520.700617,585201.13686164,52.91,-0.0,53.11,ASK
816,1712189540.9074094,585579.13723964,53.1,2.916525857000203e-07,53.11,BID
817,1712189550.418884,585579.13723964,53.1,0.0,53.11,BID
818,1712189572.536999,586576.28925252,52.92,-7.693575879823372e-07,53.11,ASK
819,1712189580.3712018,586576.28925252,52.92,-0.0,53.11,ASK
820,1712189580.6946447,586576.28925252,52.92,-0.0,53.11,ASK
821,1712189610.5766606,586576.28925252,52.92,-0.0,53.11,ASK
822,1712189637.9365208,587632.63749919,52.92,-8.149975540272024e-07,53.11,ASK
823,1712189640.3773844,587632.63749919,52.92,-0.0,53.11,ASK
824,1712189640.6468844,587632.63749919,52.92,-0.0,53.11,ASK
825,1712189670.4006858,587632.63749919,52.92,-0.0,53.11,ASK
826,1712189700.4175146,587632.63749919,52.92,-0.0,53.11,ASK
827,1712189700.736498,587632.63749919,52.92,-0.0,53.11,ASK
828,1712189730.4964182,587632.63749919,52.92,-0.0,53.11,ASK
829,1712189760.5832927,587632.63749919,52.92,-0.0,53.11,ASK
830,1712189790.5796888,587632.63749919,52.92,-0.0,53.11,ASK
831,1712189820.399662,587632.63749919,52.92,-0.0,53.11,ASK
832,1712189850.3902526,587632.63749919,52.92,-0.0,53.11,ASK
833,1712189880.5935,587632.63749919,52.92,-0.0,53.11,ASK
834,1712189910.6257017,587632.63749919,52.92,-0.0,53.11,ASK
835,1712189940.376784,587632.63749919,52.92,-0.0,53.11,ASK
836,1712189970.3849227,587632.63749919,52.92,-0.0,53.11,ASK
837,1712189986.1894825,588107.964545,53.08,3.7668752602817977e-07,53.11,BID
838,1712190000.4392817,588107.964545,53.08,0.0,53.11,BID
839,1712190009.8018742,601415.00129581,53.08,1.0901289812209597e-05,53.11,BID
840,1712190009.847653,607898.1774312,53.08,-5.311098427017282e-06,53.11,ASK
841,1712190030.428651,607898.1774312,53.08,-0.0,53.11,ASK
842,1712190046.7450085,608661.2575312,53.08,6.245872064923813e-07,53.11,BID
843,1712190046.9148705,611031.60810188,53.08,-1.940151029163023e-06,53.11,ASK
844,1712190060.5993564,611031.60810188,53.08,-0.0,53.11,ASK
845,1712190090.5880463,611031.60810188,53.08,-0.0,53.11,ASK
846,1712190120.4025917,611031.60810188,53.08,-0.0,53.11,ASK
847,1712190150.4199843,611031.60810188,53.08,-0.0,53.11,ASK
848,1712190180.585279,611031.60810188,53.08,-0.0,53.11,ASK
849,1712190186.7286296,611229.87101043,53.08,1.622576979811734e-07,53.11,BID
850,1712190186.731865,612915.55685847,53.08,1.3795596323216963e-06,53.11,BID
851,1712190198.2681742,620071.60399009,53.08,5.856484920516815e-06,53.11,BID
852,1712190198.2749476,621401.56299009,53.08,1.088433975509961e-06,53.11,BID
853,1712190201.1547914,623471.08299009,53.08,-1.693688212191008e-06,53.11,ASK
854,1712190203.155428,634319.87699009,53.08,-8.878616546005045e-06,53.11,ASK
855,1712190210.594815,634319.87699009,53.08,-0.0,53.11,ASK
856,1712190216.6547334,636115.69929632,53.09,1.4682096195467217e-06,53.11,BID
857,1712190216.8949351,647602.03056132,53.11,9.39087458601472e-06,53.11,BID
858,1712190216.9207263,647602.03056211,53.11,6.458753380831717e-16,53.11,BID
859,1712190217.126192,647700.84044711,53.13,8.078395237658922e-08,53.13,BID
860,1712190217.405525,648798.12844711,53.13,-8.9710924706979e-07,53.13,ASK
861,1712190217.6680005,648906.01604711,53.13,-8.820561566715983e-08,53.13,ASK
862,1712190240.4122484,648906.01604711,53.13,-0.0,53.13,ASK
863,1712190270.4280431,648906.01604711,53.13,-0.0,53.13,ASK
864,1712190297.274619,650066.46004033,53.14,-9.481431679870482e-07,53.14,ASK
865,1712190300.554705,650066.46004033,53.14,-0.0,53.14,ASK
866,1712190330.5744486,650066.46004033,53.14,-0.0,53.14,ASK
867,1712190360.4075165,650066.46004033,53.14,-0.0,53.14,ASK
868,1712190390.405326,650066.46004033,53.14,-0.0,53.14,ASK
869,1712190420.5949852,650066.46004033,53.14,-0.0,53.14,ASK
870,1712190450.5842335,650066.46004033,53.14,-0.0,53.14,ASK
871,1712190472.9189205,650194.97305382,53.14,-1.0854237592865541e-07,53.14,ASK
872,1712190480.4077537,650194.97305382,53.14,-0.0,53.14,ASK
873,1712190510.417462,650194.97305382,53.14,-0.0,53.14,ASK
874,1712190540.4350772,650194.97305382,53.14,-0.0,53.14,ASK
875,1712190570.4186103,650194.97305382,53.14,-0.0,53.14,ASK
876,1712190586.0761209,650592.59550255,53.2,3.358308641216268e-07,53.2,BID
877,1712190600.5178473,650592.59550255,53.2,0.0,53.2,BID
878,1712190627.6966772,652367.86750255,53.14,-1.5546445912531275e-06,53.2,ASK
879,1712190630.4073596,652367.86750255,53.14,-0.0,53.2,ASK
880,1712190648.5176437,654473.13066044,53.2,1.843472782869966e-06,53.2,BID
881,1712190657.483354,654849.07051006,53.2,3.291915683668189e-07,53.2,BID
882,1712190660.5876317,654849.07051006,53.2,0.0,53.2,BID
883,1712190679.95771,654943.07426945,53.2,8.230483839771757e-08,53.2,BID
884,1712190690.598693,654943.07426945,53.2,0.0,53.2,BID
885,1712190720.4468834,654943.07426945,53.2,0.0,53.2,BID
886,1712190721.4105017,660463.62408148,53.2,4.833487230711916e-06,53.2,BID
887,1712190722.028818,675729.61365686,53.14,-1.336605377891668e-05,53.2,ASK
888,1712190722.8761804,675729.61365774,53.14,-7.704646742564017e-16,53.2,ASK
889,1712190722.8819938,687015.78748074,53.14,-9.881547837534496e-06,53.2,ASK
890,1712190750.389339,687015.78748074,53.14,-0.0,53.2,ASK
891,1712190752.9649642,694515.34348074,53.13,-6.556409721291133e-06,53.2,ASK
892,1712190753.0793183,696622.2772906,53.13,-1.8419652194187604e-06,53.2,ASK
893,1712190770.8296905,706047.34797864,53.05,-8.239771138840978e-06,53.2,ASK
894,1712190780.4196472,706047.34797864,53.05,-0.0,53.2,ASK
895,1712190810.4023595,706047.34797864,53.05,-0.0,53.2,ASK
896,1712190828.092827,706377.81754764,53.05,-2.8865464673816544e-07,53.2,ASK
897,1712190838.1206822,707783.97098865,53.06,-1.2282302603616473e-06,53.2,ASK
898,1712190840.5706267,707783.97098865,53.06,-0.0,53.2,ASK
899,1712190847.1012962,710147.13530112,53.06,-2.0639826708486043e-06,53.2,ASK
900,1712190847.1047416,719336.00597716,53.05,-8.025540052351343e-06,53.2,ASK
901,1712190870.5809107,719336.00597716,53.05,-0.0,53.2,ASK
902,1712190899.8160057,722336.00597716,53.0,-2.6187918419886668e-06,53.2,ASK
903,1712190899.8230407,734736.00597716,52.94,-1.0824339613553156e-05,53.2,ASK
904,1712190899.8266497,736625.65072394,52.92,-1.6495287490414418e-06,53.2,ASK
905,1712190899.8297272,748325.65072394,53.01,-1.0213288183755802e-05,53.2,ASK
906,1712190899.8327868,759596.59743594,52.92,-9.838754433624918e-06,53.2,ASK
907,1712190899.8360136,759974.59781394,52.91,-3.299681020583161e-07,53.2,ASK
908,1712190899.839262,769751.40289881,52.92,-8.534472465656926e-06,53.2,ASK
909,1712190899.8423672,771643.90857632,52.84,-1.652026143060187e-06,53.2,ASK
910,1712190899.845748,794401.35215682,52.73,-1.9865669197710223e-05,53.2,ASK
911,1712190899.848827,831957.20685682,52.62,-3.278365530242393e-05,53.2,ASK
912,1712190899.8519368,881547.54777913,52.6,-4.328892674959408e-05,53.2,ASK
913,1712190899.855061,962791.96544633,52.8,-7.09207393979944e-05,53.2,ASK
914,1712190899.8581755,977940.61153609,52.81,-1.3223716932345673e-05,53.2,ASK
915,1712190899.8613544,995729.3506387,52.82,-1.5528334947059886e-05,53.2,ASK
916,1712190899.864494,1010877.99672846,52.81,-1.3223716932345673e-05,53.2,ASK
917,1712190899.8676126,1010994.88097893,52.7,-1.0203184052934204e-07,53.2,ASK
918,1712190899.8707335,1020477.14913747,52.73,-8.277362165711162e-06,53.2,ASK
919,1712190899.8738668,1020577.14913747,52.7,-8.729306139962225e-08,53.2,ASK
920,1712190899.8769853,1043334.59271797,52.73,-1.9865669197710223e-05,53.2,ASK
921,1712190899.8801713,1043478.98435295,52.6,-1.260438785789957e-07,53.2,ASK
922,1712190900.4691389,1043478.98435295,52.6,-0.0,53.2,ASK
923,1712190927.882134,1056494.25138695,52.96,1.1564352930005124e-05,53.2,BID
924,1712190930.43673,1056494.25138695,52.96,0.0,53.2,BID
925,1712190937.0626516,1065410.60615649,52.8,-7.917529553067989e-06,53.2,ASK
926,1712190960.603064,1065410.60615649,52.8,-0.0,53.2,ASK
927,1712190990.5935097,1065410.60615649,52.8,-0.0,53.2,ASK
928,1712191020.383102,1065410.60615649,52.8,-0.0,53.2,ASK
929,1712191027.1043763,1083009.52876128,52.96,1.5620931120689946e-05,53.2,BID
930,1712191027.1116729,1092751.70530778,52.96,8.647226436296658e-06,53.2,BID
931,1712191039.0033348,1093951.70430778,52.96,1.0651278004252563e-06,53.2,BID
932,1712191050.4452531,1093951.70430778,52.96,0.0,53.2,BID
933,1712191062.0032144,1096517.41899811,52.96,2.2742956244542474e-06,53.2,BID
934,1712191079.283554,1096611.84875641,52.96,8.370423528734605e-08,53.2,BID
935,1712191080.5836723,1096611.84875641,52.96,0.0,53.2,BID
936,1712191110.5939193,1096611.84875641,52.96,0.0,53.2,BID
937,1712191137.5342937,1099593.60857514,52.94,2.6427554789250074e-06,53.2,BID
938,1712191140.4047594,1099593.60857514,52.94,0.0,53.2,BID
939,1712191170.4505472,1099593.60857514,52.94,0.0,53.2,BID
940,1712191197.2046802,1102329.83018854,52.94,2.424793929572876e-06,53.2,BID
941,1712191198.9053414,1107827.44815536,52.94,4.87189729361533e-06,53.2,BID
942,1712191198.9126542,1121188.01518854,52.94,1.1839911533133813e-05,53.2,BID
943,1712191200.484615,1121188.01518854,52.94,0.0,53.2,BID
944,1712191230.4286647,1121188.01518854,52.94,0.0,53.2,BID
945,1712191257.2748723,1123081.45300054,52.94,1.6894294358619003e-06,53.2,BID
946,1712191260.6004095,1123081.45300054,52.94,0.0,53.2,BID
947,1712191261.795318,1124976.32799654,52.94,1.690560569510722e-06,53.2,BID
948,1712191269.3451085,1126871.59745254,52.94,1.6909124969587252e-06,53.2,BID
949,1712191290.610858,1126871.59745254,52.94,0.0,53.2,BID
950,1712191295.385184,1134371.59745254,52.94,6.690116727622005e-06,53.2,BID
951,1712191297.15589,1135188.52309282,52.94,7.28710385501518e-07,53.2,BID
952,1712191297.1632917,1145970.05345254,52.94,9.617292881190196e-06,53.2,BID
953,1712191297.8163238,1145970.05388807,52.94,3.8849951634718313e-13,53.2,BID
954,1712191297.827032,1160362.55956558,52.95,1.2838339064733958e-05,53.2,BID
955,1712191297.830342,1172762.55956558,52.97,1.1060992989668382e-05,53.2,BID
956,1712191297.9031708,1184662.55956558,52.99,1.0614985207826914e-05,53.2,BID
957,1712191320.45215,1184662.55956558,52.99,0.0,53.2,BID
958,1712191350.4059231,1184662.55956558,52.99,0.0,53.2,BID
959,1712191359.115816,1185554.77279962,53.0,-7.937012300723711e-07,53.2,ASK
960,1712191380.566332,1185554.77279962,53.0,-0.0,53.2,ASK
961,1712191405.435825,1185976.64252625,53.0,-3.752740078294067e-07,53.2,ASK
962,1712191409.7763078,1186187.57738956,53.0,-1.876370039100433e-07,53.2,ASK
963,1712191410.5861309,1186187.57738956,53.0,-0.0,53.2,ASK
964,1712191440.4565856,1186187.57738956,53.0,-0.0,53.2,ASK
965,1712191470.4285064,1186187.57738956,53.0,-0.0,53.2,ASK
966,1712191500.4504669,1186187.57738956,53.0,-0.0,53.2,ASK
967,1712191530.4297535,1186187.57738956,53.0,-0.0,53.2,ASK
968,1712191544.7171917,1186374.31875277,53.01,-1.669686141795453e-07,53.2,ASK
969,1712191560.6070242,1186374.31875277,53.01,-0.0,53.2,ASK
970,1712191590.587314,1186374.31875277,53.01,-0.0,53.2,ASK
971,1712191620.418,1186374.31875277,53.01,-0.0,53.2,ASK
972,1712191650.4417024,1186374.31875277,53.01,-0.0,53.2,ASK
973,1712191680.6081,1186374.31875277,53.01,-0.0,53.2,ASK
974,1712191710.5805178,1186374.31875277,53.01,-0.0,53.2,ASK
975,1712191740.3989327,1186374.31875277,53.01,-0.0,53.2,ASK
976,1712191760.7291176,1186531.90168141,53.01,-1.408963171346634e-07,53.2,ASK
977,1712191770.4468756,1186531.90168141,53.01,-0.0,53.2,ASK
978,1712191788.04861,1186966.59739624,53.19,3.886624546015471e-07,53.2,BID
979,1712191795.958701,1187079.40055472,53.19,1.0085756764076096e-07,53.2,BID
980,1712191800.4807577,1187079.40055472,53.19,0.0,53.2,BID
981,1712191830.4033697,1187079.40055472,53.19,0.0,53.2,BID
982,1712191860.6124482,1187079.40055472,53.19,0.0,53.2,BID
983,1712191886.039729,1200757.13890018,53.19,1.2309496294985945e-05,53.2,BID
984,1712191886.046847,1215358.28611663,53.19,1.3140532668772146e-05,53.2,BID
985,1712191890.5888135,1215358.28611663,53.19,0.0,53.2,BID
986,1712191920.3897588,1215358.28611663,53.19,0.0,53.2,BID
987,1712191923.9273334,1215734.36735018,53.18,3.380026863372128e-07,53.2,BID
988,1712191923.9348814,1217205.27509448,53.18,1.3219770745665808e-06,53.2,BID
989,1712191924.0194504,1218509.26057948,53.18,-1.1719558370793303e-06,53.2,ASK
990,1712191924.2993872,1233600.51094848,53.19,1.3563248335371014e-05,53.2,BID
991,1712191924.3088298,1233600.5109491,53.19,5.57040380911466e-16,53.2,BID
992,1712191924.4390404,1233775.51094887,53.2,1.5728109981189845e-07,53.2,BID
993,1712191924.4489474,1270394.9138761,53.2,3.291165699664568e-05,53.2,BID
994,1712191924.540193,1270394.91387633,53.2,2.067452653420467e-16,53.2,BID
995,1712191950.4524622,1270394.91387633,53.2,0.0,53.2,BID
996,1712191960.4490836,1271432.63975473,53.2,9.302075895225356e-07,53.2,BID
997,1712191980.4648356,1271432.63975473,53.2,0.0,53.2,BID
998,1712191980.879104,1272472.2858643,53.18,-9.3188275032415e-07,53.2,ASK
999,1712192010.4628215,1272472.2858643,53.18,-0.0,53.2,ASK
1000,1712192040.5895932,1272472.2858643,53.18,-0.0,53.2,ASK
1201,1712192070.6200967,1272472.2858643,53.18,-0.0,53.2,ASK
1202,1712192100.410194,1272472.2858643,53.18,-0.0,53.2,ASK
1203,1712192130.4308286,1272472.2858643,53.18,-0.0,53.2,ASK
1204,1712192160.6098611,1272472.2858643,53.18,-0.0,53.2,ASK
1205,1712192184.074211,1286054.41119696,53.18,-1.2247759098728293e-05,53.2,ASK
1206,1712192190.590092,1286054.41119696,53.18,-0.0,53.2,ASK
1207,1712192220.4390843,1286054.41119696,53.18,-0.0,53.2,ASK
1208,1712192250.446216,1286054.41119696,53.18,-0.0,53.2,ASK
1209,1712192280.4910717,1286054.41119696,53.18,-0.0,53.2,ASK
1210,1712192310.4307709,1286054.41119696,53.18,-0.0,53.2,ASK
1211,1712192340.6008356,1286054.41119696,53.18,-0.0,53.2,ASK
1212,1712192370.6112404,1286054.41119696,53.18,-0.0,53.2,ASK
1213,1712192385.9552124,1286491.49023869,53.29,3.938819729989649e-07,53.29,BID
1214,1712192400.7113135,1286491.49023869,53.29,0.0,53.29,BID
1215,1712192430.6012,1286491.49023869,53.29,0.0,53.29,BID
1216,1712192460.410705,1286491.49023869,53.29,0.0,53.29,BID
1217,1712192490.425062,1286491.49023869,53.29,0.0,53.29,BID
1218,1712192520.611755,1286491.49023869,53.29,0.0,53.29,BID
1219,1712192523.761772,1305345.18556297,53.18,-1.7032661645818902e-05,53.29,ASK
1220,1712192527.0622282,1308243.1446047,53.29,2.6180520567585177e-06,53.29,BID
1221,1712192527.064926,1308574.06556297,53.29,2.989580884160082e-07,53.29,BID
1222,1712192550.611716,1308574.06556297,53.29,0.0,53.29,BID
1223,1712192580.4374373,1308574.06556297,53.29,0.0,53.29,BID
1224,1712192585.7943838,1311923.38364768,53.18,-3.0226076756450847e-06,53.29,ASK
1225,1712192610.4157133,1311923.38364768,53.18,-0.0,53.29,ASK
1226,1712192640.5638807,1311923.38364768,53.18,-0.0,53.29,ASK
1227,1712192670.620821,1311923.38364768,53.18,-0.0,53.29,ASK
1228,1712192700.4237149,1311923.38364768,53.18,-0.0,53.29,ASK
1229,1712192730.402496,1311923.38364768,53.18,-0.0,53.29,ASK
1230,1712192760.6145666,1311923.38364768,53.18,-0.0,53.29,ASK
1231,1712192785.589561,1327015.78100497,53.18,-1.3662783079806358e-05,53.29,ASK
1232,1712192790.611878,1327015.78100497,53.18,-0.0,53.29,ASK
1233,1712192820.460177,1327015.78100497,53.18,-0.0,53.29,ASK
1234,1712192850.4059172,1327015.78100497,53.18,-0.0,53.29,ASK
1235,1712192880.609014,1327015.78100497,53.18,-0.0,53.29,ASK
1236,1712192901.5598874,1328349.20357782,53.18,-1.2062388364676569e-06,53.29,ASK
1237,1712192901.5618677,1328988.22643319,53.18,-5.780719490073738e-07,53.29,ASK
1238,1712192907.1322372,1329826.74317266,53.18,-7.585378234711023e-07,53.29,ASK
1239,1712192907.1409676,1329974.4491473,53.18,-1.336175692664129e-07,53.29,ASK
1240,1712192910.5788577,1329974.4491473,53.18,-0.0,53.29,ASK
1241,1712192940.4311454,1329974.4491473,53.18,-0.0,53.29,ASK
1242,1712192970.421912,1329974.4491473,53.18,-0.0,53.29,ASK
1243,1712192990.028683,1330224.8630225,53.29,2.264968062822955e-07,53.29,BID
1244,1712193000.4391136,1330224.8630225,53.29,0.0,53.29,BID
1245,1712193030.433179,1330224.8630225,53.29,0.0,53.29,BID
1246,1712193060.5709898,1330224.8630225,53.29,0.0,53.29,BID
1247,1712193090.6081588,1330224.8630225,53.29,0.0,53.29,BID
1248,1712193120.410736,1330224.8630225,53.29,0.0,53.29,BID
1249,1712193150.4535773,1330224.8630225,53.29,0.0,53.29,BID
1250,1712193180.5983038,1330224.8630225,53.29,0.0,53.29,BID
1251,1712193210.58816,1330224.8630225,53.29,0.0,53.29,BID
1252,1712193222.3382645,1348967.2080225,53.29,1.707036877089844e-05,53.29,BID
1253,1712193224.108356,1362464.5310225,53.29,1.2293247244671418e-05,53.29,BID
1254,1712193240.36962,1362464.5310225,53.29,0.0,53.29,BID
1255,1712193264.3280675,1375271.1230225,53.29,1.1645911938952896e-05,53.29,BID
1256,1712193270.3917923,1375271.1230225,53.29,0.0,53.29,BID
1257,1712193277.5735447,1375427.6006225,53.28,1.422075519835605e-07,53.29,BID
1258,1712193277.5770414,1376271.1230225,53.29,7.665969796776449e-07,53.29,BID
1259,1712193300.1187887,1376464.7390225,53.29,1.759590982022565e-07,53.29,BID
1260,1712193300.4692535,1376464.7390225,53.29,0.0,53.29,BID
1261,1712193302.1585093,1384360.48508986,53.29,7.246295267775828e-06,53.29,BID
1262,1712193302.1614103,1384904.5590225,53.29,4.993220817609043e-07,53.29,BID
1263,1712193308.908175,1388053.6500225,53.29,2.890068020985113e-06,53.29,BID
1264,1712193330.4142835,1388053.6500225,53.29,0.0,53.29,BID
1265,1712193343.8186848,1388053.6506096,53.29,5.385038402432345e-13,53.29,BID
1266,1712193343.8216298,1397426.33294943,53.3,8.596876226921612e-06,53.3,BID
1267,1712193360.5783775,1397426.33294943,53.3,0.0,53.3,BID
1268,1712193390.6054432,1397426.33294943,53.3,0.0,53.3,BID
1269,1712193420.4338317,1397426.33294943,53.3,0.0,53.3,BID
1270,1712193450.451492,1397426.33294943,53.3,0.0,53.3,BID
1271,1712193480.561859,1397426.33294943,53.3,0.0,53.3,BID
1272,1712193510.578491,1397426.33294943,53.3,0.0,53.3,BID
1273,1712193526.4283147,1409726.33294943,53.19,-1.127672353853006e-05,53.3,ASK
1274,1712193526.4318032,1409826.09753789,53.19,-9.146485227639832e-08,53.3,ASK
1275,1712193526.5483384,1413750.35720972,53.19,3.597787919725869e-06,53.3,BID
1276,1712193526.54984,1421432.99098326,53.19,7.0434908221127e-06,53.3,BID
1277,1712193540.4310412,1421432.99098326,53.19,0.0,53.3,BID
1278,1712193570.4518902,1421432.99098326,53.19,0.0,53.3,BID
1279,1712193587.9078712,1421897.10165713,53.38,4.250022747531896e-07,53.38,BID
1280,1712193598.4486494,1422504.05182573,53.38,5.558053646252509e-07,53.38,BID
1281,1712193600.4250915,1422504.05182573,53.38,0.0,53.38,BID
1282,1712193630.4182951,1422504.05182573,53.38,0.0,53.38,BID
1283,1712193660.4881897,1422504.05182573,53.38,0.0,53.38,BID
1284,1712193690.4080222,1422504.05182573,53.38,0.0,53.38,BID
1285,1712193720.584651,1422504.05182573,53.38,0.0,53.38,BID
1286,1712193750.598421,1422504.05182573,53.38,0.0,53.38,BID
1287,1712193780.428124,1422504.05182573,53.38,0.0,53.38,BID
1288,1712193810.4404926,1422504.05182573,53.38,0.0,53.38,BID
1289,1712193826.8190403,1426748.33600404,53.39,3.890221912825358e-06,53.39,BID
1290,1712193826.8220563,1438177.03975003,53.38,1.0475310294972351e-05,53.39,BID
1291,1712193840.5789285,1438177.03975003,53.38,0.0,53.39,BID
1292,1712193870.5917585,1438177.03975003,53.38,0.0,53.39,BID
1293,1712193899.4784875,1446032.75557172,53.39,7.194866922566787e-06,53.39,BID
1294,1712193899.4816103,1450806.65633103,53.39,4.372304376125852e-06,53.39,BID
1295,1712193899.5482266,1452660.48916598,53.39,-1.6978822613876463e-06,53.39,ASK
1296,1712193900.45796,1452660.48916598,53.39,-0.0,53.39,ASK
1297,1712193902.5684798,1453596.99412945,53.39,8.598901466701468e-07,53.39,BID
1298,1712193906.0395885,1454533.49909292,53.39,-8.59890146669933e-07,53.39,ASK
1299,1712193930.4086125,1454533.49909292,53.39,-0.0,53.39,ASK
1300,1712193960.5980794,1454533.49909292,53.39,-0.0,53.39,ASK
1301,1712193990.5982037,1454533.49909292,53.39,-0.0,53.39,ASK
1302,1712194020.4280434,1454533.49909292,53.39,-0.0,53.39,ASK
1303,1712194040.358363,1456406.50901987,53.39,1.7196223992200632e-06,53.39,BID
1304,1712194050.4782307,1456406.50901987,53.39,0.0,53.39,BID
1305,1712194080.5694487,1456406.50901987,53.39,0.0,53.39,BID
1306,1712194110.5884893,1456406.50901987,53.39,0.0,53.39,BID
1307,1712194129.888389,1462753.04456291,53.23,-5.826259980538716e-06,53.39,ASK
1308,1712194129.9517083,1468355.21411891,53.23,5.142915542970611e-06,53.39,BID
1309,1712194129.9531765,1468355.21411939,53.23,4.405257242018447e-16,53.39,BID
1310,1712194131.0083954,1473957.38311939,53.3,5.14291503255049e-06,53.39,BID
1311,1712194140.442189,1473957.38311939,53.3,0.0,53.39,BID
1312,1712194170.419065,1473957.38311939,53.3,0.0,53.39,BID
1313,1712194200.565872,1473957.38311939,53.3,0.0,53.39,BID
1314,1712194230.4385512,1473957.38311939,53.3,0.0,53.39,BID
1315,1712194260.5985415,1473957.38311939,53.3,0.0,53.39,BID
1316,1712194288.57858,1482761.75492481,53.22,-8.096529000820969e-06,53.39,ASK
1317,1712194290.578397,1482761.75492481,53.22,-0.0,53.39,ASK
1318,1712194320.4410613,1482761.75492481,53.22,-0.0,53.39,ASK
1319,1712194326.4885411,1483141.54983556,53.22,-3.49110206829983e-07,53.39,ASK
1320,1712194350.4165685,1483141.54983556,53.22,-0.0,53.39,ASK
1321,1712194380.5923245,1483141.54983556,53.22,-0.0,53.39,ASK
1322,1712194410.589135,1483141.54983556,53.22,-0.0,53.39,ASK
1323,1712194440.430375,1483141.54983556,53.22,-0.0,53.39,ASK
1324,1712194470.4409754,1483141.54983556,53.22,-0.0,53.39,ASK
1325,1712194477.0816832,1485189.96220669,53.23,-1.882880364790632e-06,53.39,ASK
1326,1712194500.589109,1485189.96220669,53.23,-0.0,53.39,ASK
1327,1712194510.4586563,1485363.03908654,53.36,1.5925824764934086e-07,53.39,BID
1328,1712194530.578837,1485363.03908654,53.36,0.0,53.39,BID
1329,1712194560.479229,1485363.03908654,53.36,0.0,53.39,BID
1330,1712194590.4345062,1485363.03908654,53.36,0.0,53.39,BID
1331,1712194620.5990417,1485363.03908654,53.36,0.0,53.39,BID
1332,1712194650.6624618,1485363.03908654,53.36,0.0,53.39,BID
1333,1712194680.4224164,1485363.03908654,53.36,0.0,53.39,BID
1334,1712194710.4168782,1485363.03908654,53.36,0.0,53.39,BID
1335,1712194740.588393,1485363.03908654,53.36,0.0,53.39,BID
1336,1712194763.2183142,1485496.67545767,53.23,-1.229656638575583e-07,53.39,ASK
1337,1712194763.221948,1487448.26308654,53.23,-1.7957556489389403e-06,53.39,ASK
1338,1712194770.5884106,1487448.26308654,53.23,-0.0,53.39,ASK
1339,1712194778.0390017,1487448.26376218,53.23,-6.21627513998972e-13,53.39,ASK
1340,1712194778.0416512,1492378.82768454,53.23,-4.536400865686941e-06,53.39,ASK
1341,1712194778.0580044,1492378.82768478,53.23,-2.20644036780284e-16,53.39,ASK
1342,1712194778.1380825,1497738.90185549,53.22,-4.931574864669114e-06,53.39,ASK
1343,1712194778.1407082,1497903.10234402,53.22,-1.510738426767249e-07,53.39,ASK
1344,1712194800.4673264,1497903.10234402,53.22,-0.0,53.39,ASK
1345,1712194802.788066,1546289.88952702,53.2,-4.479290773109019e-05,53.39,ASK
1346,1712194802.8318958,1549200.49875859,53.2,-2.694426688382841e-06,53.39,ASK
1347,1712194802.8339255,1549297.8798439,53.19,-9.014820414801637e-08,53.39,ASK
1348,1712194802.8375597,1549516.93529502,53.2,-2.027853300716484e-07,53.39,ASK
1349,1712194802.8676803,1549516.93529638,53.19,-1.258953860978474e-15,53.39,ASK
1350,1712194803.7379162,1561838.00029238,53.18,-1.1405930412931e-05,53.39,ASK
1351,1712194803.7588527,1569085.57507123,53.18,-6.7092685264555045e-06,53.39,ASK
1352,1712194803.7623897,1569193.80372862,53.18,-1.0019008383414368e-07,53.39,ASK
1353,1712194830.4188,1569193.80372862,53.18,-0.0,53.39,ASK
1354,1712194860.5976288,1569193.80372862,53.18,-0.0,53.39,ASK
1355,1712194863.607509,1572803.88285603,53.18,-3.330252969906969e-06,53.39,ASK
1356,1712194890.5984402,1572803.88285603,53.18,-0.0,53.39,ASK
1357,1712194891.3899882,1572924.18759643,53.16,-1.10959971243465e-07,53.39,ASK
1358,1712194891.5189438,1573051.11139699,53.15,-1.1706489048902653e-07,53.39,ASK
1359,1712194891.5261865,1573156.83293979,53.15,-9.75095354505765e-08,53.39,ASK
1360,1712194891.5289724,1573251.99477644,53.14,-8.777006311676038e-08,53.39,ASK
1361,1712194891.5317168,1575129.90812456,53.15,-1.732044892098156e-06,53.39,ASK
1362,1712194898.460119,1576158.48412456,53.11,-9.486805175106352e-07,53.39,ASK
1363,1712194898.4740045,1576266.96275382,53.11,-1.000524629636693e-07,53.39,ASK
1364,1712194907.9780498,1576712.05879901,53.1,-4.10522845655388e-07,53.39,ASK
1365,1712194907.9860368,1579325.74806453,53.1,-2.4106688130248603e-06,53.39,ASK
1366,1712194920.3919754,1579325.74806453,53.1,-0.0,53.39,ASK
1367,1712194950.413291,1579325.74806453,53.1,-0.0,53.39,ASK
1368,1712194980.6075103,1579325.74806453,53.1,-0.0,53.39,ASK
1369,1712195010.5974424,1579325.74806453,53.1,-0.0,53.39,ASK
1370,1712195011.1172495,1580084.7085165,53.1,-6.997839765025337e-07,53.39,ASK
1371,1712195011.277184,1580202.52772553,53.1,1.0863279422464633e-07,53.39,BID
1372,1712195019.7480338,1588694.04492637,53.1,7.829429923417515e-06,53.39,BID
1373,1712195019.7509177,1600800.13201765,53.1,1.116217023249861e-05,53.39,BID
1374,1712195019.753686,1610610.23378689,53.18,9.04520388138202e-06,53.39,BID
1375,1712195040.427002,1610610.23378689,53.18,0.0,53.39,BID
1376,1712195070.4273643,1610610.23378689,53.18,0.0,53.39,BID
1377,1712195100.4206483,1610610.23378689,53.18,0.0,53.39,BID
1378,1712195130.4208927,1610610.23378689,53.18,0.0,53.39,BID
1379,1712195160.6091728,1610610.23378689,53.18,0.0,53.39,BID
1380,1712195185.0267165,1612380.09839764,53.18,1.63723728303811e-06,53.39,BID
1381,1712195190.5921173,1612380.09839764,53.18,0.0,53.39,BID
1382,1712195220.4068017,1612380.09839764,53.18,0.0,53.39,BID
1383,1712195250.4289124,1612380.09839764,53.18,0.0,53.39,BID
1384,1712195280.5765648,1612380.09839764,53.18,0.0,53.39,BID
1385,1712195310.596687,1612380.09839764,53.18,0.0,53.39,BID
1386,1712195325.169802,1613480.93517838,53.18,-1.0182553494902093e-06,53.39,ASK
1387,1712195340.4667969,1613480.93517838,53.18,-0.0,53.39,ASK
1388,1712195370.432875,1613480.93517838,53.18,-0.0,53.39,ASK
1389,1712195371.456441,1617241.74751384,53.18,3.478499254788901e-06,53.39,BID
1390,1712195387.6262784,1617888.90555012,53.18,5.98577792809528e-07,53.39,BID
1391,1712195400.4699018,1617888.90555012,53.18,0.0,53.39,BID
1392,1712195430.396901,1617888.90555012,53.18,0.0,53.39,BID
1393,1712195436.3940268,1618037.91252204,53.07,-1.391823498725387e-07,53.39,ASK
1394,1712195436.400751,1618155.54063055,53.08,-1.098724196759893e-07,53.39,ASK
1395,1712195436.403442,1630055.54063055,53.09,-1.11153856906163e-05,53.39,ASK
1396,1712195436.406811,1630176.19272252,53.06,-1.1269701988474793e-07,53.39,ASK
1397,1712195436.453242,1636626.12355345,53.06,6.024661249040592e-06,53.39,BID
1398,1712195436.4887023,1636834.85424315,53.06,1.9496824550283938e-07,53.39,BID
1399,1712195437.5372975,1643493.51524315,53.38,6.219629008240816e-06,53.39,BID
1400,1712195447.5803218,1655893.51524315,53.07,-1.1582418702827067e-05,53.39,ASK
1401,1712195447.583502,1674877.61326388,53.05,-1.7732400965451907e-05,53.39,ASK
1402,1712195447.586826,1686777.61326388,53.06,-1.11153856906163e-05,53.39,ASK
1403,1712195447.5898006,1686961.57969164,53.02,-1.7183678980500082e-07,53.39,ASK
1404,1712195447.5928302,1687127.11052324,53.03,-1.5461672579165448e-07,53.39,ASK
1405,1712195447.5958188,1699227.11052324,53.05,-1.1302198895500607e-05,53.39,ASK
1406,1712195447.5982938,1699344.94611901,53.04,-1.1006622647626513e-07,53.39,ASK
1407,1712195447.5999956,1700217.16699518,53.03,-8.147118862216658e-07,53.39,ASK
1408,1712195447.601761,1701328.06005864,53.02,-1.0376474673435557e-06,53.39,ASK
1409,1712195447.60353,1702328.06005864,53.0,-9.340660244215378e-07,53.39,ASK
1410,1712195447.6052885,1702512.06307693,53.01,-1.7187096777552116e-07,53.39,ASK
1411,1712195447.6070557,1702697.1969251,53.0,-1.7292723754606045e-07,53.39,ASK
1412,1712195447.608831,1702882.56208833,52.99,-1.73143301084593e-07,53.39,ASK
1413,1712195447.6105828,1703006.17949112,52.98,-1.1546681597326049e-07,53.39,ASK
1414,1712195447.6123617,1704892.97194395,53.0,-1.7623887253235949e-06,53.39,ASK
1415,1712195447.614126,1705892.97194395,52.99,-9.340660244215378e-07,53.39,ASK
1416,1712195447.6160178,1728733.71873072,52.97,-2.1334765545937216e-05,53.39,ASK
1417,1712195447.6177993,1729111.14843443,52.99,-3.525442628429073e-07,53.39,ASK
1418,1712195460.5866034,1729111.14843443,52.99,-0.0,53.39,ASK
1419,1712195490.616375,1729111.14843443,52.99,-0.0,53.39,ASK
1420,1712195520.4691837,1729111.14843443,52.99,-0.0,53.39,ASK
1421,1712195550.4358668,1729111.14843443,52.99,-0.0,53.39,ASK
1422,1712195580.56827,1729111.14843443,52.99,-0.0,53.39,ASK
1423,1712195610.5965436,1729111.14843443,52.99,-0.0,53.39,ASK
1424,1712195640.397935,1729111.14843443,52.99,-0.0,53.39,ASK
1425,1712195670.3866217,1729111.14843443,52.99,-0.0,53.39,ASK
1426,1712195700.616382,1729111.14843443,52.99,-0.0,53.39,ASK
1427,1712195730.596202,1729111.14843443,52.99,-0.0,53.39,ASK
1428,1712195760.5830846,1729111.14843443,52.99,-0.0,53.39,ASK
1429,1712195790.609087,1729111.14843443,52.99,-0.0,53.39,ASK
1430,1712195820.4296818,1729111.14843443,52.99,-0.0,53.39,ASK
1431,1712195850.4260666,1729111.14843443,52.99,-0.0,53.39,ASK
1432,1712195880.593228,1729111.14843443,52.99,-0.0,53.39,ASK
1433,1712195910.596152,1729111.14843443,52.99,-0.0,53.39,ASK
1434,1712195940.40654,1729111.14843443,52.99,-0.0,53.39,ASK
1435,1712195970.4286668,1729111.14843443,52.99,-0.0,53.39,ASK
1436,1712195986.559959,1729811.08756243,53.18,6.693269572616804e-07,53.39,BID
1437,1712196000.7762637,1729811.08756243,53.18,0.0,53.39,BID
1438,1712196012.7761495,1729999.1281792,53.18,1.8154017298618605e-07,53.39,BID
1439,1712196030.5994232,1729999.1281792,53.18,0.0,53.39,BID
1440,1712196060.4183836,1729999.1281792,53.18,0.0,53.39,BID
1441,1712196086.0586448,1730187.16879597,53.18,1.8153842035865266e-07,53.39,BID
1442,1712196090.4165325,1730187.16879597,53.18,0.0,53.39,BID
1443,1712196120.5920906,1730187.16879597,53.18,0.0,53.39,BID
1444,1712196150.5878334,1730187.16879597,53.18,0.0,53.39,BID
1445,1712196180.426725,1730187.16879597,53.18,0.0,53.39,BID
1446,1712196202.6169522,1730680.28015302,53.02,-4.760556210331402e-07,53.39,ASK
1447,1712196210.4199705,1730680.28015302,53.02,-0.0,53.39,ASK
1448,1712196220.3663833,1759707.97045585,53.02,-2.802297321414696e-05,53.39,ASK
1449,1712196240.5863905,1759707.97045585,53.02,-0.0,53.39,ASK
1450,1712196242.2665043,1765349.18895904,53.18,5.4378830871108345e-06,53.39,BID
1451,1712196253.776611,1765913.31080935,53.18,5.437883087025323e-07,53.39,BID
1452,1712196270.5907264,1765913.31080935,53.18,0.0,53.39,BID
1453,1712196300.437168,1765913.31080935,53.18,0.0,53.39,BID
1454,1712196317.211913,1766101.60007498,53.17,1.841118510055861e-07,53.39,BID
1455,1712196317.2163076,1768011.8346905,53.18,1.8678538563625e-06,53.39,BID
1456,1712196330.4073834,1768011.8346905,53.18,0.0,53.39,BID
1457,1712196357.2763648,1769981.96443852,53.18,1.926209954939387e-06,53.39,BID
1458,1712196360.5862377,1769981.96443852,53.18,0.0,53.39,BID
1459,1712196390.5764298,1769981.96443852,53.18,0.0,53.39,BID
1460,1712196420.4208372,1769981.96443852,53.18,0.0,53.39,BID
1461,1712196434.4111612,1813231.30629636,53.18,4.228085999610683e-05,53.39,BID
1462,1712196449.9718387,1825631.30629636,53.19,1.2122326986501522e-05,53.39,BID
1463,1712196449.976086,1825776.48452111,53.18,1.4192725094681224e-07,53.39,BID
1464,1712196449.9802043,1881996.17639571,53.2,5.49607651600213e-05,53.39,BID
1465,1712196450.0693314,1884659.87772471,53.2,-2.6040531052027897e-06,53.39,ASK
1466,1712196450.4194374,1884659.87772471,53.2,-0.0,53.39,ASK
1467,1712196450.512828,1884659.87772493,53.2,-2.1382285737466967e-16,53.39,ASK
1468,1712196451.3664284,1889237.83344579,53.19,-4.448911527772457e-06,53.39,ASK
1469,1712196451.4864898,1891174.26168323,53.19,-1.881843869523651e-06,53.39,ASK
1470,1712196452.3163917,1896603.38468323,53.03,-5.276085959139964e-06,53.39,ASK
1471,1712196453.3992896,1896989.38468323,53.03,-3.751193664663818e-07,53.39,ASK
1472,1712196460.6268778,1940365.24043291,53.03,-4.215316976361946e-05,53.39,ASK
1473,1712196480.586419,1940365.24043291,53.03,-0.0,53.39,ASK
1474,1712196483.039015,1961847.95772088,53.2,2.081737548996555e-05,53.39,BID
1475,1712196497.856562,1962035.92764569,53.2,1.821483033612273e-07,53.39,BID
1476,1712196504.9164157,1962223.8975705,53.2,1.821483033610017e-07,53.39,BID
1477,1712196507.650193,1962411.86749531,53.2,1.821483033612273e-07,53.39,BID
1478,1712196510.5913827,1962411.86749531,53.2,0.0,53.39,BID
1479,1712196514.83695,1962599.83742012,53.2,1.819415167757756e-07,53.39,BID
1480,1712196531.3666062,1969771.41636748,53.2,6.941578301314333e-06,53.39,BID
1481,1712196540.3892071,1969771.41636748,53.2,0.0,53.39,BID
1482,1712196570.4578931,1969771.41636748,53.2,0.0,53.39,BID
1483,1712196600.4284673,1969771.41636748,53.2,0.0,53.39,BID
1484,1712196630.3998308,1969771.41636748,53.2,0.0,53.39,BID
1485,1712196660.586805,1969771.41636748,53.2,0.0,53.39,BID
1486,1712196690.587953,1969771.41636748,53.2,0.0,53.39,BID
1487,1712196720.4414425,1969771.41636748,53.2,0.0,53.39,BID
1488,1712196750.6310897,1969771.41636748,53.2,0.0,53.39,BID
1489,1712196780.5786865,1969771.41636748,53.2,0.0,53.39,BID
1490,1712196810.6101737,1969771.41636748,53.2,0.0,53.39,BID
1491,1712196840.4130976,1969771.41636748,53.2,0.0,53.39,BID
1492,1712196870.427327,1969771.41636748,53.2,0.0,53.39,BID
1493,1712196900.4485898,1969771.41636748,53.2,0.0,53.39,BID
1494,1712196930.3912628,1969771.41636748,53.2,0.0,53.39,BID
1495,1712196960.601923,1969771.41636748,53.2,0.0,53.39,BID
1496,1712196990.592192,1969771.41636748,53.2,0.0,53.39,BID
1497,1712197020.6273186,1969771.41636748,53.2,0.0,53.39,BID
1498,1712197050.4414058,1969771.41636748,53.2,0.0,53.39,BID
1499,1712197080.4385142,1969771.41636748,53.2,0.0,53.39,BID
1500,1712197110.4238372,1969771.41636748,53.2,0.0,53.39,BID
1501,1712197140.5875835,1969771.41636748,53.2,0.0,53.39,BID
1502,1712197164.9843652,1977425.59201173,53.03,-7.715694966421023e-06,53.39,ASK
1503,1712197164.98886,1983271.3397017,53.03,-5.892732035794509e-06,53.39,ASK
1504,1712197170.5936742,1983271.3397017,53.03,-0.0,53.39,ASK
1505,1712197189.064837,1998198.08039663,53.02,-1.503586149681186e-05,53.39,ASK
1506,1712197189.0737815,2002743.90475238,53.03,-4.579056258752096e-06,53.39,ASK
1507,1712197189.0773027,2002932.5128248,53.02,-1.8998687737991934e-07,53.39,ASK
1508,1712197189.0806866,2010032.5128248,53.02,-7.151904009669291e-06,53.39,ASK
1509,1712197189.2045698,2011709.73896626,53.02,1.689487375525349e-06,53.39,BID
1510,1712197189.2136357,2013646.1672037,53.02,1.9505843487017985e-06,53.39,BID
1511,1712197200.416622,2013646.1672037,53.02,0.0,53.39,BID
1512,1712197230.415686,2013646.1672037,53.02,0.0,53.39,BID
1513,1712197238.7411416,2013997.23775642,53.01,-3.582019108136395e-07,53.39,ASK
1514,1712197238.7511685,2014185.95260827,52.99,-1.925482499398409e-07,53.39,ASK
1515,1712197238.7532256,2014281.34781672,53.01,-9.733298815420317e-08,53.39,ASK
1516,1712197238.755265,2085988.09790639,52.97,-7.316334195890937e-05,53.39,ASK
1517,1712197238.757298,2086094.1186611,53.0,-1.08174373010835e-07,53.39,ASK
1518,1712197238.7593408,2086194.1186611,52.97,-1.0203131764780556e-07,53.39,ASK
1519,1712197238.7613957,2086382.79790638,53.0,-1.9251192008698538e-07,53.39,ASK
1520,1712197238.763446,2086488.85868403,52.98,-1.082152089437858e-07,53.39,ASK
1521,1712197238.7656837,2086584.28989746,52.99,-9.73697245100502e-08,53.39,ASK
1522,1712197238.7677355,2086773.04036933,52.98,-1.9258459351535979e-07,53.39,ASK
1523,1712197238.7697942,2086961.68402147,53.01,-1.9247560393731337e-07,53.39,ASK
1524,1712197238.7718856,2105801.33966534,53.0,-1.922234889374961e-05,53.39,ASK
1525,1712197238.7739544,2105966.22073009,52.97,-1.6823032291641577e-07,53.39,ASK
1526,1712197260.5745928,2105966.22073009,52.97,-0.0,53.39,ASK
1527,1712197274.2644472,2106237.73973009,52.97,2.7565883470254265e-07,53.39,BID
1528,1712197290.6155791,2106237.73973009,52.97,0.0,53.39,BID
1529,1712197320.4017646,2106237.73973009,52.97,0.0,53.39,BID
1530,1712197325.1052003,2106444.15740528,52.95,-2.095618537589984e-07,53.39,ASK
1531,1712197325.115127,2106562.28806993,52.96,-1.1993004497802362e-07,53.39,ASK
1532,1712197325.1188242,2106762.28806993,52.95,-2.030464237773849e-07,53.39,ASK
1533,1712197329.865487,2106893.03204784,52.91,-1.327354857251809e-07,53.39,ASK
1534,1712197329.87007,2106906.57660116,52.95,-1.37508655668357e-08,53.39,ASK
1535,1712197329.8747923,2107024.56223985,52.92,-1.197828099651869e-07,53.39,ASK
1536,1712197350.3994818,2107024.56223985,52.92,-0.0,53.39,ASK
1537,1712197380.6155703,2107024.56223985,52.92,-0.0,53.39,ASK
1538,1712197410.616559,2107024.56223985,52.92,-0.0,53.39,ASK
1539,1712197440.426121,2107024.56223985,52.92,-0.0,53.39,ASK
1540,1712197453.843108,2108914.20698663,52.92,-1.9183469149513883e-06,53.39,ASK
1541,1712197462.4835324,2108967.99901325,52.91,-5.4609083793126863e-08,53.39,ASK
1542,1712197462.4963148,2110739.32426666,52.91,1.798230244623812e-06,53.39,BID
1543,1712197462.5029898,2113335.78529442,52.92,2.635899160878149e-06,53.39,BID
1544,1712197470.4296565,2113335.78529442,52.92,0.0,53.39,BID
1545,1712197500.5965788,2113335.78529442,52.92,0.0,53.39,BID
1546,1712197530.586805,2113335.78529442,52.92,0.0,53.39,BID
1547,1712197531.6263382,2113433.64351748,52.9,-9.961173201849753e-08,53.39,ASK
1548,1712197560.4492023,2113433.64351748,52.9,-0.0,53.39,ASK
1549,1712197590.4324713,2113433.64351748,52.9,-0.0,53.39,ASK
1550,1712197600.0968146,2115225.43004681,52.9,1.8238837116454024e-06,53.39,BID
1551,1712197600.0991724,2126166.41071499,52.9,1.1136972012836365e-05,53.39,BID
1552,1712197620.606626,2126166.41071499,52.9,0.0,53.39,BID
1553,1712197650.6179533,2126166.41071499,52.9,0.0,53.39,BID
1554,1712197661.9872105,2128264.57166087,52.86,-2.1342830418366024e-06,53.39,ASK
1555,1712197665.6971924,2129313.65213381,52.86,-1.0671415209178275e-06,53.39,ASK
1556,1712197670.203837,2129838.19237028,52.86,-5.335707604593875e-07,53.39,ASK
1557,1712197675.0833192,2130100.46248852,52.86,-2.667853802344305e-07,53.39,ASK
1558,1712197679.9453356,2130231.59754764,52.86,-1.333926901174521e-07,53.39,ASK
1559,1712197680.4455802,2130231.59754764,52.86,-0.0,53.39,ASK
1560,1712197692.8978674,2143019.15609195,52.92,1.3004867437349383e-05,53.39,BID
1561,1712197710.457198,2143019.15609195,52.92,0.0,53.39,BID
1562,1712197740.587342,2143019.15609195,52.92,0.0,53.39,BID
1563,1712197758.4326391,2143671.85938875,52.97,6.633386684486948e-07,53.39,BID
1564,1712197758.507658,2152472.01013304,53.06,8.943543422383846e-06,53.39,BID
1565,1712197763.167927,2153064.48413304,53.0,-6.021279748043986e-07,53.39,ASK
1566,1712197770.6099627,2153064.48413304,53.0,-0.0,53.39,ASK
1567,1712197772.119959,2153064.48506157,53.0,-9.431489865405564e-13,53.39,ASK
1568,1712197772.1421735,2154962.18552104,53.0,1.927578277100793e-06,53.39,BID
1569,1712197775.7635915,2162462.03752104,53.01,-7.6179313360697825e-06,53.39,ASK
1570,1712197800.6474683,2162462.03752104,53.01,-0.0,53.39,ASK
1571,1712197825.837704,2163054.51244957,53.3,6.04711099443235e-07,53.39,BID
1572,1712197826.0076804,2171894.22012809,53.3,-9.022270971529633e-06,53.39,ASK
1573,1712197826.267748,2172937.64062809,52.92,-1.0649698870839845e-06,53.39,ASK
1574,1712197827.4280517,2173981.06112809,52.92,-1.0649698870839845e-06,53.39,ASK
1575,1712197830.4489298,2173981.06112809,52.92,-0.0,53.39,ASK
1576,1712197834.1983404,2176067.90212809,52.92,2.128607617961861e-06,53.39,BID
1577,1712197834.2785518,2182310.14698209,53.05,-6.367178883972177e-06,53.39,ASK
1578,1712197849.915983,2194410.14698209,53.06,-1.2342172775663473e-05,53.39,ASK
1579,1712197850.5759864,2194410.14698272,53.05,-6.426495124867892e-16,53.39,ASK
1580,1712197851.1430554,2201115.86998209,52.87,-6.8399332102447454e-06,53.39,ASK
1581,1712197860.5842805,2201115.86998209,52.87,-0.0,53.39,ASK
1582,1712197890.6316557,2201115.86998209,52.87,-0.0,53.39,ASK
1583,1712197911.7781503,2206110.71798209,52.88,-5.08735350150878e-06,53.39,ASK
1584,1712197914.1041522,2207215.46498209,52.88,-1.125207117159707e-06,53.39,ASK
1585,1712197915.6896274,2212815.86998209,52.88,-5.704125528267311e-06,53.39,ASK
1586,1712197915.6943295,2218215.59298209,52.88,-5.499726860802851e-06,53.39,ASK
1587,1712197918.138872,2227912.57998209,52.89,-9.876576978625073e-06,53.39,ASK
1588,1712197920.4483314,2227912.57998209,52.89,-0.0,53.39,ASK
1589,1712197920.628746,2229815.59298209,52.89,-1.9354635945631323e-06,53.39,ASK
1590,1712197920.6311302,2237374.24098209,52.89,-7.687539721544444e-06,53.39,ASK
1591,1712197931.9164252,2237374.51798209,52.88,-2.817234644465813e-10,53.39,ASK
1592,1712197932.007902,2238858.22998209,52.88,1.5090125820562508e-06,53.39,BID
1593,1712197934.3923986,2257706.22298209,52.87,-1.9169393105604216e-05,53.39,ASK
1594,1712197939.1469717,2275960.98798209,52.87,-1.856604925179204e-05,53.39,ASK
1595,1712197950.4450316,2275960.98798209,52.87,-0.0,53.39,ASK
1596,1712197955.688674,2278756.42298209,52.87,-2.835776164041585e-06,53.39,ASK
1597,1712197980.598884,2278756.42298209,52.87,-0.0,53.39,ASK
1598,1712198010.5917373,2278756.42298209,52.87,-0.0,53.39,ASK
1599,1712198040.4393587,2278756.42298209,52.87,-0.0,53.39,ASK
1600,1712198070.461972,2278756.42298209,52.87,-0.0,53.39,ASK
1601,1712198100.6006384,2278756.42298209,52.87,-0.0,53.39,ASK
1602,1712198130.619084,2278756.42298209,52.87,-0.0,53.39,ASK
1603,1712198160.4508348,2278756.42298209,52.87,-0.0,53.39,ASK
1604,1712198190.4131906,2278756.42298209,52.87,-0.0,53.39,ASK
1605,1712198220.6042442,2278756.42298209,52.87,-0.0,53.39,ASK
1606,1712198250.447562,2278756.42298209,52.87,-0.0,53.39,ASK
1607,1712198280.6000962,2278756.42298209,52.87,-0.0,53.39,ASK
1608,1712198310.6304011,2278756.42298209,52.87,-0.0,53.39,ASK
1609,1712198340.4317353,2278756.42298209,52.87,-0.0,53.39,ASK
1610,1712198370.430382,2278756.42298209,52.87,-0.0,53.39,ASK
1611,1712198386.36588,2279577.26459055,53.21,8.326462570714686e-07,53.39,BID
1612,1712198400.4935763,2279577.26459055,53.21,0.0,53.39,BID
1613,1712198430.4407845,2279577.26459055,53.21,0.0,53.39,BID
1614,1712198460.6008253,2279577.26459055,53.21,0.0,53.39,BID
1615,1712198490.6122108,2279577.26459055,53.21,0.0,53.39,BID
1616,1712198520.4633298,2279577.26459055,53.21,0.0,53.39,BID
1617,1712198541.6306467,2288057.59499478,53.17,8.624208680325143e-06,53.39,BID
1618,1712198550.4763813,2288057.59499478,53.17,0.0,53.39,BID
1619,1712198580.4510305,2288057.59499478,53.17,0.0,53.39,BID
1620,1712198610.4231615,2288057.59499478,53.17,0.0,53.39,BID
1621,1712198640.6022143,2288057.59499478,53.17,0.0,53.39,BID
1622,1712198670.611529,2288057.59499478,53.17,0.0,53.39,BID
1623,1712198700.4922366,2288057.59499478,53.17,0.0,53.39,BID
1624,1712198730.463499,2288057.59499478,53.17,0.0,53.39,BID
1625,1712198760.5996704,2288057.59499478,53.17,0.0,53.39,BID
1626,1712198761.0124407,2288597.59499478,53.07,5.503520010038979e-07,53.39,BID
1627,1712198790.6093645,2288597.59499478,53.07,0.0,53.39,BID
1628,1712198820.4425025,2288597.59499478,53.07,0.0,53.39,BID
1629,1712198850.4272902,2288597.59499478,53.07,0.0,53.39,BID
1630,1712198880.449849,2288597.59499478,53.07,0.0,53.39,BID
1631,1712198900.8862271,2300257.59499478,53.07,1.1883179466025402e-05,53.39,BID
1632,1712198901.0061977,2308063.10150399,53.07,-7.954908633976989e-06,53.39,ASK
1633,1712198901.1060865,2326264.83636938,53.07,-1.855012710106675e-05,53.39,ASK
1634,1712198901.1866922,2333952.56953276,53.07,-7.834881034936577e-06,53.39,ASK
1635,1712198910.4262817,2333952.56953276,53.07,-0.0,53.39,ASK
1636,1712198940.6591992,2333952.56953276,53.07,-0.0,53.39,ASK
1637,1712198970.6047256,2333952.56953276,53.07,-0.0,53.39,ASK
1638,1712198978.4996238,2334140.78553276,53.07,1.913491773411035e-07,53.39,BID
1639,1712199000.488062,2334140.78553276,53.07,0.0,53.39,BID
1640,1712199030.4147558,2334140.78553276,53.07,0.0,53.39,BID
1641,1712199039.6933053,2338914.88237354,53.07,4.853597800531711e-06,53.39,BID
1642,1712199056.4531038,2342078.56437354,53.07,3.2163654213332647e-06,53.39,BID
1643,1712199058.8880424,2346252.56953276,53.07,4.24351305301255e-06,53.39,BID
1644,1712199058.893383,2348114.88137354,53.07,1.893324110458792e-06,53.39,BID
1645,1712199060.5828905,2348114.88137354,53.07,0.0,53.39,BID
1646,1712199078.120638,2351052.56953276,53.07,2.9843581319187174e-06,53.39,BID
1647,1712199078.1232157,2351880.97937354,53.07,8.415704836245489e-07,53.39,BID
1648,1712199084.5725243,2355580.97921432,53.07,3.758780379147657e-06,53.39,BID
1649,1712199084.5770502,2364052.56937354,53.07,8.6061752002516e-06,53.39,BID
1650,1712199086.86258,2376152.56937354,53.06,1.2292228255365742e-05,53.39,BID
1651,1712199086.8670356,2382176.37537354,53.06,6.119503993226449e-06,53.39,BID
1652,1712199086.9627347,2384952.72011783,53.06,2.820451513421528e-06,53.39,BID
1653,1712199088.752426,2392452.71911783,53.06,7.619148729174611e-06,53.39,BID
