,time,acc_trade_volume,trade_price,dev,high,ask_bid
0,1712173460.299836,324915.07634483,66870.0,0.0,70360.0,ASK
1,1712173470.8025048,324915.07634483,66870.0,-0.0,70360.0,ASK
2,1712173500.592211,324915.07634483,66870.0,-0.0,70360.0,ASK
3,1712173509.9522653,324948.85634483,66890.0,-1.3590818432302943e-09,70360.0,ASK
4,1712173510.09206,324992.91670243,66890.0,1.772694849624742e-09,70360.0,BID
5,1712173510.172276,324993.81369751,66890.0,3.608909788888838e-11,70360.0,BID
6,1712173516.232556,325010.41369751,66870.0,-6.678732562951952e-10,70360.0,ASK
7,1712173520.8928678,325010.91269751,66870.0,2.007643101559512e-11,70360.0,BID
8,1712173530.5626907,325010.91269751,66870.0,0.0,70360.0,BID
9,1712173537.4924576,325025.86708662,66870.0,6.015097220550148e-10,70360.0,BID
10,1712173560.8124523,325025.86708662,66870.0,0.0,70360.0,BID
11,1712173586.6621969,325029.48409862,66860.0,-1.4548105967496614e-10,70360.0,ASK
12,1712173590.8122268,325029.48409862,66860.0,-0.0,70360.0,ASK
13,1712173593.463015,325040.79434921,66860.0,4.5490897910398844e-10,70360.0,BID
14,1712173594.102384,325041.06651909,66870.0,1.0946930066912884e-11,70360.0,BID
15,1712173604.3225083,325041.2409601,66870.0,7.016182458989148e-12,70360.0,BID
16,1712173604.324069,325064.56980712,66870.0,9.383082980447435e-10,70360.0,BID
17,1712173620.5622303,325064.56980712,66870.0,0.0,70360.0,BID
18,1712173649.5424018,325064.66392601,66890.0,3.7851936247388016e-12,70360.0,BID
19,1712173650.57223,325064.66392601,66890.0,0.0,70360.0,BID
20,1712173674.5821812,325069.8581632,66970.0,2.088973692556394e-10,70360.0,BID
21,1712173674.5921311,325072.12103055,66890.0,9.100605518935187e-11,70360.0,BID
22,1712173680.8025591,325072.12103055,66890.0,0.0,70360.0,BID
23,1712173708.8722506,325080.72088839,66890.0,-3.4585475118281985e-10,70360.0,ASK
24,1712173708.873376,325095.62431858,66900.0,-5.993613192283233e-10,70360.0,ASK
25,1712173710.8121808,325095.62431858,66900.0,-0.0,70360.0,ASK
26,1712173730.282275,325097.11908689,66900.0,-6.011030003675668e-11,70360.0,ASK
27,1712173740.542761,325097.11908689,66900.0,-0.0,70360.0,ASK
28,1712173749.4924293,325101.54036026,66900.0,1.7779544716354703e-10,70360.0,BID
29,1712173760.4721189,325101.7860319,67000.0,9.879348194441664e-12,70360.0,BID
30,1712173764.7026458,325102.09696446,66920.0,-1.2503726623155667e-11,70360.0,ASK
31,1712173770.57217,325102.09696446,66920.0,-0.0,70360.0,ASK
32,1712173800.582302,325102.09696446,66920.0,-0.0,70360.0,ASK
33,1712173804.1821065,325104.18756494,67000.0,8.417528132069437e-11,70360.0,BID
34,1712173804.62219,325112.78742278,66930.0,-3.4626197588315635e-10,70360.0,ASK
35,1712173830.5218549,325112.78742278,66930.0,-0.0,70360.0,ASK
36,1712173860.8219311,325112.78742278,66930.0,-0.0,70360.0,ASK
37,1712173874.7566774,325113.08624244,66930.0,-1.2031234285079464e-11,70360.0,ASK
38,1712173874.7581794,325117.78742278,66890.0,-1.8928139497823843e-10,70360.0,ASK
39,1712173890.8220823,325117.78742278,66890.0,-0.0,70360.0,ASK
40,1712173894.6220822,325122.31437225,66900.0,1.8226396565101328e-10,70360.0,BID
41,1712173904.842336,325123.80936402,66890.0,-6.019133423617246e-11,70360.0,ASK
42,1712173904.8440444,325132.31437225,66890.0,-3.4242850249779207e-10,70360.0,ASK
43,1712173916.6259131,325137.69228696,66900.0,2.1652551425208863e-10,70360.0,BID
44,1712173920.5418024,325137.69228696,66900.0,0.0,70360.0,BID
45,1712173921.8636425,325153.49228696,66900.0,6.36105240273731e-10,70360.0,BID
46,1712173921.962163,325153.49246327,66900.0,7.098210423665598e-15,70360.0,BID
47,1712173921.9636135,325153.80339583,66960.0,1.2518090554211351e-11,70360.0,BID
48,1712173922.102351,325157.45848689,66970.0,-1.4715332765615843e-10,70360.0,ASK
49,1712173936.2522812,325157.56019195,66890.0,-4.094627950811123e-12,70360.0,ASK
50,1712173950.5618384,325157.56019195,66890.0,-0.0,70360.0,ASK
51,1712173980.8117137,325157.56019195,66890.0,-0.0,70360.0,ASK
52,1712174010.811806,325157.56019195,66890.0,-0.0,70360.0,ASK
53,1712174017.811947,325157.80481881,67000.0,9.848107557250749e-12,70360.0,BID
54,1712174023.8718264,325163.33180158,67000.0,2.225034519168512e-10,70360.0,BID
55,1712174027.0715635,325166.3168762,67000.0,1.2017215085276396e-10,70360.0,BID
56,1712174040.5417366,325166.3168762,67000.0,0.0,70360.0,BID
57,1712174064.912307,325167.06392535,66930.0,-3.0073748308718905e-11,70360.0,ASK
58,1712174064.9141102,325178.3168762,66900.0,-4.530068892974468e-10,70360.0,ASK
59,1712174070.5618744,325178.3168762,66900.0,-0.0,70360.0,ASK
60,1712174100.8316846,325178.3168762,66900.0,-0.0,70360.0,ASK
61,1712174103.4123433,325205.26467549,66900.0,-1.0854461406800343e-09,70360.0,ASK
62,1712174103.711681,325214.3168762,66900.0,3.646188773957402e-10,70360.0,BID
63,1712174122.4521964,325214.84946456,66900.0,-2.145243749470786e-11,70360.0,ASK
64,1712174122.454324,325215.96112135,66900.0,-4.4777072869729907e-11,70360.0,ASK
65,1712174130.8024662,325215.96112135,66900.0,-0.0,70360.0,ASK
66,1712174131.9529257,325279.43399968,66950.0,2.556401802304415e-09,70360.0,BID
67,1712174131.9549243,325279.67399968,66930.0,9.66611958795421e-12,70360.0,BID
68,1712174131.9568005,325295.37399968,66960.0,6.323253230703442e-10,70360.0,BID
69,1712174131.95867,325353.37991494,66970.0,2.336217140556924e-09,70360.0,BID
70,1712174131.9605534,325366.23347603,66960.0,5.176835776332319e-10,70360.0,BID
71,1712174133.8317895,325367.05022372,66900.0,-3.289492018872416e-11,70360.0,ASK
72,1712174160.5920358,325367.05022372,66900.0,-0.0,70360.0,ASK
73,1712174190.6023138,325367.05022372,66900.0,-0.0,70360.0,ASK
74,1712174211.1021893,325376.01883359,66910.0,-3.6106811069948407e-10,70360.0,ASK
75,1712174220.6024797,325376.01883359,66910.0,-0.0,70360.0,ASK
76,1712174222.443418,325376.29047538,67000.0,1.0935788249299827e-11,70360.0,BID
77,1712174249.6723115,325378.29047538,67000.0,8.051624344846674e-11,70360.0,BID
78,1712174250.5924618,325378.29047538,67000.0,0.0,70360.0,BID
79,1712174254.3136885,325382.17616202,67000.0,1.5642948724661347e-10,70360.0,BID
80,1712174254.4126809,325386.06184866,67000.0,1.5642948724661347e-10,70360.0,BID
81,1712174255.2123606,325388.06184866,66930.0,-8.051575010542838e-11,70360.0,ASK
82,1712174280.8025925,325388.06184866,66930.0,-0.0,70360.0,ASK
83,1712174283.2326388,325404.46184866,66930.0,-6.60211753975139e-10,70360.0,ASK
84,1712174283.2346203,325432.38309474,66930.0,-1.1240204175363567e-09,70360.0,ASK
85,1712174283.2926958,325438.07255934,66930.0,2.290397196792788e-10,70360.0,BID
86,1712174283.3123145,325456.88226826,66930.0,7.572189584041604e-10,70360.0,BID
87,1712174283.3358586,325459.80054466,67000.0,1.1748051101432654e-10,70360.0,BID
88,1712174288.5125103,325490.97214666,67000.0,1.254869392108435e-09,70360.0,BID
89,1712174288.5990894,325505.42068366,67000.0,5.816520704367381e-10,70360.0,BID
90,1712174288.7126803,325870.14037966,67000.0,1.4682453061285862e-08,70360.0,BID
91,1712174288.792827,325915.17885605,67000.0,1.813105578888565e-09,70360.0,BID
92,1712174288.79497,325929.49290262,67000.0,5.762379141729997e-10,70360.0,BID
93,1712174290.4227257,325945.73255962,67030.0,6.537568556041632e-10,70360.0,BID
94,1712174290.4248571,325998.88797545,67030.0,2.1398677023396763e-09,70360.0,BID
95,1712174310.8225894,325998.88797545,67030.0,0.0,70360.0,BID
96,1712174340.5137413,325998.88797545,67030.0,0.0,70360.0,BID
97,1712174367.086888,326014.88797545,67150.0,6.430496591867911e-10,70360.0,BID
98,1712174367.0890343,326044.14667913,67110.0,1.1759249643525402e-09,70360.0,BID
99,1712174367.091121,326059.74667913,67150.0,6.26973417708525e-10,70360.0,BID
100,1712174367.0927403,326083.35491909,67160.0,9.488294162667164e-10,70360.0,BID
101,1712174370.5788198,326083.35491909,67160.0,0.0,70360.0,BID
102,1712174373.6034272,326099.35491909,67040.0,-6.42903127576008e-10,70360.0,ASK
103,1712174373.604921,326099.50410602,67030.0,-5.99454649230595e-12,70360.0,ASK
104,1712174373.6063683,326115.00410602,67020.0,-6.22812404839258e-10,70360.0,ASK
105,1712174373.60787,326145.62678546,66980.0,-1.2304635241713923e-09,70360.0,ASK
106,1712174373.6127212,326149.44528497,67030.0,-1.5343282985172808e-10,70360.0,ASK
107,1712174373.614164,326210.34528497,66990.0,-2.4470500293371182e-09,70360.0,ASK
108,1712174373.615756,326262.54528497,67020.0,-2.0974714537171957e-09,70360.0,ASK
109,1712174400.6327991,326262.54528497,67020.0,-0.0,70360.0,ASK
110,1712174408.6628592,326262.76796906,67100.0,8.950592482438713e-12,70360.0,BID
111,1712174411.2330198,326263.21559663,67100.0,1.799199917554991e-11,70360.0,BID
112,1712174411.4531765,326315.82890307,67140.0,2.114745894809345e-09,70360.0,BID
113,1712174411.455613,326330.25856528,67100.0,5.79987668269162e-10,70360.0,BID
114,1712174411.4586763,326346.85856528,67130.0,6.672224999547502e-10,70360.0,BID
115,1712174415.3628762,326363.59854843,67120.0,6.72849000396612e-10,70360.0,BID
116,1712174415.3639388,326380.76313246,67140.0,6.899154618788694e-10,70360.0,BID
117,1712174415.3724809,326397.36313246,67130.0,6.672224999547502e-10,70360.0,BID
118,1712174419.1630168,326397.79789564,67140.0,1.747492625727807e-11,70360.0,BID
119,1712174419.3628702,326428.28815053,67140.0,1.2255291621681487e-09,70360.0,BID
120,1712174425.6233716,326446.69822741,67140.0,7.399769590493726e-10,70360.0,BID
121,1712174427.953042,326453.59854843,67140.0,2.7735237599349594e-10,70360.0,BID
122,1712174427.9555018,326471.8630653,67140.0,7.341263015941218e-10,70360.0,BID
123,1712174429.59309,326482.97910654,67140.0,4.4679956781671803e-10,70360.0,BID
124,1712174430.5430782,326482.97910654,67140.0,0.0,70360.0,BID
125,1712174453.4329083,326492.22747699,67120.0,3.715091910748e-10,70360.0,BID
126,1712174460.7928717,326492.22747699,67120.0,0.0,70360.0,BID
127,1712174490.8031316,326492.22747699,67120.0,0.0,70360.0,BID
128,1712174491.9129837,326497.58790762,67120.0,2.1532437535633776e-10,70360.0,BID
129,1712174495.2030544,326498.03143859,67130.0,1.7816297917675404e-11,70360.0,BID
130,1712174500.9033482,326512.92268188,67120.0,-5.98169789150914e-10,70360.0,ASK
131,1712174501.5430782,326513.28968188,67020.0,-1.4742107715592517e-11,70360.0,ASK
132,1712174520.5532892,326513.28968188,67020.0,-0.0,70360.0,ASK
133,1712174522.4765704,326513.89233034,67020.0,-2.4206550516149253e-11,70360.0,ASK
134,1712174522.8948443,326521.35390234,67010.0,-2.99708588890008e-10,70360.0,ASK
135,1712174537.833681,326521.35390323,67010.0,-3.5748390036279826e-17,70360.0,ASK
136,1712174537.8354533,326536.27927577,67000.0,-5.99506691435371e-10,70360.0,ASK
137,1712174537.8375404,326537.77159034,67010.0,-5.994172460643509e-11,70360.0,ASK
138,1712174537.9939146,326537.77159093,67000.0,-2.3698213303318005e-17,70360.0,ASK
139,1712174537.996119,326552.69919134,66990.0,-5.9959617817773e-10,70360.0,ASK
140,1712174539.5754638,326552.69919206,66990.0,-2.8919021344587647e-17,70360.0,ASK
141,1712174539.5774555,326599.50348474,66980.0,-1.879985680378957e-09,70360.0,ASK
142,1712174548.1533494,326631.71037474,66930.0,-1.2936525378894171e-09,70360.0,ASK
143,1712174550.5335176,326631.71037474,66930.0,-0.0,70360.0,ASK
144,1712174552.9031038,326636.28880274,66980.0,-1.8384292284414327e-10,70360.0,ASK
145,1712174554.1033692,326639.17528874,66980.0,-1.1590441588183991e-10,70360.0,ASK
146,1712174556.193107,326639.17528964,66980.0,-3.613901768120795e-17,70360.0,ASK
147,1712174569.1037614,326639.17529036,66930.0,-2.890981177718673e-17,70360.0,ASK
148,1712174580.7835684,326639.17529036,66930.0,-0.0,70360.0,ASK
149,1712174588.282298,326640.49014895,66900.0,-5.2795980024800536e-11,70360.0,ASK
150,1712174588.2843344,326652.97744545,66900.0,-5.01406814070612e-10,70360.0,ASK
151,1712174588.4617338,326654.8126302,66900.0,7.368881957334896e-11,70360.0,BID
152,1712174592.1534843,326659.09472797,66900.0,1.7194057980537262e-10,70360.0,BID
153,1712174610.824299,326659.09472797,66900.0,0.0,70360.0,BID
154,1712174640.50419,326659.09472797,66900.0,0.0,70360.0,BID
155,1712174655.6833105,326659.84211212,66910.0,-3.0008373272915324e-11,70360.0,ASK
156,1712174660.3333511,326659.91147566,66910.0,2.7850296253807475e-12,70360.0,BID
157,1712174663.0862422,326674.78756124,66910.0,-5.97292742871683e-10,70360.0,ASK
158,1712174667.1634872,326675.0865149,66900.0,-1.2003349307296444e-11,70360.0,ASK
159,1712174667.1661596,326690.65393682,66900.0,-6.25050729106155e-10,70360.0,ASK
160,1712174668.1634922,326691.52494632,66900.0,-3.4972079887719384e-11,70360.0,ASK
161,1712174668.1661727,326691.71169519,66900.0,-7.498191926581681e-12,70360.0,ASK
162,1712174668.2034783,326704.63502063,66890.0,-5.18887072648942e-10,70360.0,ASK
163,1712174668.2700722,326706.66161296,66890.0,-8.137012152367984e-11,70360.0,ASK
164,1712174668.271324,326720.97705264,66890.0,-5.747821351177213e-10,70360.0,ASK
165,1712174668.288586,326721.72454852,66890.0,-3.001285936741338e-11,70360.0,ASK
166,1712174668.291293,326733.90037808,66890.0,-4.888742132815286e-10,70360.0,ASK
167,1712174670.543355,326733.90037808,66890.0,-0.0,70360.0,ASK
168,1712174686.443163,326734.4236252,66890.0,2.10047813103092e-11,70360.0,BID
169,1712174686.6432683,326756.08881293,66890.0,8.69708619401e-10,70360.0,BID
170,1712174689.6134603,326756.73165939,66890.0,2.580587411340774e-11,70360.0,BID
171,1712174690.8230922,326757.18015692,66890.0,1.8004098210233798e-11,70360.0,BID
172,1712174690.9839554,326759.87114211,66890.0,1.0802458965863128e-10,70360.0,BID
173,1712174697.2037485,326760.76813717,66890.0,3.6008196420467595e-11,70360.0,BID
174,1712174700.8035774,326760.76813717,66890.0,0.0,70360.0,BID
175,1712174712.2207618,326769.87114211,66910.0,3.662860220824562e-10,70360.0,BID
176,1712174712.222062,326778.97414705,66890.0,3.6628602208479834e-10,70360.0,BID
177,1712174712.223354,326780.28686228,66940.0,5.2820935821671565e-11,70360.0,BID
178,1712174712.2246628,326790.24658109,66890.0,4.0075840978086225e-10,70360.0,BID
179,1712174712.2259622,326790.565515,66930.0,1.283323847342468e-11,70360.0,BID
180,1712174720.9031525,326792.06028331,66900.0,-6.014637384153301e-11,70360.0,ASK
181,1712174722.7936225,326794.58906004,66890.0,-1.0175272619049968e-10,70360.0,ASK
182,1712174722.7959447,326802.06028331,66890.0,-3.006265150577653e-10,70360.0,ASK
183,1712174729.913532,326802.35914762,66920.0,1.2025679428071977e-11,70360.0,BID
184,1712174730.8334262,326802.35914762,66920.0,0.0,70360.0,BID
185,1712174744.0035477,326802.43396902,66870.0,-3.010320799833826e-12,70360.0,ASK
186,1712174744.547681,326817.30814762,66860.0,-5.984390721212611e-10,70360.0,ASK
187,1712174745.5633547,326832.26014762,66860.0,-6.01570093179269e-10,70360.0,ASK
188,1712174745.6732838,326844.87766003,66860.0,-5.076456739010745e-10,70360.0,ASK
189,1712174745.8135316,326857.73194658,66860.0,-5.171719072802179e-10,70360.0,ASK
190,1712174748.4833703,326858.18024305,66870.0,1.8036500081681083e-11,70360.0,BID
191,1712174748.6434517,326866.35514382,66860.0,-3.2890421468372587e-10,70360.0,ASK
192,1712174748.7232609,326891.7866497,66850.0,-1.0231964527787123e-09,70360.0,ASK
193,1712174749.2231915,326898.56474893,66850.0,-2.7270611191493457e-10,70360.0,ASK
194,1712174749.2632744,326903.05240786,66850.0,-1.8055386574941942e-10,70360.0,ASK
195,1712174749.2661493,326911.56670982,66850.0,-3.4255948524888767e-10,70360.0,ASK
196,1712174758.0133162,326914.10895596,66870.0,1.0228325624230395e-10,70360.0,BID
197,1712174760.5434887,326914.10895596,66870.0,0.0,70360.0,BID
198,1712174784.2234397,326921.59062586,66830.0,-3.00922711471825e-10,70360.0,ASK
199,1712174784.2256832,326923.74025896,66830.0,-8.646110156945507e-11,70360.0,ASK
200,1712174784.3236024,326932.71960646,66820.0,-3.611612959523516e-10,70360.0,ASK
201,1712174784.3259466,326932.71960675,66830.0,-1.1663806181083664e-17,70360.0,ASK
202,1712174784.328362,326938.70583796,66820.0,-2.4077417893337515e-10,70360.0,ASK
203,1712174784.8892336,326940.20217194,66830.0,-6.018454229483326e-11,70360.0,ASK
204,1712174785.0136588,326955.16999112,66810.0,-6.02025589567e-10,70360.0,ASK
205,1712174785.0161707,326955.16999157,66820.0,-1.8099736167394177e-17,70360.0,ASK
206,1712174790.5434926,326955.16999157,66820.0,-0.0,70360.0,ASK
207,1712174797.7836418,326955.42942505,66850.0,1.0433608136974592e-11,70360.0,BID
208,1712174820.8235743,326955.42942505,66850.0,0.0,70360.0,BID
209,1712174823.3533285,326956.49642505,66850.0,-4.291139338899935e-11,70360.0,ASK
210,1712174845.0603352,326967.09622505,66870.0,4.2629071005307774e-10,70360.0,BID
211,1712174850.3138576,326967.39517871,66900.0,1.2022978546556298e-11,70360.0,BID
212,1712174850.8172195,326967.39517871,66900.0,0.0,70360.0,BID
213,1712174866.1239123,326986.78532156,66850.0,-7.797856361016748e-10,70360.0,ASK
214,1712174867.8738313,326994.48723729,66850.0,-3.097369268086328e-10,70360.0,ASK
215,1712174867.9592268,326997.31290496,66850.0,-1.1363583437760664e-10,70360.0,ASK
216,1712174867.9623787,326997.58265282,66850.0,-1.0848063792173314e-11,70360.0,ASK
217,1712174872.8142684,327002.57721255,66850.0,-2.0085906360939143e-10,70360.0,ASK
218,1712174872.8170493,327007.54386526,66850.0,-1.9973676691105311e-10,70360.0,ASK
219,1712174872.8737829,327009.43597108,66850.0,-7.609211297690525e-11,70360.0,ASK
220,1712174880.543418,327009.43597108,66850.0,-0.0,70360.0,ASK
221,1712174883.7886405,327011.67556521,66850.0,-9.005637480325077e-11,70360.0,ASK
222,1712174887.5635152,327015.41856521,66850.0,-1.5050986532414628e-10,70360.0,ASK
223,1712174894.1436636,327017.31290496,66850.0,-7.617334241222305e-11,70360.0,ASK
224,1712174894.1464574,327018.31290496,66850.0,-4.021102466563511e-11,70360.0,ASK
225,1712174910.5336027,327018.31290496,66850.0,-0.0,70360.0,ASK
226,1712174911.1698046,327018.46251597,66840.0,-6.0158684611467824e-12,70360.0,ASK
227,1712174911.369459,327019.67963403,66830.0,-4.8940396507996414e-11,70360.0,ASK
228,1712174912.3936408,327049.6018363,66840.0,1.203173703220503e-09,70360.0,BID
229,1712174929.783816,327058.36878579,66830.0,3.5251961030977155e-10,70360.0,BID
230,1712174929.7867322,327228.96878579,66840.0,6.859837117509572e-09,70360.0,BID
231,1712174930.0833206,327234.44578579,66840.0,-2.2023052691843823e-10,70360.0,ASK
232,1712174931.7935593,327238.56866044,66850.0,-1.6578105835223682e-10,70360.0,ASK
233,1712174931.873499,327242.68055432,66850.0,-1.6533952087527856e-10,70360.0,ASK
234,1712174932.4536471,327244.71511726,66850.0,-8.180990840441169e-11,70360.0,ASK
235,1712174933.059311,327248.91042671,66850.0,-1.6869366637973895e-10,70360.0,ASK
236,1712174934.0034828,327254.82606763,66850.0,-2.3786830690046056e-10,70360.0,ASK
237,1712174934.0055995,327256.66142671,66850.0,-7.379990821168262e-11,70360.0,ASK
238,1712174934.0533886,327258.71831996,66850.0,-8.270781162321972e-11,70360.0,ASK
239,1712174934.0546775,327261.34578579,66850.0,-1.0565057224904039e-10,70360.0,ASK
240,1712174934.059788,327261.91353698,66850.0,-2.2829312347992286e-11,70360.0,ASK
241,1712174934.0735176,327264.54578579,66850.0,-1.0584289618721284e-10,70360.0,ASK
242,1712174934.0748389,327265.85776626,66840.0,-5.2754820195352126e-11,70360.0,ASK
243,1712174934.0852144,327271.84399792,66820.0,-2.4070676515417825e-10,70360.0,ASK
244,1712174934.0865345,327277.0805874,66840.0,-2.1056360424485555e-10,70360.0,ASK
245,1712174934.1251523,327279.08215828,66800.0,-8.048329552160559e-11,70360.0,ASK
246,1712174940.823378,327279.08215828,66800.0,-0.0,70360.0,ASK
247,1712174945.1254778,327282.22715828,66800.0,-1.2637208655040195e-10,70360.0,ASK
248,1712174945.7236311,327282.37688129,66790.0,-6.016155542522012e-12,70360.0,ASK
249,1712174945.7334497,327288.87411141,66790.0,-2.610710737911794e-10,70360.0,ASK
250,1712174945.735196,327289.63801343,66800.0,-3.069503726191756e-11,70360.0,ASK
251,1712174945.763643,327291.55517059,66790.0,7.703502402464873e-11,70360.0,BID
252,1712174952.674724,327296.99012906,66780.0,-2.1838697684476587e-10,70360.0,ASK
253,1712174952.677736,327302.2312192,66780.0,-2.105969783150068e-10,70360.0,ASK
254,1712174952.6806445,327302.41328767,66770.0,-7.31585769420191e-12,70360.0,ASK
255,1712174952.6835408,327305.82141135,66780.0,-1.3694489687335508e-10,70360.0,ASK
256,1712174952.6863947,327308.22564334,66780.0,-9.6606617847366e-11,70360.0,ASK
257,1712174952.688446,327308.97448263,66770.0,-3.0089788098290114e-11,70360.0,ASK
258,1712174970.7967267,327308.97448263,66770.0,-0.0,70360.0,ASK
259,1712175000.6136672,327308.97448263,66770.0,-0.0,70360.0,ASK
260,1712175003.6237006,327308.99241416,66770.0,-7.20876115716198e-13,70360.0,ASK
261,1712175003.6268015,327309.2213012,66770.0,-9.201624186610793e-12,70360.0,ASK
262,1712175003.8039966,327309.37706636,66770.0,-6.26200794771106e-12,70360.0,ASK
263,1712175018.313685,327310.87228167,66880.0,6.01100410107764e-11,70360.0,BID
264,1712175030.603806,327310.87228167,66880.0,0.0,70360.0,BID
265,1712175038.1135375,327312.36749698,66880.0,6.010973440309372e-11,70360.0,BID
266,1712175044.6834407,327319.84357353,66880.0,3.0054867201078863e-10,70360.0,BID
267,1712175055.1837084,327321.33878884,66880.0,6.010973440309372e-11,70360.0,BID
268,1712175060.8136992,327321.33878884,66880.0,0.0,70360.0,BID
269,1712175063.1539974,327321.4135795,66880.0,3.006603911861169e-12,70360.0,BID
270,1712175090.8134358,327321.4135795,66880.0,0.0,70360.0,BID
271,1712175102.65354,327323.65640246,66880.0,-9.016204602522708e-11,70360.0,ASK
272,1712175102.6932452,327328.88965605,66880.0,-2.1037810806064588e-10,70360.0,ASK
273,1712175103.6564546,327330.47940246,66810.0,-6.390820476656687e-11,70360.0,ASK
274,1712175120.5537083,327330.47940246,66810.0,-0.0,70360.0,ASK
275,1712175145.023564,327360.18044846,66900.0,1.193960408658264e-09,70360.0,BID
276,1712175145.1235363,327360.1804488,66900.0,1.3667388363779857e-17,70360.0,BID
277,1712175145.5057104,327389.88149514,66930.0,1.1939604223279924e-09,70360.0,BID
278,1712175145.6113346,327394.44249514,66910.0,-1.8334887679963918e-10,70360.0,ASK
279,1712175146.6334226,327397.26101175,66920.0,-1.1330231411495307e-10,70360.0,ASK
280,1712175150.3445935,327399.44428616,66940.0,-8.776604052281899e-11,70360.0,ASK
281,1712175150.5537996,327399.44428616,66940.0,-0.0,70360.0,ASK
282,1712175180.8065698,327399.44428616,66940.0,-0.0,70360.0,ASK
283,1712175197.6817946,327405.81228616,66990.0,-2.5594147976636084e-10,70360.0,ASK
284,1712175205.363504,327422.69228616,66990.0,-6.784378420926491e-10,70360.0,ASK
285,1712175210.8277,327422.69228616,66990.0,-0.0,70360.0,ASK
286,1712175219.226182,327422.69447275,66990.0,-8.787752041079908e-14,70360.0,ASK
287,1712175219.229431,327437.2594206,66970.0,-5.853550539381574e-10,70360.0,ASK
288,1712175230.8261597,327445.92835379,66970.0,-3.4839835386112235e-10,70360.0,ASK
289,1712175240.5540247,327445.92835379,66970.0,-0.0,70360.0,ASK
290,1712175250.68366,327446.75963645,66970.0,3.3406578712331224e-11,70360.0,BID
291,1712175263.1540232,327448.25351156,66940.0,-6.003403998717414e-11,70360.0,ASK
292,1712175263.1561038,327464.66946006,66940.0,-6.597042162916781e-10,70360.0,ASK
293,1712175270.5666792,327464.66946006,66940.0,-0.0,70360.0,ASK
294,1712175294.6635208,327471.86946006,66940.0,-2.893302752166056e-10,70360.0,ASK
295,1712175300.594062,327471.86946006,66940.0,-0.0,70360.0,ASK
296,1712175300.7036886,327473.33271943,66970.0,5.884286896479289e-11,70360.0,BID
297,1712175304.2378483,327480.06168655,66970.0,-2.7059572529784216e-10,70360.0,ASK
298,1712175308.6547394,327492.96679297,66970.0,-5.189602757011967e-10,70360.0,ASK
299,1712175308.6585937,327533.37206697,66970.0,-1.624839924003212e-09,70360.0,ASK
300,1712175328.2938504,327553.71595809,66940.0,-8.18100293079795e-10,70360.0,ASK
301,1712175328.2978802,327565.2098332,66940.0,-4.6220964026255157e-10,70360.0,ASK
302,1712175330.5437324,327565.2098332,66940.0,-0.0,70360.0,ASK
303,1712175331.523903,327565.28450842,66960.0,3.0022019018833426e-12,70360.0,BID
304,1712175360.8237486,327565.28450842,66960.0,0.0,70360.0,BID
305,1712175390.8290553,327565.28450842,66960.0,0.0,70360.0,BID
306,1712175400.573601,327566.03122287,66950.0,3.0020495301240437e-11,70360.0,BID
307,1712175402.403196,327566.47925154,66950.0,1.8012297179808204e-11,70360.0,BID
308,1712175405.4138055,327604.4059431,66950.0,1.524783758706614e-09,70360.0,BID
309,1712175408.853733,327629.9456661,66940.0,1.0267849166510501e-09,70360.0,BID
310,1712175409.4134274,327629.94566702,66940.0,3.698604938825397e-17,70360.0,BID
311,1712175420.5536172,327629.94566702,66940.0,0.0,70360.0,BID
312,1712175428.6626768,327631.43887293,66970.0,6.002157989696859e-11,70360.0,BID
313,1712175437.6636178,327642.79996353,66970.0,4.56675534555928e-10,70360.0,BID
314,1712175437.66759,327676.65996353,66970.0,1.3610518694507416e-09,70360.0,BID
315,1712175437.7832117,327729.8411426,66970.0,-2.137694719216942e-09,70360.0,ASK
316,1712175437.8434107,327733.38558883,66900.0,-1.4247416324551585e-10,70360.0,ASK
317,1712175437.8832045,327738.17963343,66900.0,-1.9270358431869407e-10,70360.0,ASK
318,1712175438.083829,327742.62563343,66900.0,-1.787134262151283e-10,70360.0,ASK
319,1712175450.5633738,327742.62563343,66900.0,-0.0,70360.0,ASK
320,1712175467.263723,327751.71524408,66900.0,-3.6525931865177357e-10,70360.0,ASK
321,1712175467.2672312,327755.18863343,66890.0,-1.3957559638654415e-10,70360.0,ASK
322,1712175476.6937242,327767.75088001,66890.0,-5.048046394121842e-10,70360.0,ASK
323,1712175476.9183493,327778.75088001,66880.0,-4.4202690961050124e-10,70360.0,ASK
324,1712175476.9215434,327779.1796125,66880.0,-1.7228299781905016e-11,70360.0,ASK
325,1712175478.5236204,327779.45153839,66930.0,1.0927141891023408e-11,70360.0,BID
326,1712175480.8025415,327779.45153839,66930.0,0.0,70360.0,BID
327,1712175484.937168,327785.81853839,66880.0,-2.55827889065782e-10,70360.0,ASK
328,1712175485.953607,327799.31753839,66880.0,-5.423936978982884e-10,70360.0,ASK
329,1712175487.903494,327802.04353839,66880.0,-1.0953146310709644e-10,70360.0,ASK
330,1712175491.8234212,327802.68653839,66880.0,-2.583592471579172e-11,70360.0,ASK
331,1712175494.133256,327816.18553839,66880.0,-5.423936978982884e-10,70360.0,ASK
332,1712175496.4932344,327822.55053839,66880.0,-2.5574752849209677e-10,70360.0,ASK
333,1712175499.3939211,327829.72653839,66880.0,-2.8833374146995376e-10,70360.0,ASK
334,1712175510.803547,327829.72653839,66880.0,-0.0,70360.0,ASK
335,1712175540.2964425,327829.96242127,66940.0,9.476561579584594e-12,70360.0,BID
336,1712175540.533383,327829.96242127,66940.0,0.0,70360.0,BID
337,1712175552.1235356,327840.15117212,66940.0,4.093313749714035e-10,70360.0,BID
338,1712175558.573393,327849.92050365,66890.0,-3.924812733740976e-10,70360.0,ASK
339,1712175570.603933,327849.92050365,66890.0,-0.0,70360.0,ASK
340,1712175584.7335622,327851.88250365,66880.0,-7.881879556086196e-11,70360.0,ASK
341,1712175585.5831304,327855.68330867,66880.0,-1.5268851877700635e-10,70360.0,ASK
342,1712175585.5864656,327863.30234734,66880.0,-3.0607719230334737e-10,70360.0,ASK
343,1712175585.6222618,327878.30234734,66880.0,-6.025901801290571e-10,70360.0,ASK
344,1712175585.6264274,327882.09970479,66880.0,-1.525500206542568e-10,70360.0,ASK
345,1712175585.698664,327884.20412993,66880.0,-8.454039494603376e-11,70360.0,ASK
346,1712175598.873905,327893.97346146,66880.0,-3.9246021642564716e-10,70360.0,ASK
347,1712175600.583646,327893.97346146,66880.0,-0.0,70360.0,ASK
348,1712175602.204447,327901.73346146,66880.0,-3.1202548799681736e-10,70360.0,ASK
349,1712175604.4933295,327908.42346146,66880.0,-2.690013549867177e-10,70360.0,ASK
350,1712175605.9033198,327961.30709938,66880.0,-2.1264230578636677e-09,70360.0,ASK
351,1712175606.8433828,328054.19454543,66880.0,-3.7349549848578755e-09,70360.0,ASK
352,1712175606.846457,328055.4433777,66880.0,-5.0214883822932686e-11,70360.0,ASK
353,1712175606.8633647,328056.93859301,66880.0,-6.012181530511559e-11,70360.0,ASK
354,1712175606.8670442,328060.20918769,66880.0,-1.3150887900262495e-10,70360.0,ASK
355,1712175607.0434754,328062.20918769,66870.0,-8.04189402052688e-11,70360.0,ASK
356,1712175628.953365,328065.20006551,66860.0,1.2026161228409296e-10,70360.0,BID
357,1712175630.5138507,328065.20006551,66860.0,0.0,70360.0,BID
358,1712175631.3833678,328080.15445462,66860.0,6.01031310356346e-10,70360.0,BID
359,1712175631.9035432,328081.64735065,66850.0,-6.00009301983614e-11,70360.0,ASK
360,1712175631.9072285,328090.90520302,66850.0,-3.7208200884226176e-10,70360.0,ASK
361,1712175632.0061417,328099.59798639,66850.0,-3.493713411545713e-10,70360.0,ASK
362,1712175632.008262,328103.80610111,66850.0,-1.6912818609281407e-10,70360.0,ASK
363,1712175632.0279162,328103.90610111,66810.0,-4.019096372285201e-12,70360.0,ASK
364,1712175632.0307038,328104.0557793,66810.0,-6.0157107060316544e-12,70360.0,ASK
365,1712175632.033599,328110.30667452,66770.0,-2.51229503082054e-10,70360.0,ASK
366,1712175632.03648,328121.05742292,66850.0,-4.3208293903828367e-10,70360.0,ASK
367,1712175632.0393865,328121.20710111,66810.0,-6.0157107060316544e-12,70360.0,ASK
368,1712175633.183308,328121.95493239,66860.0,3.005605985205035e-11,70360.0,BID
369,1712175659.073653,328155.78695545,66780.0,-1.359741611792043e-09,70360.0,ASK
370,1712175659.219823,328156.87327521,66780.0,4.36602380738846e-11,70360.0,BID
371,1712175659.5736845,328158.11077298,66770.0,-4.9736227994885233e-11,70360.0,ASK
372,1712175659.5770674,328160.19744123,66750.0,-8.386520795595319e-11,70360.0,ASK
373,1712175660.1948378,328160.44744123,66750.0,-1.0047740933052425e-11,70360.0,ASK
374,1712175660.8134377,328160.44744123,66750.0,-0.0,70360.0,ASK
375,1712175668.6048057,328160.60733089,66750.0,-6.424476265663991e-12,70360.0,ASK
376,1712175668.608764,328168.48066675,66750.0,-3.1635603802013806e-10,70360.0,ASK
377,1712175670.0375044,328169.82966675,66750.0,-5.420374576612487e-11,70360.0,ASK
378,1712175690.813501,328169.82966675,66750.0,-0.0,70360.0,ASK
379,1712175691.5734398,328174.27366675,66760.0,-1.7855847655455543e-10,70360.0,ASK
380,1712175693.163541,328203.63800224,66760.0,-1.1798494622203843e-09,70360.0,ASK
381,1712175693.1666143,328218.23350637,66750.0,-5.864426152090132e-10,70360.0,ASK
382,1712175701.433699,328219.13094494,66750.0,-3.605879024918661e-11,70360.0,ASK
383,1712175701.438481,328220.43250637,66750.0,-5.2296315499214617e-11,70360.0,ASK
384,1712175703.5834892,328222.4318176,66750.0,-8.033167582821195e-11,70360.0,ASK
385,1712175703.5882435,328223.03250637,66750.0,-2.413547967040149e-11,70360.0,ASK
386,1712175720.543501,328223.03250637,66750.0,-0.0,70360.0,ASK
387,1712175723.283842,328223.15583633,66750.0,-4.954650691242008e-12,70360.0,ASK
388,1712175723.2929764,328223.62350637,66750.0,-1.8788149173333948e-11,70360.0,ASK
389,1712175741.494073,328223.7732518,66780.0,6.015864254852949e-12,70360.0,BID
390,1712175750.5334432,328223.7732518,66780.0,0.0,70360.0,BID
391,1712175752.1933646,328243.01976133,66780.0,7.73206626154182e-10,70360.0,BID
392,1712175765.0232625,328243.97676133,66790.0,-3.844638634720864e-11,70360.0,ASK
393,1712175767.2133975,328244.89376133,66800.0,-3.683943185077087e-11,70360.0,ASK
394,1712175780.8035102,328244.89376133,66800.0,-0.0,70360.0,ASK
395,1712175782.193754,328249.89376133,66860.0,2.008579308572933e-10,70360.0,BID
396,1712175782.1977909,328268.73607289,66860.0,7.569255425020796e-10,70360.0,BID
397,1712175783.243316,328271.14907289,66780.0,-9.693403743174844e-11,70360.0,ASK
398,1712175787.273591,328276.22334452,66780.0,-2.0384154004314318e-10,70360.0,ASK
399,1712175787.277823,328276.24007289,66780.0,-6.720051563514629e-13,70360.0,ASK
400,1712175789.186766,328281.71807289,66780.0,-2.200599490473628e-10,70360.0,ASK
401,1712175791.3349388,328307.73180005,66780.0,-1.0450126822485952e-09,70360.0,ASK
402,1712175792.417863,328307.96380005,66780.0,-9.319807992507958e-12,70360.0,ASK
403,1712175810.7934184,328307.96380005,66780.0,-0.0,70360.0,ASK
404,1712175817.0419283,328322.53681083,66870.0,5.853218797203351e-10,70360.0,BID
405,1712175817.0438695,328383.11180005,66870.0,2.432981563632361e-09,70360.0,BID
406,1712175817.3161154,328386.36517202,66790.0,-1.3067099349914048e-10,70360.0,ASK
407,1712175817.3330967,328389.67440512,66790.0,-1.3291464391201983e-10,70360.0,ASK
408,1712175823.9266157,328392.85725616,66790.0,-1.278385353389243e-10,70360.0,ASK
409,1712175840.0568342,328395.04909656,66790.0,-8.803480367494158e-11,70360.0,ASK
410,1712175840.0592835,328402.47268997,66790.0,-2.981670510387054e-10,70360.0,ASK
411,1712175840.553264,328402.47268997,66790.0,-0.0,70360.0,ASK
412,1712175870.5738392,328402.47268997,66790.0,-0.0,70360.0,ASK
413,1712175900.813191,328402.47268997,66790.0,-0.0,70360.0,ASK
414,1712175930.8131108,328402.47268997,66790.0,-0.0,70360.0,ASK
415,1712175960.533067,328402.47268997,66790.0,-0.0,70360.0,ASK
416,1712175978.863287,328403.07167171,66850.0,-2.4064693713477697e-11,70360.0,ASK
417,1712175990.553058,328403.07167171,66850.0,-0.0,70360.0,ASK
418,1712176020.803199,328403.07167171,66850.0,-0.0,70360.0,ASK
419,1712176030.3633115,328404.8853556,66860.0,-7.286645681510858e-11,70360.0,ASK
420,1712176034.723183,328409.8853556,66910.0,2.0087970461014627e-10,70360.0,BID
421,1712176039.321554,328413.34006525,66860.0,-1.3879621080186022e-10,70360.0,ASK
422,1712176039.380961,328415.96278803,66860.0,-1.0537035546344624e-10,70360.0,ASK
423,1712176039.859647,328419.09029198,66860.0,-1.2565041392991502e-10,70360.0,ASK
424,1712176045.273131,328426.95142613,66860.0,-3.158284611908389e-10,70360.0,ASK
425,1712176050.813053,328426.95142613,66860.0,-0.0,70360.0,ASK
426,1712176069.283227,328427.04109882,66910.0,3.6024535791203384e-12,70360.0,BID
427,1712176080.5629437,328427.04109882,66910.0,0.0,70360.0,BID
428,1712176096.923118,328428.9239637,66860.0,-7.564099720476719e-11,70360.0,ASK
429,1712176100.2531872,328429.9239637,66860.0,-4.0173353917839225e-11,70360.0,ASK
430,1712176100.2633004,328439.54891918,66860.0,-3.866667429409626e-10,70360.0,ASK
431,1712176101.703132,328440.89491918,66850.0,-5.407333437419731e-11,70360.0,ASK
432,1712176106.6094415,328443.16991918,66850.0,-9.139438016168122e-11,70360.0,ASK
433,1712176106.883037,328443.44204836,66880.0,1.0932341860565551e-11,70360.0,BID
434,1712176108.5231662,328447.23104836,66850.0,-1.5221683799428128e-10,70360.0,ASK
435,1712176110.5930748,328447.23104836,66850.0,-0.0,70360.0,ASK
436,1712176111.4532087,328448.35204836,66850.0,-4.5031887785694496e-11,70360.0,ASK
437,1712176112.430646,328453.48400596,66850.0,-2.061567696411628e-10,70360.0,ASK
438,1712176112.4431112,328458.65171753,66850.0,-2.0759304864551966e-10,70360.0,ASK
439,1712176112.7033105,328461.08092842,66850.0,-9.758425709986692e-11,70360.0,ASK
440,1712176113.082989,328468.93522494,66850.0,-3.1551632429009776e-10,70360.0,ASK
441,1712176119.4051,328470.67521158,66850.0,-6.989730876171221e-11,70360.0,ASK
442,1712176120.4902458,328473.08976963,66850.0,-9.699563529052576e-11,70360.0,ASK
443,1712176120.7329347,328474.91145417,66850.0,-7.317920944521455e-11,70360.0,ASK
444,1712176121.0532334,328477.01479385,66850.0,-8.449362751692776e-11,70360.0,ASK
445,1712176121.0566263,328477.48509858,66850.0,-1.889269386858928e-11,70360.0,ASK
446,1712176124.652211,328480.60705937,66850.0,-1.2541283494123916e-10,70360.0,ASK
447,1712176124.6628416,328483.71603715,66850.0,-1.248912921660535e-10,70360.0,ASK
448,1712176124.782689,328486.83799794,66850.0,-1.2541283494123916e-10,70360.0,ASK
449,1712176126.9932663,328494.69229446,66870.0,3.1551632429009776e-10,70360.0,BID
450,1712176126.997683,328511.23076335,66880.0,6.643697370291266e-10,70360.0,BID
451,1712176127.0019276,328516.22315743,66870.0,2.0055033898059128e-10,70360.0,BID
452,1712176133.4269383,328518.83162188,66850.0,-1.047850833244276e-10,70360.0,ASK
453,1712176134.7065077,328520.41362188,66870.0,-6.355079971250186e-11,70360.0,ASK
454,1712176134.7831428,328530.03620352,66870.0,-3.8655041626071095e-10,70360.0,ASK
455,1712176138.4134183,328530.92288746,66850.0,-3.561913620520001e-11,70360.0,ASK
456,1712176138.4175496,328542.1420348,66850.0,-4.5068633726585096e-10,70360.0,ASK
457,1712176138.4216044,328544.60333796,66800.0,-9.88734413107085e-11,70360.0,ASK
458,1712176140.8230095,328544.60333796,66800.0,-0.0,70360.0,ASK
459,1712176141.0830464,328545.3045541,66800.0,-2.816131184895232e-11,70360.0,ASK
460,1712176150.433142,328545.9125541,66800.0,-2.441768896772028e-11,70360.0,ASK
461,1712176156.6838384,328549.3145541,66800.0,-1.3662660833423009e-10,70360.0,ASK
462,1712176170.834036,328549.3145541,66800.0,-0.0,70360.0,ASK
463,1712176173.1528475,328549.40426701,66880.0,3.6028852739960777e-12,70360.0,BID
464,1712176196.4644094,328564.13126701,66820.0,-5.914387508698124e-10,70360.0,ASK
465,1712176200.9142933,328564.13126701,66820.0,-0.0,70360.0,ASK
466,1712176221.5351903,328564.88926701,66810.0,-3.0528972942714594e-11,70360.0,ASK
467,1712176228.7853963,328579.62115382,66800.0,-5.933369047957495e-10,70360.0,ASK
468,1712176228.7907884,328579.62239102,66810.0,-4.982908318158837e-14,70360.0,ASK
469,1712176230.232659,328582.89393756,66800.0,-1.3176379393549154e-10,70360.0,ASK
470,1712176230.240697,328589.39636094,66800.0,-2.6188958764958593e-10,70360.0,ASK
471,1712176230.2534564,328598.06806422,66800.0,-3.4925883220607803e-10,70360.0,ASK
472,1712176230.2570164,328602.23478423,66800.0,-1.678175230204385e-10,70360.0,ASK
473,1712176230.359312,328605.76008055,66800.0,-1.4198374138714554e-10,70360.0,ASK
474,1712176230.3703623,328620.36461595,66800.0,-5.88207738896445e-10,70360.0,ASK
475,1712176230.419515,328624.45201551,66800.0,-1.6462283717499383e-10,70360.0,ASK
476,1712176230.4225194,328626.15320632,66800.0,-6.851663352385447e-11,70360.0,ASK
477,1712176230.5071208,328636.73520632,66800.0,-4.2619735051630445e-10,70360.0,ASK
478,1712176230.5710468,328636.86951534,66790.0,-5.409388440621399e-12,70360.0,ASK
479,1712176230.5731974,328637.86951534,66790.0,-4.0275689899500175e-11,70360.0,ASK
480,1712176230.5791614,328708.39440844,66800.0,-2.840438724689629e-09,70360.0,ASK
481,1712176230.5812943,328715.88055906,66790.0,-3.01509880913664e-10,70360.0,ASK
482,1712176230.5833955,328739.73520632,66780.0,-9.60762375705102e-10,70360.0,ASK
483,1712176230.5854998,328741.73520632,66790.0,-8.055137979900035e-11,70360.0,ASK
484,1712176230.8081405,328741.73520632,66790.0,-0.0,70360.0,ASK
485,1712176232.0956547,328751.35913421,66780.0,-3.8742522148437936e-10,70360.0,ASK
486,1712176232.136801,328755.31691724,66780.0,-1.5932631504658858e-10,70360.0,ASK
487,1712176232.1388862,328758.36413421,66780.0,-1.2267015329013076e-10,70360.0,ASK
488,1712176232.227073,328767.17861041,66780.0,-3.5483956583082456e-10,70360.0,ASK
489,1712176232.815032,328809.17861041,66780.0,-1.690771116364645e-09,70360.0,ASK
490,1712176234.4849482,328809.93161041,66780.0,-3.031311072781553e-11,70360.0,ASK
491,1712176236.4973977,328809.93403814,66780.0,-9.773180430071826e-14,70360.0,ASK
492,1712176236.8635588,328823.43403814,66770.0,-5.43462144545778e-10,70360.0,ASK
493,1712176237.175275,328874.43403814,66770.0,-2.053079212728497e-09,70360.0,ASK
494,1712176237.475529,328881.30674162,66770.0,-2.7667067941286515e-10,70360.0,ASK
495,1712176240.7452502,328902.79874162,66770.0,-8.651917341156426e-10,70360.0,ASK
496,1712176255.5062375,328907.86274162,66770.0,-2.038586888879192e-10,70360.0,ASK
497,1712176260.5557177,328907.86274162,66770.0,-0.0,70360.0,ASK
498,1712176267.586962,328922.80374162,66770.0,-6.012032197649178e-10,70360.0,ASK
499,1712176272.346845,328923.04333275,66770.0,-9.640784337163524e-12,70360.0,ASK
500,1712176272.3515587,328926.75548365,66770.0,-1.4937133213038684e-10,70360.0,ASK
501,1712176272.538708,328930.76658313,66770.0,-1.6140057038754954e-10,70360.0,ASK
502,1712176273.5115976,328934.19907872,66770.0,-1.3811842584452488e-10,70360.0,ASK
503,1712176273.5142531,328938.86658313,66770.0,-1.8781331099267247e-10,70360.0,ASK
504,1712176275.4783924,328940.02522061,66770.0,-4.6621818054274595e-11,70360.0,ASK
505,1712176275.483299,328942.02258313,66770.0,-8.03708438552029e-11,70360.0,ASK
506,1712176280.61959,328942.1143147,66760.0,-3.691139498736169e-12,70360.0,ASK
507,1712176280.6227489,328953.8545134,66760.0,-4.724078213719311e-10,70360.0,ASK
508,1712176280.625223,328953.85715088,66770.0,-1.0612820125352445e-13,70360.0,ASK
509,1712176282.8030708,328958.07215088,66760.0,-1.6960521861494862e-10,70360.0,ASK
510,1712176283.3510168,328961.88781644,66760.0,-1.5353660532963648e-10,70360.0,ASK
511,1712176285.206613,328962.03459043,66770.0,-5.905963144188298e-12,70360.0,ASK
512,1712176285.9037657,328964.83987713,66760.0,-1.1288048968731128e-10,70360.0,ASK
513,1712176286.0105124,328971.38554612,66760.0,-2.6338781020726827e-10,70360.0,ASK
514,1712176286.0768,328990.16791415,66750.0,-7.55774053573854e-10,70360.0,ASK
515,1712176286.0825086,328990.38554612,66750.0,-8.757180984732426e-12,70360.0,ASK
516,1712176286.3561437,328995.11990558,66750.0,-1.9050345698975587e-10,70360.0,ASK
517,1712176286.6359298,328998.6507826,66750.0,-1.4207714563987948e-10,70360.0,ASK
518,1712176286.796117,329006.7169826,66750.0,-3.2457167601038557e-10,70360.0,ASK
519,1712176287.1396902,329016.06620861,66750.0,-3.7619870019036916e-10,70360.0,ASK
520,1712176287.5160177,329017.82648631,66750.0,-7.083090963811302e-11,70360.0,ASK
521,1712176288.036112,329022.27948631,66750.0,-1.7918197829043282e-10,70360.0,ASK
522,1712176288.9059074,329024.87950302,66750.0,-1.0462073606150679e-10,70360.0,ASK
523,1712176288.946126,329031.87940302,66750.0,-2.8166537835700105e-10,70360.0,ASK
524,1712176288.9521768,329065.27768382,66750.0,-1.3438962553755866e-09,70360.0,ASK
525,1712176289.606218,329068.57968382,66750.0,-1.3286748087008828e-10,70360.0,ASK
526,1712176290.5661964,329068.57968382,66750.0,-0.0,70360.0,ASK
527,1712176292.076553,329068.58189719,66750.0,-8.902422486200038e-14,70360.0,ASK
528,1712176293.229579,329068.73173237,66740.0,-6.026539066320326e-12,70360.0,ASK
529,1712176293.234269,329074.16945786,66740.0,-2.1871142080690503e-10,70360.0,ASK
530,1712176293.2370613,329080.85368382,66740.0,-2.688470683907413e-10,70360.0,ASK
531,1712176293.696435,329095.83168382,66740.0,-6.02431966611833e-10,70360.0,ASK
532,1712176300.5666342,329097.97800317,66750.0,-8.632737261277927e-11,70360.0,ASK
533,1712176300.5726466,329102.6947187,66750.0,-1.8971159118053367e-10,70360.0,ASK
534,1712176300.666487,329105.82268071,66750.0,-1.2581014188541666e-10,70360.0,ASK
535,1712176305.4270737,329108.71982948,66750.0,-1.1652657438051067e-10,70360.0,ASK
536,1712176305.646645,329120.55214945,66750.0,-4.759091860803962e-10,70360.0,ASK
537,1712176311.3068042,329121.64514945,66760.0,-4.396168644029134e-11,70360.0,ASK
538,1712176312.868608,329122.04914945,66760.0,-1.624933332216271e-11,70360.0,ASK
539,1712176317.0467248,329122.05005238,66760.0,-3.6316859445812624e-14,70360.0,ASK
540,1712176317.6270006,329123.58706827,66750.0,-6.182050376075863e-11,70360.0,ASK
541,1712176317.6319704,329128.82914945,66750.0,-2.1084238712744548e-10,70360.0,ASK
542,1712176317.7694695,329131.06356835,66750.0,-8.987083536869944e-11,70360.0,ASK
543,1712176319.316869,329134.78056835,66750.0,-1.4950191079571984e-10,70360.0,ASK
544,1712176320.816902,329134.78056835,66750.0,-0.0,70360.0,ASK
545,1712176326.6846075,329134.78277026,66750.0,-8.854755455935309e-14,70360.0,ASK
546,1712176327.3369937,329141.29260496,66740.0,-2.617863307465037e-10,70360.0,ASK
547,1712176327.5877082,329178.91994286,66740.0,-1.51314483064423e-09,70360.0,ASK
548,1712176327.5924242,329180.91994286,66740.0,-8.042795026656807e-11,70360.0,ASK
549,1712176327.8675346,329180.99637025,66730.0,-3.073449160319146e-12,70360.0,ASK
550,1712176327.872434,329188.98674095,66730.0,-3.2132456863396123e-10,70360.0,ASK
551,1712176328.9589398,329226.90866018,66730.0,-1.524991116922529e-09,70360.0,ASK
552,1712176330.677131,329232.56747993,66730.0,-2.2756363671062142e-10,70360.0,ASK
553,1712176340.8295422,329242.56747993,66720.0,-4.021397513328404e-10,70360.0,ASK
554,1712176340.834245,329243.90934892,66720.0,-5.3961886195361847e-11,70360.0,ASK
555,1712176340.837114,329246.27247993,66720.0,-9.503089167411092e-11,70360.0,ASK
556,1712176343.0773854,329262.67595798,66720.0,-6.5964905840063e-10,70360.0,ASK
557,1712176343.2064364,329272.83195798,66720.0,-4.0841313145432556e-10,70360.0,ASK
558,1712176344.1038587,329278.65157584,66720.0,-2.3402996790802806e-10,70360.0,ASK
559,1712176344.7080035,329282.50177531,66720.0,-1.5483182574498312e-10,70360.0,ASK
560,1712176344.7135887,329282.52057584,66720.0,-7.560440459362783e-13,70360.0,ASK
561,1712176344.8354084,329288.66743177,66720.0,-2.471895115162098e-10,70360.0,ASK
562,1712176345.227818,329311.37248499,66720.0,-9.130604455881327e-10,70360.0,ASK
563,1712176345.9446182,329317.93911968,66710.0,-2.640704841346205e-10,70360.0,ASK
564,1712176345.9542773,329318.15248499,66710.0,-8.580267270168845e-12,70360.0,ASK
565,1712176349.9472764,329332.11341242,66710.0,-5.61424388505924e-10,70360.0,ASK
566,1712176350.3919797,329340.48996887,66710.0,-3.3685463278427446e-10,70360.0,ASK
567,1712176350.787995,329340.7270903,66700.0,-9.535595289300809e-12,70360.0,ASK
568,1712176350.7904422,329356.05502005,66700.0,-6.16396985809956e-10,70360.0,ASK
569,1712176350.8174264,329356.05502005,66700.0,-0.0,70360.0,ASK
570,1712176350.887421,329366.66755494,66700.0,-4.265365031708987e-10,70360.0,ASK
571,1712176353.977851,329377.53526553,66700.0,-4.367924648145439e-10,70360.0,ASK
572,1712176353.9819586,329381.65655494,66700.0,-1.6564189345058488e-10,70360.0,ASK
573,1712176355.510964,329385.76955494,66700.0,-1.6530872743688955e-10,70360.0,ASK
574,1712176355.6074932,329385.77011775,66700.0,-2.262032657434705e-14,70360.0,ASK
575,1712176356.1480384,329386.07001278,66690.0,-1.2053310425536566e-11,70360.0,ASK
576,1712176356.1521423,329388.54147386,66690.0,-9.933238172531166e-11,70360.0,ASK
577,1712176356.156124,329388.80473378,66690.0,-1.0580880710017635e-11,70360.0,ASK
578,1712176356.160124,329428.48192856,66680.0,-1.594696469081697e-09,70360.0,ASK
579,1712176356.2877345,329428.57814931,66680.0,-3.867281725633817e-12,70360.0,ASK
580,1712176356.292245,329455.62948288,66680.0,-1.08724082857063e-09,70360.0,ASK
581,1712176357.4562712,329460.88049532,66670.0,-2.1104745543677677e-10,70360.0,ASK
582,1712176362.3756948,329462.20749532,66700.0,-5.333447150656217e-11,70360.0,ASK
583,1712176363.0279894,329513.18200892,66700.0,-2.048755646706865e-09,70360.0,ASK
584,1712176363.6775055,329513.56500892,66700.0,-1.5393445806856465e-11,70360.0,ASK
585,1712176367.332208,329516.26500892,66700.0,-1.0851776418191403e-10,70360.0,ASK
586,1712176368.3578,329517.31100892,66700.0,-4.2040585680436425e-11,70360.0,ASK
587,1712176368.5177147,329523.31100891,66700.0,-2.411505866674917e-10,70360.0,ASK
588,1712176369.0176914,329537.87814335,66700.0,-5.85478837022116e-10,70360.0,ASK
589,1712176369.383228,329612.66127227,66700.0,-3.005665906997208e-09,70360.0,ASK
590,1712176369.5975225,329616.84819232,66700.0,-1.682797046766644e-10,70360.0,ASK
591,1712176370.7676268,329620.11519232,66700.0,-1.3130649466158982e-10,70360.0,ASK
592,1712176370.9079332,329620.11572395,66700.0,-2.1367145768742303e-14,70360.0,ASK
593,1712176380.587966,329620.11572395,66700.0,-0.0,70360.0,ASK
594,1712176390.0881803,329621.26390665,66720.0,4.6112953728515435e-11,70360.0,BID
595,1712176393.506786,329624.41090665,66680.0,-1.2638882764789458e-10,70360.0,ASK
596,1712176404.4085526,329624.81590665,66670.0,-1.6265483061206618e-11,70360.0,ASK
597,1712176410.5682847,329624.81590665,66670.0,-0.0,70360.0,ASK
598,1712176410.9388578,329625.22090665,66680.0,-1.6265278305110936e-11,70360.0,ASK
599,1712176415.818477,329626.10790665,66680.0,-3.562296754429921e-11,70360.0,ASK
600,1712176416.6682408,329626.31485723,66680.0,-8.311379701028334e-12,70360.0,ASK
601,1712176423.5588117,329632.05512814,66680.0,2.3053605899233366e-10,70360.0,BID
602,1712176423.5656848,329633.81256684,66710.0,7.058081372061531e-11,70360.0,BID
603,1712176439.568846,329633.9624694,66700.0,6.0202638461438256e-12,70360.0,BID
604,1712176439.7089028,329637.45096914,66670.0,-1.4010226946643856e-10,70360.0,ASK
605,1712176440.8238602,329637.45096914,66670.0,-0.0,70360.0,ASK
606,1712176442.059011,329643.02278919,66670.0,-2.237633020639796e-10,70360.0,ASK
607,1712176442.064595,329643.87827701,66670.0,-3.435623867230244e-11,70360.0,ASK
608,1712176443.5495925,329645.80983179,66670.0,-7.757089636942169e-11,70360.0,ASK
609,1712176443.554698,329646.45689461,66670.0,-2.5985927749610755e-11,70360.0,ASK
610,1712176450.799978,329648.42103131,66670.0,-7.887938047992937e-11,70360.0,ASK
611,1712176451.6894526,329652.05324557,66670.0,-1.4586907856417648e-10,70360.0,ASK
612,1712176453.648903,329654.05324557,66670.0,-8.031964422953135e-11,70360.0,ASK
613,1712176453.6591024,329687.74073938,66660.0,-1.3528837589027821e-09,70360.0,ASK
614,1712176453.6636782,329696.48907976,66670.0,-3.5133179345904136e-10,70360.0,ASK
615,1712176454.8307698,329699.63607976,66660.0,-1.2638296019505538e-10,70360.0,ASK
616,1712176455.5845213,329708.96668221,66660.0,-3.7471533461580736e-10,70360.0,ASK
617,1712176455.5897274,329709.05234176,66660.0,-3.440072291926228e-12,70360.0,ASK
618,1712176456.1689205,329709.05234201,66660.0,-1.0040031977866229e-17,70360.0,ASK
619,1712176456.2895844,329724.64682778,66650.0,-6.26271774493627e-10,70360.0,ASK
620,1712176456.2961702,329725.17580301,66650.0,-2.1243551139972634e-11,70360.0,ASK
621,1712176457.484811,329745.64080382,66650.0,-8.21870792107541e-10,70360.0,ASK
622,1712176459.3703778,329745.97446708,66650.0,-1.339985716945282e-11,70360.0,ASK
623,1712176459.3737206,329748.78335259,66650.0,-1.1280434242086288e-10,70360.0,ASK
624,1712176462.129133,329749.94335259,66650.0,-4.658539365443725e-11,70360.0,ASK
625,1712176470.7994268,329749.94335259,66650.0,-0.0,70360.0,ASK
626,1712176471.6637638,329749.94871496,66650.0,-2.1528699310451505e-13,70360.0,ASK
627,1712176472.379078,329750.54341496,66630.0,-2.3875856188899806e-11,70360.0,ASK
628,1712176475.6735437,329758.63200659,66630.0,-3.247386086151582e-10,70360.0,ASK
629,1712176476.6394198,329764.95354932,66630.0,-2.537956030326627e-10,70360.0,ASK
630,1712176476.6452785,329781.90506459,66630.0,-6.80564891203839e-10,70360.0,ASK
631,1712176476.8796296,329786.6821659,66630.0,-1.917897828924336e-10,70360.0,ASK
632,1712176481.4192562,329789.49230651,66630.0,-1.1282077195070992e-10,70360.0,ASK
633,1712176481.519285,329791.60322892,66630.0,-8.474874708513742e-11,70360.0,ASK
634,1712176484.009644,329796.69878119,66630.0,-2.0457486667061267e-10,70360.0,ASK
635,1712176484.0162518,329802.92428792,66630.0,-2.4993997544935487e-10,70360.0,ASK
636,1712176484.0708156,329807.16924583,66630.0,-1.7042543230830035e-10,70360.0,ASK
637,1712176484.919202,329811.30616037,66630.0,-1.6608773605244468e-10,70360.0,ASK
638,1712176485.029927,329815.49042793,66630.0,-1.6798885240626468e-10,70360.0,ASK
639,1712176492.1297405,329817.96231525,66630.0,-9.924066953322691e-11,70360.0,ASK
640,1712176494.0295782,329825.46644252,66630.0,-3.0127369015213856e-10,70360.0,ASK
641,1712176497.1098163,329825.54147253,66640.0,3.012284730438147e-12,70360.0,BID
642,1712176500.3051765,329834.94283227,66620.0,-3.7744327080608976e-10,70360.0,ASK
643,1712176500.310509,329837.42390053,66630.0,-9.960926345095983e-11,70360.0,ASK
644,1712176500.4705944,329839.37535078,66620.0,-7.834630155266656e-11,70360.0,ASK
645,1712176500.4777558,329841.32704497,66620.0,-7.835609518738675e-11,70360.0,ASK
646,1712176500.4913886,329845.77549611,66620.0,-1.7859522396175594e-10,70360.0,ASK
647,1712176500.5517926,329845.77549611,66620.0,-0.0,70360.0,ASK
648,1712176500.9897008,329856.45803679,66620.0,-4.289574742721636e-10,70360.0,ASK
649,1712176501.089867,329856.53459037,66620.0,-3.07400938670213e-12,70360.0,ASK
650,1712176501.095382,329864.46362588,66620.0,-3.1839046044096756e-10,70360.0,ASK
651,1712176501.5302236,329867.99367235,66620.0,-1.417490336048831e-10,70360.0,ASK
652,1712176501.7300255,329888.50649286,66620.0,-8.23692409862056e-10,70360.0,ASK
653,1712176503.5196173,329903.23341586,66620.0,-5.913596664993052e-10,70360.0,ASK
654,1712176503.6000288,329903.23341589,66620.0,-1.2060617197403065e-18,70360.0,ASK
655,1712176503.611105,329906.23341586,66610.0,-1.204650137530577e-10,70360.0,ASK
656,1712176507.1296692,329906.23601589,66610.0,-1.0440421931050909e-13,70360.0,ASK
657,1712176507.1394398,329906.31314548,66610.0,-3.0971390700756275e-12,70360.0,ASK
658,1712176508.1403809,329906.5362711,66610.0,-8.959610383222716e-12,70360.0,ASK
659,1712176508.1515725,329941.55621548,66610.0,-1.406226041202915e-09,70360.0,ASK
660,1712176509.1996462,329941.55621554,66610.0,-2.4074487816521626e-18,70360.0,ASK
661,1712176509.5956917,329943.55621554,66600.0,-8.031000997274627e-11,70360.0,ASK
662,1712176509.6029332,329959.51621554,66600.0,-6.408738795833567e-10,70360.0,ASK
663,1712176513.1639955,329959.5219813,66600.0,-2.3152412027325493e-13,70360.0,ASK
664,1712176516.304901,329964.04072171,66570.0,-1.814500436974182e-10,70360.0,ASK
665,1712176517.0801764,329966.59133183,66570.0,-1.0241976208692523e-10,70360.0,ASK
666,1712176517.7632487,329967.03287209,66570.0,-1.7730051341354934e-11,70360.0,ASK
667,1712176517.767883,329969.95133619,66570.0,-1.1719094048758279e-10,70360.0,ASK
668,1712176517.8475275,329975.71192078,66570.0,-2.3131630293688798e-10,70360.0,ASK
669,1712176517.967208,329982.87658355,66570.0,-2.8769706925485645e-10,70360.0,ASK
670,1712176517.971923,329987.56138805,66570.0,-1.8811834805624688e-10,70360.0,ASK
671,1712176519.2102168,329990.6203434,66570.0,-1.2283236733305112e-10,70360.0,ASK
672,1712176520.3197026,329992.6203434,66570.0,-8.031000997274627e-11,70360.0,ASK
673,1712176530.5617003,329992.6203434,66570.0,-0.0,70360.0,ASK
674,1712176540.0247428,329994.59090308,66570.0,-7.909676992373302e-11,70360.0,ASK
675,1712176544.0611503,329999.29187861,66570.0,-1.8869358978619448e-10,70360.0,ASK
676,1712176544.3802526,330005.86292379,66570.0,-2.6375676617813715e-10,70360.0,ASK
677,1712176544.3862474,330013.37381458,66570.0,-3.014814556292377e-10,70360.0,ASK
678,1712176547.8603475,330047.23381458,66570.0,1.3591147006492031e-09,70360.0,BID
679,1712176547.8636923,330053.07202295,66570.0,2.343412528372008e-10,70360.0,BID
680,1712176551.1211689,330061.53600621,66570.0,-3.3973786399143244e-10,70360.0,ASK
681,1712176553.5802877,330068.12105603,66570.0,-2.6431890179564433e-10,70360.0,ASK
682,1712176554.210332,330074.31157671,66570.0,-2.48482801562596e-10,70360.0,ASK
683,1712176554.2504902,330078.89972108,66570.0,-1.8416463266060383e-10,70360.0,ASK
684,1712176555.073617,330104.29222878,66570.0,-1.0192359864558688e-09,70360.0,ASK
685,1712176557.4611812,330140.47044924,66580.0,1.452166310409695e-09,70360.0,BID
686,1712176557.6244807,330197.10271624,66580.0,-2.273176214136493e-09,70360.0,ASK
687,1712176559.6784887,330199.13750468,66580.0,-8.167486360205559e-11,70360.0,ASK
688,1712176560.1425805,330205.19303995,66580.0,-2.4306458965418656e-10,70360.0,ASK
689,1712176560.8205187,330205.19303995,66580.0,-0.0,70360.0,ASK
690,1712176579.541441,330205.20008766,66570.0,-2.82729126495796e-13,70360.0,ASK
691,1712176579.5497,330212.70948097,66550.0,-3.012502228898e-10,70360.0,ASK
692,1712176579.554423,330213.25684385,66570.0,-2.1958257185628447e-11,70360.0,ASK
693,1712176579.5592508,330213.40710681,66550.0,-6.028016954684162e-12,70360.0,ASK
694,1712176579.5621245,330222.66405995,66550.0,-3.713561244662919e-10,70360.0,ASK
695,1712176581.9250493,330222.66406022,66550.0,-1.0832458787924557e-17,70360.0,ASK
696,1712176581.9280293,330235.53150512,66540.0,-5.16196247036315e-10,70360.0,ASK
697,1712176587.9242573,330246.55213197,66530.0,-4.4210845775417026e-10,70360.0,ASK
698,1712176587.929139,330246.55213224,66540.0,-1.0830123703038176e-17,70360.0,ASK
699,1712176590.841421,330246.55213224,66540.0,-0.0,70360.0,ASK
700,1712176595.7109687,330250.35782785,66540.0,-1.5265415485749468e-10,70360.0,ASK
701,1712176595.8015022,330254.1512381,66540.0,-1.5216136419999643e-10,70360.0,ASK
702,1712176599.8708909,330256.28126019,66540.0,-8.543949787258889e-11,70360.0,ASK
703,1712176603.936026,330258.17108808,66540.0,-7.580482228044369e-11,70360.0,ASK
704,1712176607.691302,330261.58068649,66540.0,-1.3676589433893269e-10,70360.0,ASK
705,1712176607.6969705,330282.18041747,66540.0,-8.262969100253455e-10,70360.0,ASK
706,1712176607.7363653,330284.88041747,66540.0,-1.0830246566054924e-10,70360.0,ASK
707,1712176607.790935,330287.61047028,66540.0,-1.0950794470514894e-10,70360.0,ASK
708,1712176608.9356363,330293.83025841,66540.0,-2.4948829272772564e-10,70360.0,ASK
709,1712176612.1113677,330297.09216883,66540.0,-1.3084183009073907e-10,70360.0,ASK
710,1712176612.3111875,330300.38770366,66540.0,-1.3219057324424906e-10,70360.0,ASK
711,1712176613.881076,330306.78458277,66540.0,-2.565917704239264e-10,70360.0,ASK
712,1712176613.9013183,330308.98067553,66540.0,-8.808972619320609e-11,70360.0,ASK
713,1712176613.9504132,330315.42712353,66540.0,-2.5858007894552597e-10,70360.0,ASK
714,1712176615.308377,330318.0209424,66540.0,-1.0404332558997208e-10,70360.0,ASK
715,1712176616.355394,330324.97139397,66540.0,-2.787966824023073e-10,70360.0,ASK
716,1712176616.990945,330329.71015943,66540.0,-1.900814753703516e-10,70360.0,ASK
717,1712176617.6210818,330331.88017777,66540.0,-8.704382842558858e-11,70360.0,ASK
718,1712176618.821778,330334.88017777,66540.0,-1.2033607295564699e-10,70360.0,ASK
719,1712176620.5125008,330338.65253803,66540.0,-1.5131700648810102e-10,70360.0,ASK
720,1712176620.6116283,330338.65253803,66540.0,-0.0,70360.0,ASK
721,1712176621.018808,330342.46115983,66540.0,-1.5273398504531302e-10,70360.0,ASK
722,1712176621.4356022,330347.01985382,66540.0,-1.8281350479524192e-10,70360.0,ASK
723,1712176621.9750545,330351.39089705,66540.0,-1.752883027993306e-10,70360.0,ASK
724,1712176623.2014346,330360.21154672,66590.0,3.5372716051749793e-10,70360.0,BID
725,1712176624.551324,330362.42556185,66550.0,-8.8786803079012e-11,70360.0,ASK
726,1712176624.5912626,330365.19543617,66550.0,-1.1107796078991215e-10,70360.0,ASK
727,1712176625.591365,330368.74466726,66560.0,-1.4233185564008635e-10,70360.0,ASK
728,1712176625.9111617,330368.89470476,66650.0,6.016828786746117e-12,70360.0,BID
729,1712176641.3213935,330369.04226267,66590.0,-5.917391855651469e-12,70360.0,ASK
730,1712176650.55673,330369.04226267,66590.0,-0.0,70360.0,ASK
731,1712176660.9916108,330370.54241268,66650.0,6.015438582797919e-11,70360.0,BID
732,1712176661.7715695,330372.22852444,66560.0,-6.761124999953419e-11,70360.0,ASK
733,1712176661.7817633,330375.86858865,66550.0,-1.4596262071677404e-10,70360.0,ASK
734,1712176664.691707,330378.86933883,66590.0,1.203268225831674e-10,70360.0,BID
735,1712176668.9522076,330380.37106581,66590.0,6.021762061124233e-11,70360.0,BID
736,1712176671.0614862,330381.87279279,66580.0,6.021762061357639e-11,70360.0,BID
737,1712176680.8216352,330381.87279279,66580.0,0.0,70360.0,BID
738,1712176699.8722987,330386.36979279,66550.0,-1.803186382047115e-10,70360.0,ASK
739,1712176707.062656,330386.3786504,66550.0,-3.551683727124053e-13,70360.0,ASK
740,1712176707.069131,330401.39079279,66550.0,-6.019499827258211e-10,70360.0,ASK
741,1712176710.8320806,330401.39079279,66550.0,-0.0,70360.0,ASK
742,1712176711.5024028,330406.23875574,66550.0,-1.9438126511800688e-10,70360.0,ASK
743,1712176711.567279,330410.64175574,66550.0,-1.765402745727705e-10,70360.0,ASK
744,1712176713.9122288,330416.97275574,66550.0,-2.538443057741182e-10,70360.0,ASK
745,1712176716.2421982,330418.27975574,66550.0,-5.240475559217261e-11,70360.0,ASK
746,1712176718.5721622,330418.97475574,66550.0,-2.7866339048275078e-11,70360.0,ASK
747,1712176719.746266,330419.43206808,66550.0,-1.8336144915937023e-11,70360.0,ASK
748,1712176719.7528863,330425.47497906,66550.0,-2.4229324633899446e-10,70360.0,ASK
749,1712176719.7579768,330438.74639474,66540.0,-5.321234086128655e-10,70360.0,ASK
750,1712176719.7620926,330442.25091887,66510.0,-1.405154785719898e-10,70360.0,ASK
751,1712176719.7650762,330472.31706439,66520.0,-1.2055156905426626e-09,70360.0,ASK
752,1712176719.7680335,330481.38238089,66540.0,-3.634779613915143e-10,70360.0,ASK
753,1712176719.770998,330485.49678257,66520.0,-1.6496879452255288e-10,70360.0,ASK
754,1712176719.7739568,330486.24866226,66500.0,-3.0146955922253677e-11,70360.0,ASK
755,1712176719.777326,330540.32176102,66510.0,-2.168085328663844e-09,70360.0,ASK
756,1712176719.7802694,330583.56311439,66500.0,-1.7337816027381871e-09,70360.0,ASK
757,1712176719.783276,330589.6636483,66490.0,-2.446036637543497e-10,70360.0,ASK
758,1712176719.78625,330605.1636483,66480.0,-6.2147950394809e-10,70360.0,ASK
759,1712176719.7892337,330627.0768134,66470.0,-8.78618256535646e-10,70360.0,ASK
760,1712176719.792217,330629.0768134,66480.0,-8.019090373523744e-11,70360.0,ASK
761,1712176719.795211,330629.82869309,66500.0,-3.014695591991982e-11,70360.0,ASK
762,1712176719.7982051,330632.83709309,66480.0,-1.2062315739820436e-10,70360.0,ASK
763,1712176719.8012104,330634.34153118,66470.0,-6.03211250262782e-11,70360.0,ASK
764,1712176719.8042543,330635.09341087,66500.0,-3.014695591991982e-11,70360.0,ASK
765,1712176719.8072662,330637.00887257,66480.0,-7.680130239670522e-11,70360.0,ASK
766,1712176719.810278,330637.08557583,66490.0,-3.075451869918098e-12,70360.0,ASK
767,1712176719.813301,330653.68557583,66500.0,-6.65584501001537e-10,70360.0,ASK
768,1712176719.8163276,330656.69399941,66480.0,-1.2062410285055722e-10,70360.0,ASK
769,1712176719.8193614,330672.80062796,66470.0,-6.45802549775486e-10,70360.0,ASK
770,1712176719.8223948,330674.30483975,66480.0,-6.031205142411169e-11,70360.0,ASK
771,1712176719.8254209,330689.34922067,66470.0,-6.032112510562952e-10,70360.0,ASK
772,1712176730.282217,330693.27607066,66470.0,1.5744882476448986e-10,70360.0,BID
773,1712176735.3024871,330693.57668692,66530.0,1.2053344784892774e-11,70360.0,BID
774,1712176740.5524848,330693.57668692,66530.0,0.0,70360.0,BID
775,1712176741.2327511,330706.79567409,66530.0,5.29608640599958e-10,70360.0,BID
776,1712176741.4979317,330710.32983908,66530.0,1.4159362528668851e-10,70360.0,BID
777,1712176741.6748123,330733.13445771,66550.0,9.136496553603607e-10,70360.0,BID
778,1712176741.6778972,330737.49762437,66550.0,1.748069450236968e-10,70360.0,BID
779,1712176755.8827622,330741.90938907,66480.0,-1.7675398843983146e-10,70360.0,ASK
780,1712176770.5628295,330741.90938907,66480.0,-0.0,70360.0,ASK
781,1712176772.6927652,330745.09013756,66550.0,1.274178458856535e-10,70360.0,BID
782,1712176772.6988306,330746.41667988,66580.0,5.3140059777088066e-11,70360.0,BID
783,1712176787.6451845,330748.67816553,66580.0,9.059302580154564e-11,70360.0,BID
784,1712176794.972927,330750.05007646,66580.0,5.4957484378964776e-11,70360.0,BID
785,1712176794.9789543,330751.84867399,66580.0,7.205015536738394e-11,70360.0,BID
786,1712176800.6027036,330751.84867399,66580.0,0.0,70360.0,BID
787,1712176805.102892,330753.34818585,66580.0,6.007430087132451e-11,70360.0,BID
788,1712176818.1730642,330753.49985301,66580.0,6.076176417129528e-12,70360.0,BID
789,1712176821.0417075,330755.38267238,66500.0,-7.543058533680026e-11,70360.0,ASK
790,1712176821.058442,330757.27886748,66500.0,-7.596645147269276e-11,70360.0,ASK
791,1712176821.1130838,330759.18666782,66500.0,-7.643138722802819e-11,70360.0,ASK
792,1712176823.6313066,330759.72569373,66500.0,-2.1594763975920443e-11,70360.0,ASK
793,1712176823.6353266,330761.55767591,66500.0,-7.33939167852864e-11,70360.0,ASK
794,1712176823.703256,330762.91167591,66500.0,-5.4244721597742686e-11,70360.0,ASK
795,1712176825.3293257,330764.68148497,66500.0,-7.090310172819631e-11,70360.0,ASK
796,1712176826.615909,330766.00648497,66500.0,-5.3082907029586975e-11,70360.0,ASK
797,1712176828.371412,330766.45848497,66500.0,-1.810828224652333e-11,70360.0,ASK
798,1712176830.5430672,330766.45848497,66500.0,-0.0,70360.0,ASK
799,1712176834.364852,330768.537447,66500.0,-8.328532249985866e-11,70360.0,ASK
800,1712176834.368672,330769.03913013,66490.0,-2.00979338128932e-11,70360.0,ASK
801,1712176835.2011929,330775.26974014,66490.0,-2.496045413829581e-10,70360.0,ASK
802,1712176835.5452895,330778.10040045,66490.0,-1.1339911619481436e-10,70360.0,ASK
803,1712176835.5610576,330780.74829979,66490.0,-1.0607752681293747e-10,70360.0,ASK
804,1712176835.640907,330784.27803812,66490.0,-1.4140488903139546e-10,70360.0,ASK
805,1712176835.6934323,330793.83231004,66490.0,-3.8275380051388256e-10,70360.0,ASK
806,1712176835.9202476,330801.02886681,66490.0,-2.8830134597368807e-10,70360.0,ASK
1007,1712176835.9335122,330806.69782235,66490.0,-2.271040950105452e-10,70360.0,ASK
807,1712176835.9335122,330806.69782235,66490.0,-2.2710409501054517e-10,70360.0,ASK
808,1712176836.0412312,330810.63216607,66490.0,-1.5761379035009103e-10,70360.0,ASK
809,1712176836.120116,330814.54527308,66490.0,-1.5676302626095818e-10,70360.0,ASK
810,1712176838.011955,330816.48979661,66490.0,-7.789958016023278e-11,70360.0,ASK
811,1712176845.0333862,330819.07179661,66490.0,-1.0343753257178288e-10,70360.0,ASK
812,1712176845.8831923,330826.59059361,66500.0,3.0121061564266287e-10,70360.0,BID
1013,1712176846.123145,330828.86904537,66500.0,-9.12770829355458e-11,70360.0,ASK
813,1712176846.123145,330828.86904537,66500.0,-9.127708293554579e-11,70360.0,ASK
814,1712176847.1631744,330831.45204537,66500.0,-1.0347759358319427e-10,70360.0,ASK
815,1712176850.2575047,330835.57634924,66500.0,-1.6522378616804727e-10,70360.0,ASK
816,1712176850.2628784,330835.58405025,66500.0,-3.0851025422811185e-13,70360.0,ASK
817,1712176850.2659502,330838.86290062,66500.0,-1.3135406349437632e-10,70360.0,ASK
818,1712176850.3522708,330841.98953965,66500.0,-1.2525632320160443e-10,70360.0,ASK
819,1712176850.3586404,330845.11744729,66500.0,-1.2530714500219555e-10,70360.0,ASK
820,1712176850.363862,330847.5401466,66500.0,-9.705578574378636e-11,70360.0,ASK
821,1712176850.3908665,330847.95270262,66500.0,-1.652741160282591e-11,70360.0,ASK
822,1712176850.3962188,330849.32638376,66490.0,-5.5031056415148526e-11,70360.0,ASK
823,1712176850.443219,330851.09498889,66490.0,-7.085211105268818e-11,70360.0,ASK
824,1712176850.4499168,330852.31120457,66480.0,-4.872283075715976e-11,70360.0,ASK
825,1712176850.536938,330852.59920068,66480.0,-1.1537415572005944e-11,70360.0,ASK
826,1712176850.54119,330868.75706628,66480.0,-6.473004451184701e-10,70360.0,ASK
1026,1712176850.54119,330868.75706628,66480.0,-6.4730044511847e-10,70360.0,ASK
827,1712176850.5496116,330874.61596533,66480.0,-2.3471342421331853e-10,70360.0,ASK
828,1712176850.5852096,330876.72170044,66480.0,-8.435787917462035e-11,70360.0,ASK
829,1712176850.5882487,330884.94335964,66480.0,-3.2936798656050227e-10,70360.0,ASK
830,1712176850.5913265,330891.07569536,66470.0,-2.4566757388847563e-10,70360.0,ASK
831,1712176850.6233182,330895.17993436,66470.0,-1.6441996717525204e-10,70360.0,ASK
832,1712176851.0498526,330901.10182104,66470.0,-2.3723677240312624e-10,70360.0,ASK
833,1712176851.0724351,330907.01282427,66470.0,-2.3680077038677437e-10,70360.0,ASK
834,1712176852.2330823,330911.09909533,66470.0,-1.6370015331747824e-10,70360.0,ASK
835,1712176852.3135529,330913.87369663,66470.0,-1.1115333553233832e-10,70360.0,ASK
836,1712176852.3201344,330917.04794122,66470.0,-1.271634501038959e-10,70360.0,ASK
837,1712176852.343789,330918.64098638,66470.0,-6.381900101708824e-11,70360.0,ASK
838,1712176852.348192,330922.77246388,66460.0,-1.6551116904680767e-10,70360.0,ASK
839,1712176852.3512423,330922.92293032,66460.0,-6.0278378349351386e-12,70360.0,ASK
840,1712176852.433462,330952.29152418,66460.0,-1.17653558636029e-09,70360.0,ASK
841,1712176852.473492,330967.18020714,66460.0,-5.96455704349306e-10,70360.0,ASK
842,1712176852.4793105,330978.93698334,66460.0,-4.70988350554491e-10,70360.0,ASK
843,1712176852.6011643,330994.28734245,66460.0,-6.149509180600306e-10,70360.0,ASK
844,1712176852.6334782,331000.20109493,66460.0,-2.3691090812275096e-10,70360.0,ASK
845,1712176852.8217175,331010.29716659,66460.0,-4.0445884631287216e-10,70360.0,ASK
846,1712176852.8394206,331020.39350432,66460.0,-4.0446950534677336e-10,70360.0,ASK
847,1712176852.9406826,331025.09422232,66460.0,-1.8831551945681208e-10,70360.0,ASK
848,1712176852.9931648,331030.07257243,66460.0,-1.9943774270262367e-10,70360.0,ASK
849,1712176856.2032957,331033.46233304,66460.0,-1.3579723993371946e-10,70360.0,ASK
850,1712176856.4729545,331038.09233304,66460.0,-1.854824848213736e-10,70360.0,ASK
1050,1712176856.4729545,331038.09233304,66460.0,-1.8548248482137357e-10,70360.0,ASK
851,1712176858.37368,331040.27393797,66460.0,-8.739730093054069e-11,70360.0,ASK
852,1712176858.5988462,331040.34919756,66450.0,-3.014975325999132e-12,70360.0,ASK
853,1712176858.6033905,331045.3191846,66450.0,-1.99102709657676e-10,70360.0,ASK
854,1712176858.6834726,331054.07850616,66450.0,-3.5090728472837517e-10,70360.0,ASK
855,1712176858.703538,331055.67850616,66450.0,-6.409761894375392e-11,70360.0,ASK
856,1712176858.7097323,331060.65980059,66450.0,-1.9955569514232127e-10,70360.0,ASK
857,1712176858.9724753,331066.99810651,66450.0,-2.539189485075803e-10,70360.0,ASK
858,1712176858.9765692,331070.0078883,66450.0,-1.20574903927265e-10,70360.0,ASK
859,1712176858.9797251,331074.57919315,66450.0,-1.8313109772163048e-10,70360.0,ASK
860,1712176859.6434598,331081.03199324,66450.0,-2.58505700810104e-10,70360.0,ASK
861,1712176859.650703,331084.98514286,66450.0,-1.5836717373292354e-10,70360.0,ASK
862,1712176860.813518,331084.98514286,66450.0,-0.0,70360.0,ASK
863,1712176862.235272,331087.06035661,66450.0,-8.306470715305612e-11,70360.0,ASK
864,1712176862.242749,331089.12498613,66450.0,-8.264105153382702e-11,70360.0,ASK
865,1712176864.1835003,331095.80604894,66450.0,-2.6742330797579185e-10,70360.0,ASK
866,1712176864.4033213,331100.87703419,66450.0,-2.0297663542699408e-10,70360.0,ASK
867,1712176864.483583,331105.46947963,66450.0,-1.838220933091568e-10,70360.0,ASK
868,1712176864.490706,331115.80499512,66450.0,-4.137003079547177e-10,70360.0,ASK
869,1712176864.5667908,331118.98803047,66430.0,-1.2740754980258983e-10,70360.0,ASK
870,1712176864.5739348,331119.59016805,66430.0,-2.410179758703612e-11,70360.0,ASK
871,1712176866.2139137,331164.70295,66450.0,1.8057320705001478e-09,70360.0,BID
872,1712176873.2922242,331170.09401393,66430.0,-2.157884442443156e-10,70360.0,ASK
873,1712176873.298127,331170.35577761,66430.0,-1.0477630759665868e-11,70360.0,ASK
874,1712176878.3699138,331188.91540207,66440.0,7.42887218549779e-10,70360.0,BID
875,1712176880.05338,331192.25643541,66430.0,-1.3373174497155034e-10,70360.0,ASK
876,1712176880.2137396,331194.72239197,66430.0,-9.870499340442955e-11,70360.0,ASK
877,1712176880.4258118,331202.10533317,66430.0,-2.955174370363798e-10,70360.0,ASK
878,1712176881.103749,331202.18220761,66420.0,-3.077057892048848e-12,70360.0,ASK
879,1712176881.110748,331208.65739508,66420.0,-2.59182723204672e-10,70360.0,ASK
880,1712176882.9346068,331208.73270372,66420.0,-3.0143835181531946e-12,70360.0,ASK
881,1712176882.9422596,331210.22978348,66420.0,-5.992370272676802e-11,70360.0,ASK
882,1712176882.9475646,331211.28244906,66420.0,-4.213510927869036e-11,70360.0,ASK
883,1712176885.2653527,331218.95784141,66420.0,-3.0722339702850807e-10,70360.0,ASK
884,1712176885.2724602,331220.46076165,66420.0,-6.015747997454965e-11,70360.0,ASK
885,1712176890.833842,331220.46076165,66420.0,-0.0,70360.0,ASK
886,1712176892.293504,331223.63127011,66420.0,-1.2686042864283083e-10,70360.0,ASK
887,1712176897.3179235,331225.62501332,66420.0,-7.977493875546588e-11,70360.0,ASK
888,1712176897.3338728,331229.17456342,66420.0,-1.4202688712308615e-10,70360.0,ASK
889,1712176898.1937208,331233.36801608,66420.0,-1.6779113150073674e-10,70360.0,ASK
890,1712176898.3376396,331234.2715858,66420.0,-3.615421419986287e-11,70360.0,ASK
891,1712176898.3458505,331236.36216099,66420.0,-8.364944237206838e-11,70360.0,ASK
892,1712176898.8252065,331237.86750496,66430.0,6.023279347556543e-11,70360.0,BID
893,1712176900.0637915,331245.77692977,66420.0,-3.1647700498822914e-10,70360.0,ASK
894,1712176900.071576,331247.28250038,66420.0,-6.024186194241208e-11,70360.0,ASK
895,1712176900.6256878,331252.91950496,66420.0,2.255514616335791e-10,70360.0,BID
896,1712176900.6337044,331258.6306574,66430.0,2.2851831361350728e-10,70360.0,BID
897,1712176902.4540489,331263.6306574,66410.0,-2.0006322367898424e-10,70360.0,ASK
898,1712176902.460876,331265.13645471,66410.0,-6.025093280817246e-11,70360.0,ASK
899,1712176902.4668727,331266.5626574,66410.0,-5.706614155604733e-11,70360.0,ASK
900,1712176902.843938,331266.64202532,66410.0,-3.1757203863647584e-12,70360.0,ASK
901,1712176902.8485608,331270.09265209,66410.0,-1.3806870306521792e-10,70360.0,ASK
902,1712176902.9366798,331272.69060481,66410.0,-1.0395095922618335e-10,70360.0,ASK
903,1712176903.5644605,331274.19738191,66400.0,-6.029013679729342e-11,70360.0,ASK
904,1712176903.5723207,331348.68283144,66410.0,-2.9803598300304023e-09,70360.0,ASK
905,1712176903.5767305,331349.83343384,66400.0,-4.603864506382932e-11,70360.0,ASK
906,1712176903.5803092,331351.33923115,66410.0,-6.025093280817246e-11,70360.0,ASK
907,1712176903.5837853,331502.69060481,66400.0,-6.0559687445335775e-09,70360.0,ASK
1107,1712176903.5837853,331502.69060481,66400.0,-6.055968744533577e-09,70360.0,ASK
908,1712176903.624508,331510.53352302,66400.0,-3.1381590002721765e-10,70360.0,ASK
909,1712176903.63441,331525.59603243,66390.0,-6.0269083785293e-10,70360.0,ASK
910,1712176903.6379037,331533.89962127,66400.0,-3.3224855028722835e-10,70360.0,ASK
911,1712176903.641712,331536.98257606,66390.0,-1.2335717474789368e-10,70360.0,ASK
912,1712176903.6451998,331537.07910911,66400.0,-3.862542635070052e-12,70360.0,ASK
913,1712176903.648702,331544.07910911,66390.0,-2.8008851315057797e-10,70360.0,ASK
914,1712176915.9737976,331545.58210911,66420.0,-6.013900503894608e-11,70360.0,ASK
915,1712176920.53395,331545.58210911,66420.0,-0.0,70360.0,ASK
916,1712176921.464263,331545.58467972,66420.0,-1.0276812661550157e-13,70360.0,ASK
917,1712176921.4720106,331547.09010911,66420.0,-6.018422086390993e-11,70360.0,ASK
918,1712176925.0990236,331547.09025033,66420.0,-5.64570831741723e-15,70360.0,ASK
919,1712176925.6867104,331548.59627442,66400.0,-6.020799584510252e-11,70360.0,ASK
920,1712176926.7843404,331550.10168674,66390.0,-6.018353843843623e-11,70360.0,ASK
921,1712176926.7930264,331550.48310911,66390.0,-1.5248545238571325e-11,70360.0,ASK
922,1712176930.145476,331550.48394773,66390.0,-3.3526442358299576e-14,70360.0,ASK
923,1712176930.9066465,331555.40828638,66380.0,-1.9686574932664262e-10,70360.0,ASK
924,1712176930.913546,331562.15710911,66380.0,-2.6980517349370445e-10,70360.0,ASK
925,1712176932.01078,331563.91753033,66380.0,-7.037831214395564e-11,70360.0,ASK
926,1712176932.019944,331568.50110911,66380.0,-1.832428139603758e-10,70360.0,ASK
927,1712176940.2639425,331598.72667301,66380.0,-1.2083609005986079e-09,70360.0,ASK
928,1712176942.1141336,331609.11186597,66380.0,-4.1518038040949757e-10,70360.0,ASK
929,1712176942.1202726,331613.72667301,66380.0,-1.8449126075386907e-10,70360.0,ASK
930,1712176947.964008,331617.58295897,66390.0,-1.5416702202880558e-10,70360.0,ASK
931,1712176950.5940993,331617.58295897,66390.0,-0.0,70360.0,ASK
932,1712176955.014041,331619.08898306,66400.0,-6.019649362283501e-11,70360.0,ASK
933,1712176968.9147367,331619.19285922,66380.0,-4.151979140033516e-12,70360.0,ASK
934,1712176968.9228213,331630.96261458,66380.0,-4.704426763007863e-10,70360.0,ASK
935,1712176972.8143992,331644.49186658,66380.0,-5.407705873703752e-10,70360.0,ASK
936,1712176973.6039455,331646.02261458,66370.0,-6.118471997474399e-11,70360.0,ASK
937,1712176976.9144754,331659.38531575,66400.0,5.34113472096126e-10,70360.0,BID
938,1712176977.0540428,331666.85198916,66380.0,-2.9844645998320486e-10,70360.0,ASK
939,1712176977.7179646,331680.13298916,66380.0,-5.308478377730502e-10,70360.0,ASK
940,1712176980.0884204,331681.46098916,66380.0,-5.3080786729223655e-11,70360.0,ASK
941,1712176980.6041818,331681.46098916,66380.0,-0.0,70360.0,ASK
942,1712176981.6384025,331684.27422712,66380.0,-1.1242739304419703e-10,70360.0,ASK
943,1712176982.3040888,331684.74347912,66370.0,-1.875304535043485e-11,70360.0,ASK
944,1712176983.4445093,331685.72008545,66360.0,-3.9028800716380834e-11,70360.0,ASK
945,1712176983.4521751,331687.08622712,66360.0,-5.4596073519438126e-11,70360.0,ASK
946,1712176985.457302,331688.81669179,66360.0,-6.915576796900977e-11,70360.0,ASK
947,1712176988.4842331,331692.99999063,66360.0,-1.6718009268935776e-10,70360.0,ASK
948,1712176990.0791664,331696.58237089,66360.0,-1.4316516386194462e-10,70360.0,ASK
949,1712176990.2343674,331700.33280981,66360.0,-1.4988140944472255e-10,70360.0,ASK
950,1712176990.2743464,331701.77342932,66360.0,-5.757248344560026e-11,70360.0,ASK
951,1712176990.2823627,331702.9920642,66360.0,-4.8701156666059716e-11,70360.0,ASK
1151,1712176990.2823627,331702.9920642,66360.0,-4.870115666605972e-11,70360.0,ASK
952,1712176999.764434,331709.08383396,66360.0,-2.4344964872683644e-10,70360.0,ASK
953,1712177000.6042829,331712.09769773,66360.0,1.2044514238437148e-10,70360.0,BID
954,1712177000.8245523,331719.85518925,66350.0,-3.100180505752523e-10,70360.0,ASK
955,1712177000.8323474,331720.60876875,66350.0,-3.0115823772028475e-11,70360.0,ASK
956,1712177006.2743545,331721.36234826,66350.0,-3.0115824174459934e-11,70360.0,ASK
957,1712177009.2647483,331736.12004164,66350.0,-5.897720056600355e-10,70360.0,ASK
958,1712177010.5742474,331736.12004164,66350.0,-0.0,70360.0,ASK
959,1712177030.0448818,331736.57218934,66350.0,-1.8066875504394023e-11,70360.0,ASK
960,1712177030.0517623,331741.85914054,66350.0,-2.112555015233231e-10,70360.0,ASK
961,1712177030.05791,331741.88046639,66350.0,-8.521363189902154e-13,70360.0,ASK
962,1712177040.823209,331741.88046639,66350.0,-0.0,70360.0,ASK
963,1712177054.0480533,331744.87345855,66350.0,-1.1959187435814308e-10,70360.0,ASK
964,1712177055.598417,331750.89998755,66340.0,-2.408038045021711e-10,70360.0,ASK
965,1712177055.6063695,331756.94846639,66340.0,-2.4168086076406367e-10,70360.0,ASK
966,1712177056.2785425,331758.37446639,66340.0,-5.697910442588842e-11,70360.0,ASK
967,1712177059.354607,331761.52045842,66340.0,-1.257053354853966e-10,70360.0,ASK
968,1712177064.249401,331763.32932185,66350.0,-7.227729191539492e-11,70360.0,ASK
969,1712177065.374817,331770.19445842,66340.0,-2.7431229560062897e-10,70360.0,ASK
970,1712177068.6569278,331772.39245842,66340.0,-8.782613711917929e-11,70360.0,ASK
971,1712177070.8252022,331772.39245842,66340.0,-0.0,70360.0,ASK
972,1712177077.6151326,331789.07625683,66340.0,-6.66585560501893e-10,70360.0,ASK
973,1712177079.6246157,331799.64980617,66340.0,-4.2245627405108007e-10,70360.0,ASK
974,1712177079.6350365,331802.64980617,66340.0,-1.1986219398978398e-10,70360.0,ASK
975,1712177079.640948,331806.14242121,66340.0,-1.3954416715140895e-10,70360.0,ASK
976,1712177079.831392,331806.25872606,66340.0,-4.646851496470089e-12,70360.0,ASK
977,1712177079.8398328,331811.36842121,66340.0,-2.0415309043237542e-10,70360.0,ASK
978,1712177082.4706855,331816.89642121,66340.0,-2.2086606946048075e-10,70360.0,ASK
979,1712177082.4746895,331816.99642121,66340.0,-3.99540646539588e-12,70360.0,ASK
980,1712177082.4785368,331818.93610315,66340.0,-7.749817765746125e-11,70360.0,ASK
981,1712177082.4823458,331820.39062154,66340.0,-5.8113921808143466e-11,70360.0,ASK
982,1712177082.4861965,331829.96881166,66340.0,-3.8268762741130176e-10,70360.0,ASK
983,1712177082.8048286,331832.15022558,66340.0,8.715635281525869e-11,70360.0,BID
984,1712177086.4648714,331832.22562132,66330.0,-3.012366273083138e-12,70360.0,ASK
985,1712177086.468744,331837.67822558,66330.0,-2.178537031873976e-10,70360.0,ASK
986,1712177087.6848695,331839.94069463,66330.0,-9.039483472035352e-11,70360.0,ASK
987,1712177088.4852428,331842.10369463,66330.0,-8.642064186665286e-11,70360.0,ASK
988,1712177090.8149147,331842.57769463,66330.0,-1.8938226652209164e-11,70360.0,ASK
989,1712177092.3706636,331844.76101878,66330.0,-8.723267426933682e-11,70360.0,ASK
990,1712177092.37929,331846.30969463,66330.0,-6.187589505235442e-11,70360.0,ASK
991,1712177094.8150327,331846.31011022,66330.0,-1.660451011904453e-14,70360.0,ASK
992,1712177095.82488,331851.90706529,66330.0,2.2362110478571683e-10,70360.0,BID
993,1712177098.079888,331860.35097361,66320.0,-3.373684590272577e-10,70360.0,ASK
994,1712177098.0883412,331867.89131442,66310.0,-3.012672643044273e-10,70360.0,ASK
995,1712177098.0937335,331897.25796167,66320.0,-1.1733169231704451e-09,70360.0,ASK
996,1712177098.0974882,331907.08219329,66310.0,-3.92517985412531e-10,70360.0,ASK
997,1712177098.101195,331914.62367142,66300.0,-3.0131270486166797e-10,70360.0,ASK
998,1712177098.1049683,331916.4057518,66310.0,-7.120135473817721e-11,70360.0,ASK
999,1712177098.1087282,331918.21570655,66300.0,-7.231504911917135e-11,70360.0,ASK
1000,1712177098.1125302,331933.29638819,66310.0,-6.025345294111981e-10,70360.0,ASK
1201,1712177098.120386,331933.4623007,66300.0,-6.6288791534744856e-12,70360.0,ASK
1202,1712177098.1217067,332000.07588461,66310.0,-2.6614834389912423e-09,70360.0,ASK
1203,1712177098.1229155,332015.29699902,66300.0,-6.081453893828822e-10,70360.0,ASK
1204,1712177098.124122,332023.25408917,66300.0,-3.1791809438613936e-10,70360.0,ASK
1205,1712177099.5351577,332023.33756891,66330.0,3.335354928370969e-12,70360.0,BID
1206,1712177100.604817,332023.33756891,66330.0,0.0,70360.0,BID
1207,1712177103.6350126,332034.68572593,66300.0,-4.5326696990889564e-10,70360.0,ASK
1208,1712177104.4353602,332047.29915992,66330.0,5.03804538017967e-10,70360.0,BID
1209,1712177104.5249407,332089.34393983,66330.0,1.6793484577907641e-09,70360.0,BID
1210,1712177104.5263896,332098.34194041,66330.0,3.5939725287112315e-10,70360.0,BID
1211,1712177106.527897,332101.78167302,66300.0,-1.3738946109619063e-10,70360.0,ASK
1212,1712177106.535451,332102.15874692,66300.0,-1.5061048573040157e-11,70360.0,ASK
1213,1712177106.5381005,332123.48764176,66300.0,-8.51916616820288e-10,70360.0,ASK
1214,1712177106.9153657,332127.10307517,66330.0,1.444072851468438e-10,70360.0,BID
1215,1712177107.0424292,332129.50307517,66330.0,-9.586056360066376e-11,70360.0,ASK
1216,1712177107.1747787,332136.75607517,66330.0,-2.8969861158676315e-10,70360.0,ASK
1217,1712177110.295866,332143.13502447,66300.0,-2.547873646187093e-10,70360.0,ASK
1218,1712177110.2987337,332194.42740183,66300.0,-2.048715084257569e-09,70360.0,ASK
1219,1712177113.024958,332201.95347558,66300.0,3.0060569641269944e-10,70360.0,BID
1220,1712177115.4350207,332205.35477493,66300.0,-1.3585436361118035e-10,70360.0,ASK
1221,1712177121.079956,332213.29114008,66300.0,-3.16993515097404e-10,70360.0,ASK
1222,1712177121.0827718,332226.34635714,66300.0,-5.21450193881617e-10,70360.0,ASK
1223,1712177129.195176,332226.43675943,66370.0,3.610839362320369e-12,70360.0,BID
1224,1712177130.5665424,332226.43675943,66370.0,0.0,70360.0,BID
1225,1712177134.1013513,332274.23290703,66370.0,1.908042627795952e-09,70360.0,BID
1226,1712177134.1950278,332313.71656438,66370.0,-1.576204466426841e-09,70360.0,ASK
1227,1712177134.2748196,332326.56172369,66370.0,-5.127842463265158e-10,70360.0,ASK
1228,1712177134.318066,332377.76021684,66380.0,2.043865715427375e-09,70360.0,BID
1229,1712177134.3357012,332383.82021684,66380.0,-2.4191778846296003e-10,70360.0,ASK
1230,1712177134.575263,332393.82021684,66450.0,3.9920427139117647e-10,70360.0,BID
1231,1712177135.0946517,332397.77054394,66380.0,-1.5769874517120847e-10,70360.0,ASK
1232,1712177135.4250488,332400.59644927,66380.0,-1.1281134782652384e-10,70360.0,ASK
1233,1712177136.6853285,332402.08344927,66350.0,5.936167515677883e-11,70360.0,BID
1234,1712177145.3853407,332402.53344927,66350.0,1.7964192213067678e-11,70360.0,BID
1235,1712177146.2162912,332406.31045916,66350.0,-1.5077984811776403e-10,70360.0,ASK
1236,1712177160.5953298,332406.31045916,66350.0,-0.0,70360.0,ASK
1237,1712177162.22511,332417.4516816,66420.0,4.445504718196827e-10,70360.0,BID
1238,1712177162.313361,332495.29676886,66420.0,3.1061286547914093e-09,70360.0,BID
1239,1712177162.3851287,332565.76923671,66420.0,2.811950753314788e-09,70360.0,BID
1240,1712177162.4875033,332576.91045916,66420.0,4.445504722191641e-10,70360.0,BID
1241,1712177162.5655427,332628.71045916,66430.0,2.066892979138817e-09,70360.0,BID
1242,1712177163.5452948,332632.03245916,66420.0,-1.3255248024693369e-10,70360.0,ASK
1243,1712177163.9963326,332634.52611965,66430.0,-9.950056677754327e-11,70360.0,ASK
1244,1712177165.815506,332640.04011965,66430.0,-2.2001636847538623e-10,70360.0,ASK
1245,1712177166.672125,332643.04986378,66440.0,-1.2009303110457563e-10,70360.0,ASK
1246,1712177168.076028,332647.81756563,66430.0,-1.9023802085862547e-10,70360.0,ASK
1247,1712177168.0797324,332651.74220329,66430.0,-1.5659857191257744e-10,70360.0,ASK
1248,1712177168.0825818,332651.83566925,66430.0,-3.729423484897472e-12,70360.0,ASK
1249,1712177168.1356509,332655.81483535,66430.0,-1.5877433349169908e-10,70360.0,ASK
1250,1712177178.2958791,332661.14916793,66430.0,2.1284738529100822e-10,70360.0,BID
1251,1712177185.6295524,332694.20916793,66500.0,1.3191405770335874e-09,70360.0,BID
1252,1712177185.6353197,332707.06346444,66500.0,5.129045407003049e-10,70360.0,BID
1253,1712177185.7064502,332729.98663837,66500.0,-9.14666935435681e-10,70360.0,ASK
1254,1712177185.7094502,332732.68663837,66500.0,-1.0773380393011222e-10,70360.0,ASK
1255,1712177185.7265737,332755.75437934,66500.0,-9.204353640057315e-10,70360.0,ASK
1256,1712177185.7283852,332801.75813465,66500.0,-1.8356146498906398e-09,70360.0,ASK
1257,1712177185.7489126,332816.79413465,66500.0,-5.99957583673034e-10,70360.0,ASK
1258,1712177185.7695508,332825.56924471,66500.0,-3.5013925432795725e-10,70360.0,ASK
1259,1712177185.8099926,332834.32773707,66500.0,-3.4947618468620576e-10,70360.0,ASK
1260,1712177185.826232,332849.34428884,66500.0,-5.991815718990561e-10,70360.0,ASK
1261,1712177185.8458486,332861.14916793,66500.0,-4.710313071562285e-10,70360.0,ASK
1262,1712177185.865487,332864.40078493,66430.0,1.29744099384041e-10,70360.0,BID
1263,1712177190.5457127,332864.40078493,66430.0,0.0,70360.0,BID
1264,1712177210.6453602,332869.46983204,66420.0,2.0201672595067388e-10,70360.0,BID
1265,1712177220.3056507,332878.72257801,66390.0,-3.6874966957919536e-10,70360.0,ASK
1266,1712177220.8741298,332878.72257801,66390.0,-0.0,70360.0,ASK
1267,1712177221.2069826,332879.02357801,66420.0,-1.1995297880161778e-11,70360.0,ASK
1268,1712177226.2753105,332879.02369213,66420.0,-4.547852570449675e-15,70360.0,ASK
1269,1712177236.816136,332880.7252793,66420.0,6.781078064746121e-11,70360.0,BID
1270,1712177236.819136,332885.04597457,66420.0,1.7218613560311072e-10,70360.0,BID
1271,1712177237.1956298,332885.1363088,66420.0,3.599953482518256e-12,70360.0,BID
1272,1712177240.775748,332885.2869112,66400.0,-6.001729731047625e-12,70360.0,ASK
1273,1712177240.7795594,332885.90335502,66390.0,-2.456620348144203e-11,70360.0,ASK
1274,1712177241.7419324,332891.42335502,66390.0,-2.1998021363333343e-10,70360.0,ASK
1275,1712177243.985812,332894.34412715,66390.0,-1.1639711542277263e-10,70360.0,ASK
1276,1712177244.5162115,332896.18366816,66390.0,-7.330844644212849e-11,70360.0,ASK
1277,1712177244.5202105,332899.86312715,66390.0,-1.4663191570133523e-10,70360.0,ASK
1278,1712177250.460349,332900.14909666,66430.0,1.1396310490892948e-11,70360.0,BID
1279,1712177250.4665473,332902.24590371,66420.0,8.356088094278704e-11,70360.0,BID
1280,1712177250.4691725,332903.17519952,66430.0,3.703382079912472e-11,70360.0,BID
1281,1712177250.8058796,332903.17519952,66430.0,0.0,70360.0,BID
1282,1712177255.225767,332904.60119952,66400.0,-5.6824544882355495e-11,70360.0,ASK
1283,1712177257.8956802,332906.13619952,66400.0,-6.116807601517192e-11,70360.0,ASK
1284,1712177263.3164778,332906.13737867,66400.0,-4.6987839848485166e-14,70360.0,ASK
1285,1712177263.319871,332906.78419952,66400.0,-2.5775105486642515e-11,70360.0,ASK
1286,1712177264.1657767,332920.84600337,66430.0,5.60347548396567e-10,70360.0,BID
1287,1712177264.1691024,332932.31621908,66430.0,4.570755872603132e-10,70360.0,BID
1288,1712177265.6656628,332932.40521907,66440.0,3.546552541692808e-12,70360.0,BID
1289,1712177266.435741,332935.06240207,66440.0,1.0588584477325984e-10,70360.0,BID
1290,1712177266.4763992,332936.2811558,66440.0,4.8566007035273206e-11,70360.0,BID
1291,1712177266.4790044,332963.41271289,66440.0,1.0811629618618191e-09,70360.0,BID
1292,1712177266.4955833,332964.47871289,66440.0,-4.247893747900712e-11,70360.0,ASK
1293,1712177268.044124,332980.07871289,66530.0,6.216429875016253e-10,70360.0,BID
1294,1712177268.1755402,332984.82619106,66530.0,-1.8918182773847437e-10,70360.0,ASK
1295,1712177268.2156043,332985.30251406,66530.0,-1.8980952097706544e-11,70360.0,ASK
1296,1712177269.825585,332988.69951406,66530.0,-1.3536674541951509e-10,70360.0,ASK
1297,1712177270.4662416,333065.84247457,66530.0,-3.074062848475501e-09,70360.0,ASK
1298,1712177272.3789508,333067.07347457,66530.0,-4.905400754061476e-11,70360.0,ASK
1299,1712177279.6165938,333067.0741009,66530.0,-2.4958566378206305e-14,70360.0,ASK
1300,1712177279.620123,333072.58347457,66530.0,-2.1954253253265108e-10,70360.0,ASK
1301,1712177280.605698,333072.58347457,66530.0,-0.0,70360.0,ASK
1302,1712177283.0456362,333075.04547457,66530.0,-9.806399507189295e-11,70360.0,ASK
1303,1712177284.3558762,333077.0741009,66530.0,-8.080227555822188e-11,70360.0,ASK
1304,1712177284.358451,333077.21545247,66530.0,-5.630178581006644e-12,70360.0,ASK
1305,1712177287.2884707,333077.96699312,66530.0,-2.993463793473802e-11,70360.0,ASK
1306,1712177287.2900417,333092.85645471,66530.0,-5.93062586510415e-10,70360.0,ASK
1307,1712177294.7957883,333105.71075122,66510.0,-5.1199986580369e-10,70360.0,ASK
1308,1712177294.8057115,333156.37823837,66500.0,-2.0181381844775526e-09,70360.0,ASK
1309,1712177302.801359,333161.48223837,66530.0,-2.0329757548588955e-10,70360.0,ASK
1310,1712177310.566211,333161.48223837,66530.0,-0.0,70360.0,ASK
1311,1712177312.4974546,333164.78523837,66530.0,-1.3153091455033868e-10,70360.0,ASK
1312,1712177325.6159475,333166.20623837,66540.0,-5.658656662781168e-11,70360.0,ASK
1313,1712177328.6260936,333171.71523837,66540.0,-2.193774775226408e-10,70360.0,ASK
1314,1712177330.6248796,333178.64723837,66540.0,-2.760436874523847e-10,70360.0,ASK
1315,1712177333.2866538,333182.82723837,66540.0,-1.6645450282311539e-10,70360.0,ASK
1316,1712177335.88604,333182.8302038,66540.0,-1.1808831858975018e-13,70360.0,ASK
1317,1712177336.6468046,333189.92548096,66530.0,-2.8254565359935647e-10,70360.0,ASK
1318,1712177336.650507,333196.21423837,66530.0,-2.5042870527433223e-10,70360.0,ASK
1319,1712177337.6060798,333198.49899137,66530.0,-9.098263748477708e-11,70360.0,ASK
1320,1712177339.0163095,333209.92548096,66530.0,-4.550216850929272e-10,70360.0,ASK
1321,1712177339.020517,333211.42399137,66530.0,-5.96731591559878e-11,70360.0,ASK
1322,1712177340.8559349,333211.42399137,66530.0,-0.0,70360.0,ASK
1323,1712177343.716257,333211.42856227,66530.0,-1.819967044973213e-13,70360.0,ASK
1324,1712177343.720646,333218.35599137,66530.0,-2.7582516959187416e-10,70360.0,ASK
1325,1712177347.4271078,333223.86499137,66530.0,-2.1934845342447603e-10,70360.0,ASK
1326,1712177347.6360502,333261.11326318,66530.0,-1.4830914529369955e-09,70360.0,ASK
1327,1712177347.6608331,333271.54277928,66530.0,-4.152656065505485e-10,70360.0,ASK
1328,1712177348.136067,333325.64160903,66530.0,2.154019720039925e-09,70360.0,BID
1329,1712177348.945954,333330.64160903,66500.0,-1.9908191452503064e-10,70360.0,ASK
1330,1712177349.506684,333331.54560903,66490.0,-3.5994010145346824e-11,70360.0,ASK
1331,1712177351.2761276,333332.14469034,66490.0,-2.3853250829313487e-11,70360.0,ASK
1332,1712177351.279219,333335.14260903,66490.0,-1.1936627848034586e-10,70360.0,ASK
1333,1712177357.185964,333336.64552772,66490.0,-5.984078603522947e-11,70360.0,ASK
1334,1712177357.1876905,333336.64760903,66490.0,-8.287023699016783e-14,70360.0,ASK
1335,1712177363.6461987,333336.94827048,66520.0,1.197125141641748e-11,70360.0,BID
1336,1712177364.5315547,333338.45220361,66490.0,-5.988117736787398e-11,70360.0,ASK
1337,1712177364.5360217,333338.45327048,66490.0,-4.2478904345655367e-14,70360.0,ASK
1338,1712177370.8359797,333338.45327048,66490.0,-0.0,70360.0,ASK
1339,1712177382.3114674,333338.45332291,66490.0,-2.086871827153328e-15,70360.0,ASK
1340,1712177382.3162432,333343.96927048,66490.0,-2.1955120583773743e-10,70360.0,ASK
1341,1712177384.5233464,333345.83227048,66490.0,-7.415297032638419e-11,70360.0,ASK
1342,1712177385.1863909,333348.4957251,66500.0,1.0601345754199012e-10,70360.0,BID
1343,1712177387.4622872,333363.5307251,66500.0,-5.98437954295415e-10,70360.0,ASK
1344,1712177388.0758812,333373.5307251,66500.0,-3.9802989976329724e-10,70360.0,ASK
1345,1712177388.816546,333388.2681729,66500.0,-5.865944870600166e-10,70360.0,ASK
1346,1712177390.474229,333393.7781729,66500.0,-2.1931447476994755e-10,70360.0,ASK
1347,1712177392.901592,333395.6421729,66500.0,-7.419277331593424e-11,70360.0,ASK
1348,1712177394.9159338,333397.6421729,66520.0,7.960597995265946e-11,70360.0,BID
1349,1712177395.5462904,333401.1621729,66500.0,-1.4010652471510524e-10,70360.0,ASK
1350,1712177399.053674,333402.87316702,66500.0,-6.810268180747152e-11,70360.0,ASK
1351,1712177399.0571475,333402.87327628,66500.0,-4.348875826913817e-15,70360.0,ASK
1352,1712177399.2660396,333404.9061729,66500.0,8.091536378832107e-11,70360.0,BID
1353,1712177400.5915668,333404.9061729,66500.0,0.0,70360.0,BID
1354,1712177400.8166287,333407.70794846,66500.0,-1.1169489679283063e-10,70360.0,ASK
1355,1712177400.8213344,333521.67606058,66490.0,-4.5434247848335925e-09,70360.0,ASK
1356,1712177402.5664132,333522.32006058,66470.0,-2.567354593204897e-11,70360.0,ASK
1357,1712177404.3328793,333547.15123258,66470.0,-9.89913408257887e-10,70360.0,ASK
1358,1712177405.1425936,333550.29823258,66470.0,-1.2545752958339822e-10,70360.0,ASK
1359,1712177405.2364411,333571.98240554,66470.0,-8.64455916944048e-10,70360.0,ASK
1360,1712177405.2408688,333571.98240558,66460.0,-1.5941782260226461e-18,70360.0,ASK
1361,1712177407.2263312,333587.73467958,66460.0,-6.279762889628288e-10,70360.0,ASK
1362,1712177408.0663102,333594.91167958,66460.0,-2.8611652043746444e-10,70360.0,ASK
1363,1712177408.146111,333617.80720241,66460.0,-9.12747293542085e-10,70360.0,ASK
1364,1712177415.036455,333623.32520241,66420.0,-2.199792336318804e-10,70360.0,ASK
1365,1712177419.056294,333624.10120241,66420.0,-3.0935825534916046e-11,70360.0,ASK
1366,1712177429.0068457,333626.49797716,66420.0,-9.554923390510904e-11,70360.0,ASK
1367,1712177430.5601716,333626.49797716,66420.0,-0.0,70360.0,ASK
1368,1712177434.2464545,333633.33273446,66420.0,-2.7231284136000554e-10,70360.0,ASK
1369,1712177437.4363637,333666.56284678,66420.0,-1.323966003082603e-09,70360.0,ASK
1370,1712177438.867524,333672.09032968,66420.0,-2.2022794782533536e-10,70360.0,ASK
1371,1712177441.5368114,333677.61232968,66420.0,-2.2000949616475279e-10,70360.0,ASK
1372,1712177443.2117982,333680.29509425,66420.0,-1.0688766413867284e-10,70360.0,ASK
1373,1712177443.2192469,333681.63668483,66420.0,-5.3452131033462295e-11,70360.0,ASK
1374,1712177443.932828,333684.89745556,66420.0,-1.29916791997665e-10,70360.0,ASK
1375,1712177443.936846,333687.15668483,66420.0,-9.001301945364747e-11,70360.0,ASK
1376,1712177444.411553,333689.50450163,66420.0,-9.354255546096259e-11,70360.0,ASK
1377,1712177446.500197,333695.02450163,66410.0,-2.1992981144899326e-10,70360.0,ASK
1378,1712177448.8527682,333700.54550163,66410.0,-2.199696538080326e-10,70360.0,ASK
1379,1712177450.8563757,333706.06550163,66410.0,-2.199298114513125e-10,70360.0,ASK
1380,1712177451.2064016,333708.34250163,66410.0,-9.072104722343447e-11,70360.0,ASK
1381,1712177452.826687,333753.256222,66410.0,-1.789468487774127e-09,70360.0,ASK
1382,1712177454.476239,333756.364222,66400.0,-1.238300460126832e-10,70360.0,ASK
1383,1712177459.196507,333757.11712065,66410.0,2.999725690911571e-11,70360.0,BID
1384,1712177460.8464136,333757.11712065,66410.0,0.0,70360.0,BID
1385,1712177462.9966004,333761.45050163,66410.0,1.7259245899261175e-10,70360.0,BID
1386,1712177463.637175,333766.96850163,66410.0,-2.1977416550989936e-10,70360.0,ASK
1387,1712177465.9636662,333768.07392915,66420.0,4.402762064888724e-11,70360.0,BID
1388,1712177466.0569892,333770.09316735,66420.0,8.04234125349544e-11,70360.0,BID
1389,1712177481.0970583,333774.55016735,66420.0,-1.775160303877709e-10,70360.0,ASK
1390,1712177487.906651,333783.49967456,66420.0,-3.564462629228384e-10,70360.0,ASK
1391,1712177490.7624986,333787.01672905,66420.0,-1.4007932504628028e-10,70360.0,ASK
1392,1712177490.7657702,333793.49967456,66420.0,-2.582065856290055e-10,70360.0,ASK
1393,1712177490.8485937,333793.49967456,66420.0,-0.0,70360.0,ASK
1394,1712177493.9166894,333797.13644706,66420.0,-1.44833585484968e-10,70360.0,ASK
1395,1712177502.916843,333799.13644706,66430.0,-7.964951642418947e-11,70360.0,ASK
1396,1712177507.09687,333826.73157899,66420.0,-1.0989694569439827e-09,70360.0,ASK
1397,1712177507.1011024,333828.89303984,66420.0,-8.607965573537653e-11,70360.0,ASK
1398,1712177507.382661,333832.71303984,66420.0,-1.5213057637048007e-10,70360.0,ASK
1399,1712177520.566763,333832.71303984,66420.0,-0.0,70360.0,ASK
1400,1712177531.0266926,333832.7156104,66420.0,-1.023613139854676e-13,70360.0,ASK
1401,1712177531.0667274,333838.23503984,66420.0,2.19787145177593e-10,70360.0,BID
1402,1712177531.9068215,333854.50888941,66420.0,-6.480349059527718e-10,70360.0,ASK
1403,1712177535.3983753,333858.50488941,66420.0,-1.5912322852904982e-10,70360.0,ASK
1404,1712177536.9909694,333859.48255994,66410.0,-3.8931454248493917e-11,70360.0,ASK
1405,1712177536.996615,333893.45887563,66420.0,-1.352958219752576e-09,70360.0,ASK
1406,1712177536.9997854,333962.47171012,66410.0,-2.748134392900335e-09,70360.0,ASK
1407,1712177540.247029,333966.24814397,66400.0,-1.5037996660170854e-10,70360.0,ASK
1408,1712177540.2517169,333966.83217523,66400.0,-2.325649140669784e-11,70360.0,ASK
1409,1712177544.5867124,333968.54316935,66400.0,-6.813285995192143e-11,70360.0,ASK
1410,1712177548.270811,333985.0277839,66400.0,-6.564276997639881e-10,70360.0,ASK
1411,1712177548.275067,334000.15852056,66400.0,-6.025154322766024e-10,70360.0,ASK
1412,1712177548.2791672,334031.97183381,66400.0,-1.2668261047446899e-09,70360.0,ASK
1413,1712177549.6127985,334037.24291814,66400.0,-2.0989788699920407e-10,70360.0,ASK
1414,1712177550.5969417,334037.24291814,66400.0,-0.0,70360.0,ASK
1415,1712177551.636849,334042.75991814,66400.0,-2.1957164345952168e-10,70360.0,ASK
1416,1712177555.577165,334043.76891814,66400.0,-4.015729350055691e-11,70360.0,ASK
1417,1712177564.9169729,334045.27335623,66470.0,5.987528437731006e-11,70360.0,BID
1418,1712177567.2668762,334054.27335623,66410.0,-3.581919142900788e-10,70360.0,ASK
1419,1712177568.3568978,334059.53362665,66470.0,2.0935403682465847e-10,70360.0,BID
1420,1712177580.8270242,334059.53362665,66470.0,0.0,70360.0,BID
1421,1712177583.2970047,334059.66155654,66470.0,5.091194668375642e-12,70360.0,BID
1422,1712177598.0674386,334066.10441387,66470.0,2.5640482366228176e-10,70360.0,BID
1423,1712177598.0753715,334079.66155654,66460.0,5.395303042735671e-10,70360.0,BID
1424,1712177599.4372942,334086.85255654,66440.0,-2.8617847524900087e-10,70360.0,ASK
1425,1712177610.846918,334086.85255654,66440.0,-0.0,70360.0,ASK
1426,1712177616.8180175,334101.50886608,66440.0,-5.83231440498094e-10,70360.0,ASK
1427,1712177624.0472202,334106.66915654,66440.0,-2.0534798546285883e-10,70360.0,ASK
1428,1712177624.2074893,334112.97264754,66440.0,2.5084037192561073e-10,70360.0,BID
1429,1712177624.2131965,334112.97264821,66440.0,2.666302993666004e-17,70360.0,BID
1430,1712177640.57034,334112.97264821,66440.0,0.0,70360.0,BID
1431,1712177644.404719,334124.43643034,66480.0,4.5615688228912403e-10,70360.0,BID
