,time,acc_trade_volume,trade_price,dev,high,ask_bid
0,1712173460.2384398,10423054.17521259,447.5,0.0,462.5,BID
1,1712173470.2122796,10423054.17521259,447.5,0.0,462.5,BID
2,1712173500.1752677,10423054.17521259,447.5,0.0,462.5,BID
3,1712173530.1438572,10423054.17521259,447.5,0.0,462.5,BID
4,1712173560.2323685,10423054.17521259,447.5,0.0,462.5,BID
5,1712173590.2221284,10423054.17521259,447.5,0.0,462.5,BID
6,1712173620.1422684,10423054.17521259,447.5,0.0,462.5,BID
7,1712173650.152445,10423054.17521259,447.5,0.0,462.5,BID
8,1712173680.221958,10423054.17521259,447.5,0.0,462.5,BID
9,1712173710.222341,10423054.17521259,447.5,0.0,462.5,BID
10,1712173740.1426375,10423054.17521259,447.5,0.0,462.5,BID
11,1712173770.1423788,10423054.17521259,447.5,0.0,462.5,BID
12,1712173800.1619165,10423054.17521259,447.5,0.0,462.5,BID
13,1712173830.132082,10423054.17521259,447.5,0.0,462.5,BID
14,1712173860.222003,10423054.17521259,447.5,0.0,462.5,BID
15,1712173873.541811,10423058.87096204,447.0,-9.057095353980119e-10,462.5,ASK
16,1712173873.5427666,10423070.0588815,447.0,-2.157910136235377e-09,462.5,ASK
17,1712173890.2218945,10423070.0588815,447.0,-0.0,462.5,ASK
18,1712173893.6719882,10423132.477226,447.0,-1.2039145822206292e-08,462.5,ASK
19,1712173893.6820033,10423203.0818826,447.0,-1.3618107999226773e-08,462.5,ASK
20,1712173893.682737,10423270.19597655,447.0,-1.2944854117292953e-08,462.5,ASK
21,1712173920.1419446,10423270.19597655,447.0,-0.0,462.5,ASK
22,1712173950.1423542,10423270.19597655,447.0,-0.0,462.5,ASK
23,1712173971.6917844,10423359.68143516,447.1,-1.7259507676499664e-08,462.5,ASK
24,1712173980.2218623,10423359.68143516,447.1,-0.0,462.5,ASK
25,1712174010.2115984,10423359.68143516,447.1,-0.0,462.5,ASK
26,1712174040.1416266,10423359.68143516,447.1,-0.0,462.5,ASK
27,1712174063.3714104,10424268.40712282,447.6,-1.7526911294989844e-07,462.5,ASK
28,1712174070.151604,10424268.40712282,447.6,-0.0,462.5,ASK
29,1712174100.2114716,10424268.40712282,447.6,-0.0,462.5,ASK
30,1712174130.2117472,10424268.40712282,447.6,-0.0,462.5,ASK
31,1712174160.1723244,10424268.40712282,447.6,-0.0,462.5,ASK
32,1712174190.1623473,10424268.40712282,447.6,-0.0,462.5,ASK
33,1712174194.712078,10424357.51382809,448.9,1.7185959895136824e-08,462.5,BID
34,1712174220.182447,10424357.51382809,448.9,0.0,462.5,BID
35,1712174250.162349,10424357.51382809,448.9,0.0,462.5,BID
36,1712174280.232605,10424357.51382809,448.9,0.0,462.5,BID
37,1712174310.2227402,10424357.51382809,448.9,0.0,462.5,BID
38,1712174340.1349225,10424357.51382809,448.9,0.0,462.5,BID
39,1712174361.1627228,10424436.76580096,448.0,-1.5285165304349712e-08,462.5,ASK
40,1712174370.1437306,10424436.76580096,448.0,-0.0,462.5,ASK
41,1712174372.1826067,10425285.13805532,449.5,1.636226945534202e-07,462.5,BID
42,1712174400.186126,10425285.13805532,449.5,0.0,462.5,BID
43,1712174417.4228003,10425340.57122394,448.1,-1.0694305332969784e-08,462.5,ASK
44,1712174426.109243,10429473.16304974,448.1,-7.972699360685255e-07,462.5,ASK
45,1712174426.1626985,10429750.43469474,448.1,5.3491938231798024e-08,462.5,BID
46,1712174426.1875343,10430214.81571604,448.1,8.958954640781468e-08,462.5,BID
47,1712174426.1927288,10430919.38574804,448.9,1.3592741021795121e-07,462.5,BID
48,1712174426.3652425,10432076.7698826,448.8,-2.2328543777473146e-07,462.5,ASK
49,1712174426.372746,10432076.76988261,448.8,-1.7967307704750534e-18,462.5,ASK
50,1712174430.1532338,10432076.76988261,448.8,-0.0,462.5,ASK
51,1712174460.213088,10432076.76988261,448.8,-0.0,462.5,ASK
52,1712174490.2333386,10432076.76988261,448.8,-0.0,462.5,ASK
53,1712174520.1454654,10432076.76988261,448.8,-0.0,462.5,ASK
54,1712174546.2631328,10432076.76988358,447.7,-1.8710943971256078e-16,462.5,ASK
55,1712174546.273038,10432845.13940158,447.7,-1.48148745020085e-07,462.5,ASK
56,1712174547.053157,10433735.18464258,447.6,-1.7160894904927705e-07,462.5,ASK
57,1712174547.6534169,10433735.18464286,447.6,-5.4229415348554077e-17,462.5,ASK
58,1712174547.733258,10434934.25392186,447.6,2.311916398488581e-07,462.5,BID
59,1712174550.1431837,10434934.25392186,447.6,0.0,462.5,BID
60,1712174559.653211,10435026.48606471,448.0,1.777882502306736e-08,462.5,BID
61,1712174580.2232118,10435026.48606471,448.0,0.0,462.5,BID
62,1712174610.2233608,10435026.48606471,448.0,0.0,462.5,BID
63,1712174640.1433923,10435026.48606471,448.0,0.0,462.5,BID
64,1712174670.143239,10435026.48606471,448.0,0.0,462.5,BID
65,1712174672.2941215,10435093.60015866,447.0,-1.2936924073608267e-08,462.5,ASK
66,1712174672.2960527,10435160.74429473,446.8,-1.2942714997598048e-08,462.5,ASK
67,1712174672.2979083,10435291.48191998,447.0,-2.520100670196576e-08,462.5,ASK
68,1712174672.2997973,10435580.05846371,446.8,-5.5626063259326537e-08,462.5,ASK
69,1712174700.2233646,10435580.05846371,446.8,-0.0,462.5,ASK
70,1712174716.8436077,10435580.05846426,446.8,-1.064851575130222e-16,462.5,ASK
71,1712174716.8455176,10441735.06629771,446.8,-1.1887645643988322e-06,462.5,ASK
72,1712174716.8631728,10441735.06629774,446.8,-5.7559544601633616e-18,462.5,ASK
73,1712174717.0432053,10442085.49522952,447.0,6.768106681790295e-08,462.5,BID
74,1712174730.223473,10442085.49522952,447.0,0.0,462.5,BID
75,1712174733.2140205,10442096.69316951,446.6,-2.161531828776234e-09,462.5,ASK
76,1712174733.2154417,10442365.4501668,446.5,-5.187800652271693e-08,462.5,ASK
77,1712174733.2169125,10442432.63941652,446.5,-1.2969501707532042e-08,462.5,ASK
78,1712174733.313351,10442432.63941811,446.5,-3.0705169250398924e-16,462.5,ASK
79,1712174733.3960028,10443050.65040211,446.5,1.1929429999011712e-07,462.5,BID
80,1712174738.8735142,10443784.883094,446.5,1.4172850851605305e-07,462.5,BID
81,1712174738.9331048,10444124.42829689,446.5,6.554221258602384e-08,462.5,BID
82,1712174760.1636157,10444124.42829689,446.5,0.0,462.5,BID
83,1712174782.830804,10444135.64130137,446.0,-2.1640594259232704e-09,462.5,ASK
84,1712174782.8326204,10444149.09421616,446.0,-2.596352040529639e-09,462.5,ASK
85,1712174782.9634492,10445154.55329616,446.0,1.9404907966390169e-07,462.5,BID
86,1712174783.693612,10445198.66381994,446.0,8.513132670862016e-09,462.5,BID
87,1712174790.1434522,10445198.66381994,446.0,0.0,462.5,BID
88,1712174820.2354724,10445198.66381994,446.0,0.0,462.5,BID
89,1712174850.223717,10445198.66381994,446.0,0.0,462.5,BID
90,1712174880.155321,10445198.66381994,446.0,0.0,462.5,BID
91,1712174910.1406703,10445198.66381994,446.0,0.0,462.5,BID
92,1712174940.2252798,10445198.66381994,446.0,0.0,462.5,BID
93,1712174970.2135315,10445198.66381994,446.0,0.0,462.5,BID
94,1712175000.183705,10445198.66381994,446.0,0.0,462.5,BID
95,1712175030.1434996,10445198.66381994,446.0,0.0,462.5,BID
96,1712175060.223691,10445198.66381994,446.0,0.0,462.5,BID
97,1712175090.2233524,10445198.66381994,446.0,0.0,462.5,BID
98,1712175120.1538424,10445198.66381994,446.0,0.0,462.5,BID
99,1712175143.9040956,10446240.92277694,447.0,2.011544996318009e-07,462.5,BID
100,1712175143.906159,10446270.92277694,447.0,5.78995742702186e-09,462.5,BID
101,1712175143.9636526,10447555.56344751,447.0,2.479338263876554e-07,462.5,BID
102,1712175143.9834902,10450378.87841221,447.0,5.44895781622626e-07,462.5,BID
103,1712175150.154221,10450378.87841221,447.0,0.0,462.5,BID
104,1712175180.2238665,10450378.87841221,447.0,0.0,462.5,BID
105,1712175210.2336032,10450378.87841221,447.0,0.0,462.5,BID
106,1712175214.4234035,10450914.25707251,447.9,1.03281165432295e-07,462.5,BID
107,1712175240.1735744,10450914.25707251,447.9,0.0,462.5,BID
108,1712175270.1537788,10450914.25707251,447.9,0.0,462.5,BID
109,1712175279.2439225,10452284.62479533,447.9,-2.643486545282972e-07,462.5,ASK
110,1712175279.263362,10455354.98379555,447.9,-5.922828282588417e-07,462.5,ASK
111,1712175279.2833674,10456242.98379555,446.5,-1.712982590818636e-07,462.5,ASK
112,1712175300.1834433,10456242.98379555,446.5,-0.0,462.5,ASK
113,1712175330.148761,10456242.98379555,446.5,-0.0,462.5,ASK
114,1712175360.2340972,10456242.98379555,446.5,-0.0,462.5,ASK
115,1712175371.5085526,10456758.90143555,447.0,9.948034578009264e-08,462.5,BID
116,1712175390.2282803,10456758.90143555,447.0,0.0,462.5,BID
117,1712175420.153486,10456758.90143555,447.0,0.0,462.5,BID
118,1712175450.1536057,10456758.90143555,447.0,0.0,462.5,BID
119,1712175480.2233613,10456758.90143555,447.0,0.0,462.5,BID
120,1712175488.8350816,10457734.52522473,446.7,1.8811350637138704e-07,462.5,BID
121,1712175510.2377546,10457734.52522473,446.7,0.0,462.5,BID
122,1712175530.780378,10457999.28418273,446.7,5.1044830732169433e-08,462.5,BID
123,1712175540.1435864,10457999.28418273,446.7,0.0,462.5,BID
124,1712175570.1533728,10457999.28418273,446.7,0.0,462.5,BID
125,1712175585.4958365,10458066.56384184,445.9,-1.2971045555173978e-08,462.5,ASK
126,1712175585.4984024,10458201.12316006,445.9,-2.5942091109988854e-08,462.5,ASK
127,1712175585.5009277,10464014.12316006,445.4,-1.1207055566046923e-06,462.5,ASK
128,1712175585.5034175,10464036.55474372,445.8,-4.324651720436098e-09,462.5,ASK
129,1712175585.5049112,10464052.14436372,445.5,-3.005569199910045e-09,462.5,ASK
130,1712175585.5060203,10464141.85057586,445.9,-1.7294727405462217e-08,462.5,ASK
131,1712175585.5071485,10464422.68858975,445.1,-5.4143595849222175e-08,462.5,ASK
132,1712175585.5082717,10464445.13527886,445.5,-4.327563945163325e-09,462.5,ASK
133,1712175585.509603,10466684.08796707,445.0,-4.316543469209768e-07,462.5,ASK
134,1712175585.51074,10466706.55482844,445.1,-4.331453015291937e-09,462.5,ASK
135,1712175585.511947,10472519.55482844,445.0,-1.1207055566046923e-06,462.5,ASK
136,1712175585.5130725,10472586.95541257,445.1,-1.2994359049107757e-08,462.5,ASK
137,1712175585.5142078,10473076.95541257,445.0,-9.446855715401673e-08,462.5,ASK
138,1712175585.5158594,10473099.42227394,445.1,-4.331453014932832e-09,462.5,ASK
139,1712175585.5542371,10478880.06457277,445.0,1.114467219171453e-06,462.5,BID
140,1712175585.556765,10484415.27728177,445.0,1.0671501186935466e-06,462.5,BID
141,1712175585.574515,10486613.37088077,445.0,4.237770016059658e-07,462.5,BID
142,1712175585.5791404,10488871.47181785,445.0,4.353459947633603e-07,462.5,BID
143,1712175585.5811515,10580312.23062541,445.0,1.762913581554833e-05,462.5,BID
144,1712175585.5986652,10588931.66987642,445.0,1.66176732555047e-06,462.5,BID
145,1712175585.6006682,10598017.69179856,445.0,1.7517211862332238e-06,462.5,BID
146,1712175585.602635,10639332.98293756,445.0,7.965297841427314e-06,462.5,BID
147,1712175585.6144867,10650595.23441891,445.0,2.171282954589532e-06,462.5,BID
148,1712175585.6158972,10657999.28418273,445.0,1.427448772009262e-06,462.5,BID
149,1712175585.6585956,10658806.78418273,446.5,1.556803263303439e-07,462.5,BID
150,1712175586.2933283,10659588.78418273,446.6,1.5076410549885936e-07,462.5,BID
151,1712175586.733434,10661835.78418273,445.9,4.33205812091991e-07,462.5,BID
152,1712175586.7535129,10662100.54313973,445.9,5.1043666655989394e-08,462.5,BID
153,1712175586.7633495,10662930.09334482,445.5,-1.5993145094238124e-07,462.5,ASK
154,1712175597.743286,10663296.76308982,446.2,7.069135053507904e-08,462.5,BID
155,1712175599.2440715,10663949.39320217,445.4,-1.258225001407492e-07,462.5,ASK
156,1712175599.246703,10664817.0349501,445.4,-1.67275232762156e-07,462.5,ASK
157,1712175599.249356,10665133.313497,445.4,-6.097628160075546e-08,462.5,ASK
158,1712175599.2532685,10666446.37551637,446.0,2.5314913147687826e-07,462.5,BID
159,1712175599.463979,10666447.29581119,445.4,1.7742637498981108e-10,462.5,BID
160,1712175599.4719057,10667630.29581119,445.4,2.280740879861261e-07,462.5,BID
161,1712175599.4745326,10667894.13447437,446.0,5.0866240473838923e-08,462.5,BID
162,1712175600.1633804,10667894.13447437,446.0,0.0,462.5,BID
163,1712175601.5537074,10668926.99727437,446.0,1.9595634082008978e-07,462.5,BID
164,1712175605.1779923,10669191.75623237,445.8,5.0230482314570886e-08,462.5,BID
165,1712175622.773152,10669214.18278541,445.9,4.254800609597547e-09,462.5,BID
166,1712175630.1468604,10669214.18278541,445.9,0.0,462.5,BID
167,1712175644.0054283,10669478.94174341,445.6,5.022487287467756e-08,462.5,BID
168,1712175649.653384,10671448.1536259,445.3,3.735602270418221e-07,462.5,BID
169,1712175649.6732848,10672384.8111389,445.3,1.776842788365583e-07,462.5,BID
170,1712175654.213255,10672649.5700969,445.3,5.0224872875030894e-08,462.5,BID
171,1712175655.4618604,10672914.3290469,445.3,5.0224871357063017e-08,462.5,BID
172,1712175657.743229,10673179.0880049,445.3,5.0224872875030894e-08,462.5,BID
173,1712175657.9035966,10675046.9222129,445.3,3.5432884445863505e-07,462.5,BID
174,1712175660.2455316,10675046.9222129,445.3,0.0,462.5,BID
175,1712175670.5636885,10675537.0439709,445.0,9.293049051278644e-08,462.5,BID
176,1712175670.5850792,10676292.80172186,445.0,1.432969203250382e-07,462.5,BID
177,1712175670.6631706,10676526.88334686,445.0,4.438350241796144e-08,462.5,BID
178,1712175670.743248,10676873.62092298,445.0,6.574385344517584e-08,462.5,BID
179,1712175670.8430986,10677219.4180337,445.0,6.556553467095577e-08,462.5,BID
180,1712175670.9232073,10677561.0730815,445.0,6.478017076385465e-08,462.5,BID
181,1712175671.6458704,10677925.9730815,445.0,6.918757519849213e-08,462.5,BID
182,1712175671.8833947,10678139.7978675,445.0,4.054266500612139e-08,462.5,BID
183,1712175673.7131176,10679380.7624675,445.0,2.352955099521897e-07,462.5,BID
184,1712175676.923336,10679650.52784359,445.0,5.1149389543222894e-08,462.5,BID
185,1712175676.9831078,10679996.65649403,445.0,6.562839690534717e-08,462.5,BID
186,1712175678.7573154,10680210.85649403,445.0,4.061380818724577e-08,462.5,BID
187,1712175680.18673,10680495.35649403,445.0,5.394317660743049e-08,462.5,BID
188,1712175680.3037512,10680841.48514447,445.0,6.562839690534717e-08,462.5,BID
189,1712175680.3433025,10681156.11873993,445.0,5.9656715664622e-08,462.5,BID
190,1712175681.243149,10681454.70105025,445.0,5.661328048291587e-08,462.5,BID
191,1712175681.323489,10681721.53114159,445.0,5.059283916117976e-08,462.5,BID
192,1712175687.5732503,10681733.4439886,444.9,-2.2587585595090344e-09,462.5,ASK
193,1712175687.7332516,10681755.92094971,444.9,-4.261787988553952e-09,462.5,ASK
194,1712175687.736211,10681764.0081027,444.9,-1.533380393561651e-09,462.5,ASK
195,1712175688.7936983,10682050.52570897,444.9,5.432572877376996e-08,462.5,BID
196,1712175690.2334445,10682050.52570897,444.9,0.0,462.5,BID
197,1712175720.143592,10682050.52570897,444.9,0.0,462.5,BID
198,1712175740.8133056,10682162.75915453,445.5,2.1267673470411378e-08,462.5,BID
199,1712175741.5961652,10683339.38224805,445.5,2.229641585512264e-07,462.5,BID
200,1712175750.1534607,10683339.38224805,445.5,0.0,462.5,BID
201,1712175753.3234186,10683350.59552456,445.9,2.124628332366893e-09,462.5,BID
202,1712175756.9635065,10691863.26349337,445.5,-1.6129322711991338e-06,462.5,ASK
203,1712175780.2234566,10691863.26349337,445.5,-0.0,462.5,ASK
204,1712175810.2132945,10691863.26349337,445.5,-0.0,462.5,ASK
205,1712175840.1533072,10691863.26349337,445.5,-0.0,462.5,ASK
206,1712175870.1433778,10691863.26349337,445.5,-0.0,462.5,ASK
207,1712175900.2231076,10691863.26349337,445.5,-0.0,462.5,ASK
208,1712175930.2335906,10691863.26349337,445.5,-0.0,462.5,ASK
209,1712175960.1444292,10691863.26349337,445.5,-0.0,462.5,ASK
210,1712175990.1566622,10691863.26349337,445.5,-0.0,462.5,ASK
211,1712176020.2306528,10691863.26349337,445.5,-0.0,462.5,ASK
212,1712176050.2231731,10691863.26349337,445.5,-0.0,462.5,ASK
213,1712176080.1467566,10691863.26349337,445.5,-0.0,462.5,ASK
214,1712176110.1376257,10691863.26349337,445.5,-0.0,462.5,ASK
215,1712176120.2032974,10692203.14856437,446.0,6.444761562825089e-08,462.5,BID
216,1712176125.1106706,10692510.80696344,446.0,5.8336926037098446e-08,462.5,BID
217,1712176125.12329,10692819.06135458,446.0,5.8449935613282367e-08,462.5,BID
218,1712176127.3030896,10697083.06135458,446.0,8.085222226156372e-07,462.5,BID
219,1712176127.6931152,10697105.48287924,446.0,4.251477709444093e-09,462.5,BID
220,1712176128.2558117,10697516.40761331,446.0,7.79178656935355e-08,462.5,BID
221,1712176128.5751576,10697769.75346257,446.0,4.8038402705135446e-08,462.5,BID
222,1712176136.4835172,10699066.07198237,445.5,-2.458026104238362e-07,462.5,ASK
223,1712176137.6058445,10699657.74255358,445.5,-1.121901513346299e-07,462.5,ASK
224,1712176137.6629846,10699920.37113489,445.5,-4.97985563515251e-08,462.5,ASK
225,1712176137.6660776,10700440.67331742,445.5,-9.865756966468397e-08,462.5,ASK
226,1712176137.6863444,10703976.95940624,445.5,-6.705360901355411e-07,462.5,ASK
227,1712176137.7030668,10706235.06033336,445.5,-4.281718528343231e-07,462.5,ASK
228,1712176137.8032272,10706647.64722748,445.5,-7.82330376771352e-08,462.5,ASK
229,1712176137.8064673,10707096.58100974,445.5,-8.512498579756077e-08,462.5,ASK
230,1712176137.8872638,10707122.73937357,445.5,4.960041853672885e-09,462.5,BID
231,1712176140.222985,10707122.73937357,445.5,0.0,462.5,BID
232,1712176170.2338233,10707122.73937357,445.5,0.0,462.5,BID
233,1712176200.304517,10707122.73937357,445.5,0.0,462.5,BID
234,1712176221.0816724,10707462.62444556,445.0,6.438604452170157e-08,462.5,BID
235,1712176222.2247975,10707970.53362923,445.0,9.621565054728609e-08,462.5,BID
236,1712176226.595363,10708403.30095507,445.0,8.19811713002179e-08,462.5,BID
237,1712176227.6473,10708950.97866293,445.0,1.0374919108821316e-07,462.5,BID
238,1712176229.1336904,10709436.18896465,445.0,9.191569346094786e-08,462.5,BID
239,1712176230.21505,10709436.18896465,445.0,0.0,462.5,BID
240,1712176242.7385306,10712254.65399105,445.0,5.338111209850075e-07,462.5,BID
241,1712176247.5754917,10713877.03906205,445.0,3.072761894535056e-07,462.5,BID
242,1712176253.4752753,10715599.68914505,445.0,3.2626616376570976e-07,462.5,BID
243,1712176260.1495423,10715599.68914505,445.0,0.0,462.5,BID
244,1712176264.7058368,10715622.1812728,444.6,-4.257748094968214e-09,462.5,ASK
245,1712176264.7660327,10715962.0663438,444.6,6.434006731774462e-08,462.5,BID
246,1712176273.2938402,10715973.31718744,444.5,-2.1297788545871732e-09,462.5,ASK
247,1712176273.2980232,10715985.94994744,444.5,-2.3913749032404516e-09,462.5,ASK
248,1712176274.1603625,10716601.02756273,444.5,1.164338729471389e-07,462.5,BID
249,1712176276.6078856,10716826.05006498,444.4,-4.25966427419558e-08,462.5,ASK
250,1712176276.6094449,10723830.57682327,444.4,-1.3259532754154522e-06,462.5,ASK
251,1712176281.7862248,10724137.57682327,444.4,-5.811494046628103e-08,462.5,ASK
252,1712176281.7897048,10729151.57682327,444.4,-9.49147594455808e-07,462.5,ASK
253,1712176281.8091576,10736167.57682327,444.4,-1.3281251541088848e-06,462.5,ASK
254,1712176285.046362,10736168.40858868,444.4,-1.5745275979945864e-10,462.5,ASK
255,1712176285.8661385,10736600.97784944,444.4,8.188513627582067e-08,462.5,BID
256,1712176285.8910968,10737022.40210812,444.4,7.97753931732427e-08,462.5,BID
257,1712176285.9465473,10737038.83627423,444.3,-3.110979104745154e-09,462.5,ASK
258,1712176285.9501252,10737106.35821886,444.3,-1.2781869030239453e-08,462.5,ASK
259,1712176285.9530342,10737241.40210812,444.3,-2.55637380608315e-08,462.5,ASK
260,1712176285.98733,10737292.48988664,444.3,-9.670889925846897e-09,462.5,ASK
261,1712176285.9963791,10737317.48988664,444.2,-4.732487008654806e-09,462.5,ASK
262,1712176285.9992118,10737340.00733766,444.1,-4.262541776798822e-09,462.5,ASK
263,1712176286.0019789,10737365.00733766,444.0,-4.732487008654806e-09,462.5,ASK
264,1712176286.0040455,10737387.52986018,444.0,-4.263501809173266e-09,462.5,ASK
265,1712176286.0057626,10737410.04224199,444.2,-4.2615821781196215e-09,462.5,ASK
266,1712176286.007353,10737477.56418662,444.3,-1.2781869030239453e-08,462.5,ASK
267,1712176286.0089276,10737744.40210812,443.7,-5.051227987664704e-08,462.5,ASK
268,1712176290.156464,10737744.40210812,443.7,-0.0,462.5,ASK
269,1712176320.227283,10737744.40210812,443.7,-0.0,462.5,ASK
270,1712176350.2282703,10737744.40210812,443.7,-0.0,462.5,ASK
271,1712176351.458358,10739364.65520812,444.0,3.061427582043944e-07,462.5,BID
272,1712176351.4861712,10745713.21340965,444.0,1.199544144329585e-06,462.5,BID
273,1712176351.977142,10745934.41340965,444.0,4.179518503321531e-08,462.5,BID
274,1712176352.3972304,10746434.31340965,444.0,9.445485080476649e-08,462.5,BID
275,1712176352.424965,10748381.0679096,444.0,3.678343785679179e-07,462.5,BID
276,1712176352.4444108,10750020.14584045,444.0,3.096996627637859e-07,462.5,BID
277,1712176352.4491646,10751377.91681683,444.0,2.565474194859961e-07,462.5,BID
278,1712176352.5401824,10751711.7120871,444.0,6.306977886105457e-08,462.5,BID
279,1712176352.5571425,10752311.6120871,444.0,1.1334959991552785e-07,462.5,BID
280,1712176353.0804622,10752746.54088828,444.0,8.217870579320138e-08,462.5,BID
281,1712176353.1003275,10754513.44877728,444.0,3.338528126450025e-07,462.5,BID
282,1712176353.487506,10754988.44877628,444.0,8.97500580871236e-08,462.5,BID
283,1712176353.8673494,10757770.94877628,444.0,5.257463940069351e-07,462.5,BID
284,1712176380.1792276,10757770.94877628,444.0,0.0,462.5,BID
285,1712176380.5837517,10757997.04877628,444.0,4.2649373346396734e-08,462.5,BID
286,1712176383.3879583,10764186.89302277,444.0,1.1675938886555932e-06,462.5,BID
287,1712176383.4078512,10764583.89302277,444.0,7.48863388701787e-08,462.5,BID
288,1712176387.2279506,10764861.59302277,444.0,5.23827110936847e-08,462.5,BID
289,1712176387.367854,10765177.99302276,444.0,5.968271440265744e-08,462.5,BID
290,1712176389.069312,10765464.49302276,444.0,5.404266016701812e-08,462.5,BID
291,1712176394.2083888,10767072.03748643,444.0,3.03232038930132e-07,462.5,BID
292,1712176394.3985257,10775304.38646696,444.0,1.5528727341397538e-06,462.5,BID
293,1712176394.4885962,10775359.98076622,444.0,1.0486784719581717e-08,462.5,BID
294,1712176394.492544,10775676.43661183,444.0,5.969324859382251e-08,462.5,BID
295,1712176394.653836,10776593.21846384,444.2,1.729330892687623e-07,462.5,BID
296,1712176397.7782097,10776965.2686087,444.0,-7.018003331164748e-08,462.5,ASK
297,1712176397.7880838,10777831.21846384,444.0,-1.6334462039435057e-07,462.5,ASK
298,1712176397.9388733,10778821.21846384,444.0,-1.867442707341988e-07,462.5,ASK
299,1712176399.4684758,10779613.21846384,444.0,-1.49395416587359e-07,462.5,ASK
300,1712176399.5888395,10780157.68846384,444.2,1.0270368998664081e-07,462.5,BID
301,1712176399.7286024,10780791.68846384,444.0,-1.1959178550048688e-07,462.5,ASK
302,1712176399.9282446,10781298.68846384,444.0,-9.563570228508965e-08,462.5,ASK
303,1712176400.4181063,10782220.02778016,444.0,-1.7379276638875032e-07,462.5,ASK
304,1712176400.518411,10783330.5296087,444.0,-2.094746001209276e-07,462.5,ASK
305,1712176400.8383818,10785094.94765191,443.7,-3.328231926761328e-07,462.5,ASK
306,1712176400.8424354,10785361.5296087,443.7,-5.028550819372342e-08,462.5,ASK
307,1712176402.0267353,10785733.57975357,444.0,7.018003331340424e-08,462.5,BID
308,1712176402.0298104,10785926.29327902,444.0,3.6351663404798e-08,462.5,BID
309,1712176410.1739805,10785926.29327902,444.0,0.0,462.5,BID
310,1712176422.2190533,10787793.24914366,444.2,3.5133650747722615e-07,462.5,BID
311,1712176439.6888444,10787951.47706646,444.2,2.9776411341315146e-08,462.5,BID
312,1712176439.8289618,10788572.11589003,444.6,-1.1679605330153341e-07,462.5,ASK
313,1712176439.8324063,10788937.47706646,444.6,-6.875616190273579e-08,462.5,ASK
314,1712176439.8494017,10788937.77941754,444.6,-5.689849187320073e-11,462.5,ASK
315,1712176440.230937,10788937.77941754,444.6,-0.0,462.5,ASK
316,1712176440.3148184,10789658.37941754,444.2,-1.3557329129559048e-07,462.5,ASK
317,1712176457.331357,10790147.73644757,443.7,-9.206736494571552e-08,462.5,ASK
318,1712176457.3393357,10790147.77941754,443.4,-8.084346744645837e-12,462.5,ASK
319,1712176470.2294612,10790147.77941754,443.4,-0.0,462.5,ASK
320,1712176500.160164,10790147.77941754,443.4,-0.0,462.5,ASK
321,1712176528.180158,10790170.30194006,444.0,4.262095485789783e-09,462.5,BID
322,1712176529.580219,10790260.39203015,444.0,1.7048381946331467e-08,462.5,BID
323,1712176530.1604867,10790260.39203015,444.0,0.0,462.5,BID
324,1712176554.0618038,10790328.00805882,443.4,-1.279533602772999e-08,462.5,ASK
325,1712176554.0653772,10790463.3260561,443.4,-2.560693492142479e-08,462.5,ASK
326,1712176554.0689013,10790493.3260561,443.0,-5.677057472630799e-09,462.5,ASK
327,1712176554.0714922,10790560.98505474,443.4,-1.2803467460712396e-08,462.5,ASK
328,1712176554.0730307,10792743.79403082,443.4,-4.130644002990501e-07,462.5,ASK
329,1712176554.0746078,10792755.31219008,443.3,-2.17964173678201e-09,462.5,ASK
330,1712176554.0761874,10792981.04582439,443.0,-4.2716760516093457e-08,462.5,ASK
331,1712176554.186178,10795239.14675151,443.0,4.273122914087185e-07,462.5,BID
332,1712176554.188898,10796663.81441153,443.0,2.695973395111211e-07,462.5,BID
333,1712176554.360559,10797357.53041057,443.5,-1.3127551987424236e-07,462.5,ASK
334,1712176554.3632514,10797496.81441153,443.5,-2.6357442615806165e-08,462.5,ASK
335,1712176554.4205327,10798046.99490564,443.5,-1.0411354284593873e-07,462.5,ASK
336,1712176554.5684967,10798602.99490564,443.4,-1.0521479849275749e-07,462.5,ASK
337,1712176554.620464,10799531.23654871,443.4,-1.756560385401435e-07,462.5,ASK
338,1712176554.6231868,10800830.99435538,443.4,-2.459599922988564e-07,462.5,ASK
339,1712176555.0263398,10801663.81386127,443.0,-1.5759880664198868e-07,462.5,ASK
340,1712176560.2412572,10801663.81386127,443.0,-0.0,462.5,ASK
341,1712176590.2358694,10801663.81386127,443.0,-0.0,462.5,ASK
342,1712176620.1614602,10801663.81386127,443.0,-0.0,462.5,ASK
343,1712176650.1515825,10801663.81386127,443.0,-0.0,462.5,ASK
344,1712176680.2319157,10801663.81386127,443.0,-0.0,462.5,ASK
345,1712176710.2322867,10801663.81386127,443.0,-0.0,462.5,ASK
346,1712176725.6921675,10801876.01386127,444.0,4.01173479872146e-08,462.5,BID
347,1712176740.1581483,10801876.01386127,444.0,0.0,462.5,BID
348,1712176770.146019,10801876.01386127,444.0,0.0,462.5,BID
349,1712176800.172921,10801876.01386127,444.0,0.0,462.5,BID
350,1712176830.1536183,10801876.01386127,444.0,0.0,462.5,BID
351,1712176860.2332473,10801876.01386127,444.0,0.0,462.5,BID
352,1712176868.76343,10802026.01386127,443.3,-2.838436470415669e-08,462.5,ASK
353,1712176872.034403,10802035.22669536,443.0,-1.743336285128596e-09,462.5,ASK
354,1712176872.0437558,10802252.16010393,443.0,-4.1050113235691894e-08,462.5,ASK
355,1712176872.0466435,10802387.72268865,442.6,-2.5652385632975245e-08,462.5,ASK
356,1712176872.048223,10802455.50398101,442.6,-1.2826192816135156e-08,462.5,ASK
357,1712176872.049785,10802650.73310064,443.0,-3.694303021642942e-08,462.5,ASK
358,1712176872.0515494,10802786.29568536,442.6,-2.5652385632975245e-08,462.5,ASK
359,1712176872.0531795,10804152.31622146,442.0,-2.584908339336267e-07,462.5,ASK
360,1712176890.2335927,10804152.31622146,442.0,-0.0,462.5,ASK
361,1712176920.1566596,10804152.31622146,442.0,-0.0,462.5,ASK
362,1712176950.1642845,10804152.31622146,442.0,-0.0,462.5,ASK
363,1712176980.1741066,10804152.31622146,442.0,-0.0,462.5,ASK
364,1712177010.168434,10804152.31622146,442.0,-0.0,462.5,ASK
365,1712177040.2344377,10804152.31622146,442.0,-0.0,462.5,ASK
366,1712177061.6075118,10804726.91622146,443.0,1.0871032569563433e-07,462.5,BID
367,1712177070.2347777,10804726.91622146,443.0,0.0,462.5,BID
368,1712177084.988537,10805376.81622146,443.0,1.2295064111156466e-07,462.5,BID
369,1712177100.1770732,10805376.81622146,443.0,0.0,462.5,BID
370,1712177130.1651714,10805376.81622146,443.0,0.0,462.5,BID
371,1712177132.3952265,10805388.0975208,443.3,-2.1354608563069398e-09,462.5,ASK
372,1712177155.2750003,10805399.36385698,443.8,2.132628448435266e-09,462.5,BID
373,1712177160.1854026,10805399.36385698,443.8,0.0,462.5,BID
374,1712177190.1559038,10805399.36385698,443.8,0.0,462.5,BID
375,1712177194.595516,10805881.88023574,443.8,9.13363662911318e-08,462.5,BID
376,1712177194.5993826,10805892.76385698,443.8,2.0601796327360968e-09,462.5,BID
377,1712177194.7155368,10806206.19176798,444.7,5.932931553233149e-08,462.5,BID
378,1712177220.2357278,10806206.19176798,444.7,0.0,462.5,BID
379,1712177250.2258034,10806206.19176798,444.7,0.0,462.5,BID
380,1712177262.9757862,10808959.39403246,444.0,5.211231056596785e-07,462.5,BID
381,1712177280.186087,10808959.39403246,444.0,0.0,462.5,BID
382,1712177310.1660314,10808959.39403246,444.0,0.0,462.5,BID
383,1712177328.945932,10809004.4390775,444.8,8.524104436305186e-09,462.5,BID
384,1712177340.2762308,10809004.4390775,444.8,0.0,462.5,BID
385,1712177347.656237,10809229.25922138,444.8,4.2543705264094585e-08,462.5,BID
386,1712177370.2461388,10809229.25922138,444.8,0.0,462.5,BID
387,1712177400.1794522,10809229.25922138,444.8,0.0,462.5,BID
388,1712177430.1678188,10809229.25922138,444.8,0.0,462.5,BID
389,1712177431.2064652,10810972.25922138,444.0,-3.30020935605357e-07,462.5,ASK
390,1712177431.5662072,10812827.25922138,444.0,-3.512271001422474e-07,462.5,ASK
391,1712177432.6065817,10814674.25922138,444.0,-3.4971237410389813e-07,462.5,ASK
392,1712177432.7862628,10815386.86340345,444.0,-1.3492501370227858e-07,462.5,ASK
393,1712177432.8962524,10816783.86340345,444.0,-2.645090344467491e-07,462.5,ASK
394,1712177444.4265103,10820490.52048264,444.0,-7.01821249135117e-07,462.5,ASK
395,1712177444.429618,10824992.77386045,444.0,-8.524600528268932e-07,462.5,ASK
396,1712177446.0762038,10825326.87386045,444.0,6.325874617649275e-08,462.5,BID
397,1712177460.2566347,10825326.87386045,444.0,0.0,462.5,BID
398,1712177490.2464592,10825326.87386045,444.0,0.0,462.5,BID
399,1712177501.29294,10826164.17386045,443.9,1.5832076120638668e-07,462.5,BID
400,1712177502.1917756,10826658.28624138,443.9,9.34291750515046e-08,462.5,BID
401,1712177502.963568,10827021.88624138,443.9,6.875125853894668e-08,462.5,BID
402,1712177503.017166,10827455.78734889,443.9,8.204413427619309e-08,462.5,BID
403,1712177505.527107,10827847.91428597,443.9,7.41452707131793e-08,462.5,BID
404,1712177505.5665874,10828668.58789916,443.9,1.551769630266549e-07,462.5,BID
405,1712177511.3622155,10829187.95191009,443.9,9.820387621373369e-08,462.5,BID
406,1712177520.1567335,10829187.95191009,443.9,0.0,462.5,BID
407,1712177535.6471078,10830429.95612213,443.9,2.3476812096371066e-07,462.5,BID
408,1712177536.2770011,10831215.43557799,443.9,-1.484741630666238e-07,462.5,ASK
409,1712177550.1671734,10831215.43557799,443.9,-0.0,462.5,ASK
410,1712177574.7071092,10831254.52861942,443.6,-7.388250955141363e-09,462.5,ASK
411,1712177580.236981,10831254.52861942,443.6,-0.0,462.5,ASK
412,1712177608.987474,10831739.12861942,445.0,9.158496109965237e-08,462.5,BID
413,1712177610.237018,10831739.12861942,445.0,0.0,462.5,BID
414,1712177640.1846664,10831739.12861942,445.0,0.0,462.5,BID
415,1712177670.1670604,10831739.12861942,445.0,0.0,462.5,BID
416,1712177680.110353,10833986.31963065,444.9,-4.246812090053813e-07,462.5,ASK
417,1712177680.1150944,10834093.67015339,444.5,-2.0287438654145177e-08,462.5,ASK
418,1712177685.4874153,10839799.31963065,444.5,-1.0782715425850704e-06,462.5,ASK
419,1712177685.4906237,10843093.67015339,444.0,-6.225766994849348e-07,462.5,ASK
420,1712177700.2273123,10843093.67015339,444.0,-0.0,462.5,ASK
421,1712177730.2581608,10843093.67015339,444.0,-0.0,462.5,ASK
422,1712177760.157333,10843093.67015339,444.0,-0.0,462.5,ASK
423,1712177770.1999962,10844206.27015338,445.0,2.1015558722167641e-07,462.5,BID
424,1712177770.9717176,10845191.07015338,445.0,1.8601583884367585e-07,462.5,BID
425,1712177771.0074365,10845245.7126754,445.0,1.0321257686987453e-08,462.5,BID
426,1712177771.067461,10846057.57015338,445.0,-1.5334925851754953e-07,462.5,ASK
427,1712177771.1476114,10846338.95031149,445.4,5.3149031422401495e-08,462.5,BID
428,1712177771.1573093,10846747.17015338,445.4,7.71073886290558e-08,462.5,BID
429,1712177790.1575892,10846747.17015338,445.4,0.0,462.5,BID
430,1712177800.1198292,10848992.84722501,445.3,4.240487806053286e-07,462.5,BID
431,1712177804.0076413,10851191.84006742,444.2,-4.152334479268995e-07,462.5,ASK
432,1712177820.1818502,10851191.84006742,444.2,-0.0,462.5,ASK
433,1712177850.1783254,10851191.84006742,444.2,-0.0,462.5,ASK
434,1712177880.2378054,10851191.84006742,444.2,-0.0,462.5,ASK
435,1712177885.2160163,10857004.84006742,444.6,-1.0972529458364708e-06,462.5,ASK
436,1712177885.219459,10857104.84006742,444.2,-1.887584630718168e-08,462.5,ASK
437,1712177885.2942076,10857743.03979961,444.2,1.204656005810291e-07,462.5,BID
438,1712177885.297469,10858346.43979961,445.9,1.1389685661760457e-07,462.5,BID
439,1712177885.3007488,10858346.43979963,445.9,3.515900356170102e-18,462.5,BID
440,1712177910.2378006,10858346.43979963,445.9,0.0,462.5,BID
441,1712177940.15985,10858346.43979963,445.9,0.0,462.5,BID
442,1712177949.604487,10858764.77908608,445.2,7.891768904398989e-08,462.5,BID
443,1712177970.159968,10858764.77908608,445.2,0.0,462.5,BID
444,1712178000.1982636,10858764.77908608,445.2,0.0,462.5,BID
445,1712178030.1684089,10858764.77908608,445.2,0.0,462.5,BID
446,1712178030.908239,10859296.67908608,444.3,-1.003368447845523e-07,462.5,ASK
447,1712178031.008391,10859931.89367186,444.2,-1.1982595844774774e-07,462.5,ASK
448,1712178031.0684946,10859931.89367187,444.2,-1.7568334012686115e-18,462.5,ASK
449,1712178031.3099556,10860437.99367187,444.2,9.546997019249669e-08,462.5,BID
450,1712178031.373526,10861162.7929508,444.0,-1.367250850721692e-07,462.5,ASK
451,1712178031.4757652,10862685.1846831,444.0,-2.8718176902600817e-07,462.5,ASK
452,1712178031.578277,10863041.5846831,444.2,6.723077924652524e-08,462.5,BID
453,1712178033.1807148,10865526.68468867,444.2,-4.687856618403322e-07,462.5,ASK
454,1712178033.1836154,10865937.6846831,444.2,-7.753044302957009e-08,462.5,ASK
455,1712178033.198445,10865960.25804653,443.0,-4.258206547884353e-09,462.5,ASK
456,1712178033.2017477,10866516.6846831,443.0,-1.0496351394509385e-07,462.5,ASK
457,1712178060.2385309,10866516.6846831,443.0,-0.0,462.5,ASK
458,1712178060.948634,10867434.51942471,443.3,-1.730266597437021e-07,462.5,ASK
459,1712178090.249276,10867434.51942471,443.3,-0.0,462.5,ASK
460,1712178120.1705515,10867434.51942471,443.3,-0.0,462.5,ASK
461,1712178150.168897,10867434.51942471,443.3,-0.0,462.5,ASK
462,1712178180.2487533,10867434.51942471,443.3,-0.0,462.5,ASK
463,1712178187.418991,10868336.51942471,443.2,-1.7002851377818177e-07,462.5,ASK
464,1712178187.4786558,10868337.04650052,443.2,-9.935467481550923e-11,462.5,ASK
465,1712178188.638734,10868359.63005968,442.8,-4.2570388022822935e-09,462.5,ASK
466,1712178189.3486266,10868573.65283268,442.8,4.03436518933335e-08,462.5,BID
467,1712178210.238411,10868573.65283268,442.8,0.0,462.5,BID
468,1712178215.8912296,10868641.51078336,442.1,-1.2790120607379575e-08,462.5,ASK
469,1712178215.895609,10868799.84600161,442.1,-2.9843614750084245e-08,462.5,ASK
470,1712178215.9000082,10868967.70395229,442.1,-3.163849501187982e-08,462.5,ASK
471,1712178215.9020555,10869267.794882,442.0,-5.6562261985568654e-08,462.5,ASK
472,1712178215.904085,10869335.65283268,442.1,-1.2790120607379575e-08,462.5,ASK
473,1712178218.787645,10869947.65283268,442.0,-1.1535205135554148e-07,462.5,ASK
474,1712178218.968088,10870436.65283268,442.0,-9.21685508380062e-08,462.5,ASK
475,1712178219.9691937,10872194.42824469,442.0,-3.3131209084589695e-07,462.5,ASK
476,1712178219.9800334,10872217.05779888,441.9,-4.26530309975177e-09,462.5,ASK
477,1712178219.9821007,10872239.68223326,442.0,-4.264338098816628e-09,462.5,ASK
478,1712178219.987905,10872284.93110202,442.0,-8.528676197984335e-09,462.5,ASK
479,1712178219.9899645,10872384.93110202,441.9,-1.884837440450024e-08,462.5,ASK
480,1712178219.995299,10872396.25839533,441.5,-2.135010652672892e-09,462.5,ASK
481,1712178219.9973176,10872407.57799695,441.8,-2.133560894714204e-09,462.5,ASK
482,1712178219.9993834,10872418.92567531,441.5,-2.1388529034354676e-09,462.5,ASK
483,1712178220.0014062,10872441.56547607,441.7,-4.267234411495309e-09,462.5,ASK
484,1712178220.0034735,10872461.56547607,441.5,-3.769674880900049e-09,462.5,ASK
485,1712178220.0905652,10874207.86400913,441.5,3.2914888573173057e-07,462.5,BID
486,1712178220.0941143,10876779.4649462,441.5,4.847049728083004e-07,462.5,BID
487,1712178220.3099875,10877638.49758051,441.5,-1.619136871716702e-07,462.5,ASK
488,1712178220.318856,10880552.4649462,441.5,-5.492354791101239e-07,462.5,ASK
489,1712178221.218254,10881266.6281552,442.0,1.346081554916271e-07,462.5,BID
490,1712178240.169008,10881266.6281552,442.0,0.0,462.5,BID
491,1712178261.2075036,10881547.1881552,442.3,5.2825179517783954e-08,462.5,BID
492,1712178267.43635,10881837.3781552,442.3,5.463836200530968e-08,462.5,BID
493,1712178270.1587229,10881837.3781552,442.3,0.0,462.5,BID
494,1712178300.2388346,10881837.3781552,442.3,0.0,462.5,BID
495,1712178330.2350304,10881837.3781552,442.3,0.0,462.5,BID
496,1712178334.600041,10881911.3781552,441.5,-1.3971793799278051e-08,462.5,ASK
497,1712178334.609631,10881926.3781552,441.5,-2.832120364718524e-09,462.5,ASK
498,1712178335.1054928,10882376.3781552,441.3,-8.496361094155574e-08,462.5,ASK
499,1712178335.1099138,10882376.94562797,441.5,-1.0714341270897394e-10,462.5,ASK
500,1712178335.114246,10882501.04572828,441.2,-2.3431094756517213e-08,462.5,ASK
501,1712178335.1171424,10882512.3781552,441.3,-2.1396531375550966e-09,462.5,ASK
502,1712178335.1664276,10882761.0781552,441.5,4.6956555647244135e-08,462.5,BID
503,1712178335.348915,10882772.65376164,441.1,-2.1855673820401713e-09,462.5,ASK
504,1712178335.3542883,10883199.69557193,441.0,-8.062892050038756e-08,462.5,ASK
505,1712178335.357534,10883200.2781552,441.2,-1.0999639638999932e-10,462.5,ASK
506,1712178335.3600614,10883215.0781552,441.0,-2.794358759996283e-09,462.5,ASK
507,1712178335.3625855,10883280.0781552,441.0,-1.2272521580446936e-08,462.5,ASK
508,1712178336.073052,10884101.1781552,441.5,1.550302687646217e-07,462.5,BID
509,1712178337.5947993,10884582.1781552,441.0,-9.081665969530734e-08,462.5,ASK
510,1712178343.2857256,10884922.0632262,441.8,6.417302874954268e-08,462.5,BID
511,1712178343.4857976,10885360.3694752,441.8,8.275573691844416e-08,462.5,BID
512,1712178344.3047032,10886228.0818632,441.8,1.6383106165146544e-07,462.5,BID
513,1712178347.6512384,10887116.4818632,441.8,1.677370488011328e-07,462.5,BID
514,1712178356.4066176,10887759.2618632,441.8,1.2136202186879158e-07,462.5,BID
515,1712178360.1544764,10887759.2618632,441.8,0.0,462.5,BID
516,1712178378.1899126,10888843.86056168,441.0,-2.046798865392926e-07,462.5,ASK
517,1712178389.4350655,10889118.79374906,441.0,-5.188397669827e-08,462.5,ASK
518,1712178389.4472644,10896302.67356872,441.0,-1.355704841302521e-06,462.5,ASK
519,1712178389.4773943,10896529.43093833,441.0,-4.2792484214367296e-08,462.5,ASK
520,1712178389.5540411,10901271.22666368,441.0,8.948472945961535e-07,462.5,BID
521,1712178389.5639606,10901939.02666367,441.0,1.2602378042713297e-07,462.5,BID
522,1712178389.5939903,10902436.04163967,441.0,9.379410932232884e-08,462.5,BID
523,1712178389.6081984,10902476.07267967,441.0,7.554451924652758e-09,462.5,BID
524,1712178389.6136537,10903366.52897506,441.0,1.6804233101512488e-07,462.5,BID
525,1712178390.1746333,10903366.52897506,441.0,0.0,462.5,BID
526,1712178392.1533322,10903479.70235668,441.8,2.13297933439944e-08,462.5,BID
527,1712178400.525477,10906991.44526706,441.8,6.61858375918624e-07,462.5,BID
528,1712178400.6533442,10911492.05273548,441.8,-8.482297325607361e-07,462.5,ASK
529,1712178400.6738057,10913300.36242049,441.8,-3.408122239645828e-07,462.5,ASK
530,1712178401.0333855,10913664.36242049,441.4,-6.86030996523642e-08,462.5,ASK
531,1712178401.0542586,10913764.36242049,440.8,-1.884700539900116e-08,462.5,ASK
532,1712178401.0581028,10913991.22267457,440.8,-4.2756364334476376e-08,462.5,ASK
533,1712178401.0618804,10913991.99267456,441.4,-1.4512193973279204e-10,462.5,ASK
534,1712178401.1531787,10914336.72140656,440.8,6.497104273214357e-08,462.5,BID
535,1712178401.1736977,10914355.99267456,440.8,3.632056920220649e-09,462.5,BID
536,1712178411.3230836,10914659.4048702,440.8,-5.71841128937904e-08,462.5,ASK
537,1712178411.4630315,10915353.2662432,440.8,1.307720904308647e-07,462.5,BID
538,1712178411.5031834,10916349.70040135,440.8,1.8779799958404242e-07,462.5,BID
539,1712178411.5830112,10918607.80132847,441.2,-4.255844036492156e-07,462.5,ASK
540,1712178411.6237936,10919102.80132847,440.6,-9.329267672505573e-08,462.5,ASK
541,1712178411.62815,10919604.00926575,440.8,-9.446268699933045e-08,462.5,ASK
542,1712178411.633119,10919605.80132847,440.4,-3.3775015764538715e-10,462.5,ASK
543,1712178420.1929977,10919605.80132847,440.4,-0.0,462.5,ASK
544,1712178429.4087229,10919871.86719673,441.4,5.007778422028759e-08,462.5,BID
545,1712178446.088407,10920147.44719673,441.4,5.1868493564247074e-08,462.5,BID
546,1712178450.16285,10920147.44719673,441.4,0.0,462.5,BID
547,1712178480.2418156,10920147.44719673,441.4,0.0,462.5,BID
548,1712178480.7090116,10920168.58883064,440.4,-3.9790092146129934e-09,462.5,ASK
549,1712178480.713109,10920234.25458903,440.4,-1.235877315904199e-08,462.5,ASK
550,1712178480.7157795,10921237.44719673,440.3,-1.8880814259005362e-07,462.5,ASK
551,1712178498.70585,10921305.59803725,440.2,-1.2826483684133723e-08,462.5,ASK
552,1712178498.7162027,10921510.05055881,440.2,-3.847945105170005e-08,462.5,ASK
553,1712178498.7186153,10923825.00852289,440.1,-4.356919199940967e-07,462.5,ASK
554,1712178498.721005,10923893.15936341,440.2,-1.2826483683783161e-08,462.5,ASK
555,1712178498.7233715,10923993.15936341,440.0,-1.8820727060890693e-08,462.5,ASK
556,1712178498.7256954,10924027.24252632,440.1,-6.4146990652425075e-09,462.5,ASK
557,1712178498.7280786,10958813.5156221,440.0,-6.547029514012639e-06,462.5,ASK
558,1712178498.7304127,10964805.4524369,440.0,-1.1277260735745175e-06,462.5,ASK
559,1712178510.231813,10964805.4524369,440.0,-0.0,462.5,ASK
560,1712178535.0569985,10964993.3524369,441.4,3.5233840722415453e-08,462.5,BID
561,1712178540.1509435,10964993.3524369,441.4,0.0,462.5,BID
562,1712178570.1605186,10964993.3524369,441.4,0.0,462.5,BID
563,1712178574.4401062,10965287.56433463,441.4,5.5167929367100574e-08,462.5,BID
564,1712178576.0649643,10965955.36433462,441.4,1.2521976002757045e-07,462.5,BID
565,1712178576.320698,10966296.72844706,441.4,6.400948224339439e-08,462.5,BID
566,1712178580.019869,10966582.20844706,441.4,5.3530603613635e-08,462.5,BID
567,1712178580.4400206,10967028.31702619,441.4,8.365020848415896e-08,462.5,BID
568,1712178580.6800628,10967488.05271428,441.4,8.62054395620231e-08,462.5,BID
569,1712178581.6700487,10968667.35272979,441.4,2.2113157374132658e-07,462.5,BID
570,1712178581.6902332,10969389.93034627,441.4,1.3549115863729586e-07,462.5,BID
571,1712178583.8406367,10969608.80656864,441.4,4.1041671220856994e-08,462.5,BID
572,1712178583.8504646,10970174.7994021,441.4,1.0612980949994589e-07,462.5,BID
573,1712178583.9301546,10970690.4994021,441.4,9.669935646478973e-08,462.5,BID
574,1712178587.1899643,10971881.0174291,441.4,2.232350728531979e-07,462.5,BID
575,1712178587.2802556,10971881.0174298,441.4,1.313240969690557e-16,462.5,BID
576,1712178587.8452137,10974253.43016733,441.5,4.4485318011925013e-07,462.5,BID
577,1712178587.9003136,10976511.53109445,441.5,4.234184729194939e-07,462.5,BID
578,1712178587.907413,10977649.21937559,441.5,2.133289211624401e-07,462.5,BID
579,1712178587.9812038,10978351.37113112,441.5,1.3166108764836854e-07,462.5,BID
580,1712178587.9853132,10978683.0174298,441.5,6.218728651591988e-08,462.5,BID
581,1712178590.0738528,10985485.0174298,441.9,1.2754489483654725e-06,462.5,BID
582,1712178590.2304623,10988199.9494298,442.0,-5.090792655518681e-07,462.5,ASK
583,1712178590.2346554,10990814.5767389,441.6,-4.902710455392179e-07,462.5,ASK
584,1712178590.277987,10991516.72849442,441.5,-1.3166108764662217e-07,462.5,ASK
585,1712178590.2865574,10991530.65128442,441.3,-2.610674487516577e-09,462.5,ASK
586,1712178590.2888927,10992663.06373609,440.6,-2.123396457803476e-07,462.5,ASK
587,1712178590.2912683,10998476.06373609,440.9,-1.0900006963905456e-06,462.5,ASK
588,1712178590.293756,10999081.43642699,441.6,-1.1351396089042713e-07,462.5,ASK
589,1712178590.296123,10999783.74725553,441.4,-1.3169091556713196e-07,462.5,ASK
590,1712178590.6702626,11000333.16836173,440.1,-1.0302243047830536e-07,462.5,ASK
591,1712178590.6784244,11004076.21901125,440.6,-7.018626895926191e-07,462.5,ASK
592,1712178590.6849377,11005059.43178237,440.6,-1.843630836436242e-07,462.5,ASK
593,1712178590.6872995,11007073.65852648,440.6,-3.776894123117332e-07,462.5,ASK
594,1712178590.6898692,11010244.23742028,440.1,-5.945180117327439e-07,462.5,ASK
595,1712178590.6922717,11013303.89461503,440.0,-5.737189872689251e-07,462.5,ASK
596,1712178590.769805,11014252.49741559,440.7,-1.7787333789912388e-07,462.5,ASK
597,1712178590.7939143,11019273.97122668,440.7,-9.415809308437948e-07,462.5,ASK
598,1712178590.7992065,11019454.60676606,440.7,-3.3871127424391945e-08,462.5,ASK
599,1712178590.8033772,11026013.57424161,440.7,-1.22987770788796e-06,462.5,ASK
600,1712178590.8057094,11027194.56833679,440.3,-2.214492320969418e-07,462.5,ASK
601,1712178590.8081017,11028052.80693496,440.3,-1.6092906755105502e-07,462.5,ASK
602,1712178590.8107088,11029873.42110239,440.3,-3.4138494931303215e-07,462.5,ASK
603,1712178590.8130891,11046414.62420792,440.3,-3.1016554110037685e-06,462.5,ASK
604,1712178590.815488,11049154.91050649,440.1,-5.138334721747857e-07,462.5,ASK
605,1712178590.817882,11050170.10166618,440.0,-1.9035937915558345e-07,462.5,ASK
606,1712178590.820323,11054847.61097663,440.4,-8.770838475424398e-07,462.5,ASK
607,1712178590.8227448,11060158.85428558,440.0,-9.959158619393309e-07,462.5,ASK
608,1712178590.8297467,11062250.20678153,440.5,-3.921513292594746e-07,462.5,ASK
609,1712178591.4897785,11068160.77922963,440.8,-1.108296591174044e-06,462.5,ASK
610,1712178591.499705,11068198.11961953,440.7,-7.001729054601041e-09,462.5,ASK
611,1712178592.6004536,11068703.96110263,442.2,9.485077736823625e-08,462.5,BID
612,1712178600.180418,11068703.96110263,442.2,0.0,462.5,BID
613,1712178609.860064,11069140.06110263,442.0,8.107884002700077e-08,462.5,BID
614,1712178611.2694056,11069361.26110263,442.0,4.1125061714861e-08,462.5,BID
615,1712178611.3704202,11069890.26110263,442.0,9.835062227502144e-08,462.5,BID
616,1712178611.975356,11071444.24740063,442.0,2.8891402535954664e-07,462.5,BID
617,1712178611.9914844,11071444.2474012,442.0,1.0596757411786564e-16,462.5,BID
618,1712178612.0698066,11072324.8163132,442.0,1.6371361143891468e-07,462.5,BID
619,1712178613.8594728,11072725.4163132,442.0,7.447875100819839e-08,462.5,BID
620,1712178613.9197686,11073015.47777419,442.0,5.392764685522395e-08,462.5,BID
621,1712178614.0796597,11074393.00979927,442.1,-2.5610799975502e-07,462.5,ASK
622,1712178614.0993867,11075260.00979927,442.1,-1.61190906450744e-07,462.5,ASK
623,1712178617.7828548,11077812.30979927,442.3,4.745185127270521e-07,462.5,BID
624,1712178618.76178,11078033.50979927,442.3,4.1125061714861e-08,462.5,BID
625,1712178619.2496672,11078440.40979927,442.3,7.56500344116122e-08,462.5,BID
626,1712178622.0594008,11078761.74398739,442.3,5.974180975403409e-08,462.5,BID
627,1712178630.1593993,11078761.74398739,442.3,0.0,462.5,BID
628,1712178641.1297016,11081448.40979927,441.2,-4.990869192153657e-07,462.5,ASK
629,1712178650.929556,11088816.34726055,440.0,-1.368700637147286e-06,462.5,ASK
630,1712178650.9338367,11090641.76710736,440.0,-3.390980610952251e-07,462.5,ASK
631,1712178650.9387898,11090710.42195853,440.0,-1.2753628682899593e-08,462.5,ASK
632,1712178650.9492135,11091661.66292505,440.0,-1.767067274658376e-07,462.5,ASK
633,1712178650.953504,11103595.51691446,440.0,-2.2168854777566995e-06,462.5,ASK
634,1712178651.0491004,11104859.62393309,440.0,-2.3482610851579765e-07,462.5,ASK
635,1712178651.059131,11105691.89199828,440.0,-1.5460579532457397e-07,462.5,ASK
636,1712178651.080108,11109045.08996352,440.0,-6.229048788245569e-07,462.5,ASK
637,1712178651.082693,11109272.36269079,440.0,-4.2219186611581136e-08,462.5,ASK
638,1712178651.0854747,11111938.53319516,440.0,-4.952796202808508e-07,462.5,ASK
639,1712178651.1491485,11113136.04221465,440.0,-2.224545697598043e-07,462.5,ASK
640,1712178651.1596212,11116191.48685293,440.0,-5.675929044132015e-07,462.5,ASK
641,1712178651.1688526,11120158.24123613,440.0,-7.368818316148453e-07,462.5,ASK
642,1712178651.1764586,11123648.82073523,440.0,-6.484254799308594e-07,462.5,ASK
643,1712178651.2691405,11128972.60410957,440.0,-9.889695365614183e-07,462.5,ASK
644,1712178651.659946,11133516.60410957,440.1,-8.441135294486289e-07,462.5,ASK
645,1712178651.6658013,11134187.44437632,440.0,-1.2461825379885125e-07,462.5,ASK
646,1712178651.67934,11136820.89560024,440.0,-4.892015420895231e-07,462.5,ASK
647,1712178651.8596456,11137430.88899657,440.3,-1.1331507013983889e-07,462.5,ASK
648,1712178651.8654902,11137570.34507881,440.3,-2.5905978385226925e-08,462.5,ASK
649,1712178651.8702211,11144379.2420375,440.3,-1.264850801816014e-06,462.5,ASK
650,1712178651.8796132,11148364.28293064,440.3,-7.402788145480894e-07,462.5,ASK
651,1712178651.8840714,11152908.28293064,440.1,-8.441135294486289e-07,462.5,ASK
652,1712178651.88853,11154271.60944734,440.1,-2.532575611359456e-07,462.5,ASK
653,1712178651.8915174,11156284.54769538,440.0,-3.739323083440393e-07,462.5,ASK
654,1712178651.8990371,11157928.30847797,440.0,-3.053522701939701e-07,462.5,ASK
655,1712178652.1791492,11162704.59409313,440.4,-8.87263932277359e-07,462.5,ASK
656,1712178652.1835985,11163131.02920935,440.3,-7.921647249822899e-08,462.5,ASK
657,1712178652.27943,11165676.68480334,440.3,-4.7289223772108826e-07,462.5,ASK
658,1712178652.2907307,11167599.76606604,440.3,-3.572400774811713e-07,462.5,ASK
659,1712178652.559662,11169831.48086704,440.3,-4.145732080531792e-07,462.5,ASK
660,1712178652.5656695,11172103.69172821,440.1,-4.2209593522761403e-07,462.5,ASK
661,1712178652.5702755,11172616.79816495,440.1,-9.531692018044093e-08,462.5,ASK
662,1712178652.5743735,11173831.00094014,440.2,-2.2555567562316425e-07,462.5,ASK
663,1712178652.5793626,11174681.2210201,440.1,-1.579406409558507e-07,462.5,ASK
664,1712178652.5820754,11175922.23952055,440.1,-2.30537083302193e-07,462.5,ASK
665,1712178653.167629,11177078.67296955,441.6,2.148241901866071e-07,462.5,BID
666,1712178653.246661,11177275.17296955,441.6,3.65027087448626e-08,462.5,BID
667,1712178653.258989,11177285.56603725,441.6,1.9306622048219686e-09,462.5,BID
668,1712178653.2688444,11177583.73546071,442.1,5.5389270336646535e-08,462.5,BID
669,1712178653.8890798,11182062.93643224,442.1,8.32076175437621e-07,462.5,BID
670,1712178653.9691424,11182105.91859759,442.1,-7.984557063520122e-09,462.5,ASK
671,1712178653.9720807,11186649.91859759,442.1,-8.441135294486289e-07,462.5,ASK
672,1712178654.1692412,11188830.85683095,442.1,4.051407283608086e-07,462.5,BID
673,1712178655.269231,11191012.42547593,442.1,4.052578364103223e-07,462.5,BID
674,1712178655.2720938,11191347.70547592,442.1,6.228309510235672e-08,462.5,BID
675,1712178658.42948,11191857.11888266,442.1,9.463088660011377e-08,462.5,BID
676,1712178658.568998,11192239.38021106,442.1,7.101055437683246e-08,462.5,BID
677,1712178658.6691377,11192619.03498374,442.1,7.052634906196586e-08,462.5,BID
678,1712178659.743709,11193337.06573774,442.1,1.333845673440926e-07,462.5,BID
679,1712178660.1689851,11193337.06573774,442.1,0.0,462.5,BID
680,1712178660.4470322,11193374.85683095,442.1,6.955041628580968e-09,462.5,BID
681,1712178660.4554098,11193638.57037939,442.1,4.8533623971677523e-08,462.5,BID
682,1712178660.579363,11193989.05314111,442.1,6.450255842597315e-08,462.5,BID
683,1712178660.842199,11194738.18334765,442.1,1.3786930540851758e-07,462.5,BID
684,1712178676.7650137,11195490.9472444,442.5,1.3853804675809457e-07,462.5,BID
685,1712178678.148478,11196201.11660168,442.5,1.3069898284131596e-07,462.5,BID
686,1712178679.8591726,11197461.62383931,442.5,2.319827124807315e-07,462.5,BID
687,1712178679.8663898,11200733.18095699,442.5,6.020946739044957e-07,462.5,BID
688,1712178679.8712783,11205265.2453123,442.5,8.340773863852272e-07,462.5,BID
689,1712178679.97887,11207361.93451304,442.5,3.858729513773566e-07,462.5,BID
690,1712178679.9849024,11209797.30966761,442.5,4.482044350078706e-07,462.5,BID
691,1712178681.4785707,11210281.30966761,442.5,8.907496084813035e-08,462.5,BID
692,1712178681.5585852,11210682.73518515,442.5,7.387802119494592e-08,462.5,BID
693,1712178685.558806,11213632.58769252,442.6,5.428884227307966e-07,462.5,BID
694,1712178687.1785195,11215039.14369252,442.9,2.58861406261758e-07,462.5,BID
695,1712178687.2995198,11219866.56206114,441.7,-8.884340954182702e-07,462.5,ASK
696,1712178687.3054004,11220989.71828173,441.7,-2.0670474457703373e-07,462.5,ASK
697,1712178687.310096,11223039.86577436,441.7,-3.773074537994754e-07,462.5,ASK
698,1712178687.3147523,11224140.62995248,441.7,-2.02583731547578e-07,462.5,ASK
699,1712178687.3184617,11224479.76579043,441.2,-6.241427993335398e-08,462.5,ASK
700,1712178687.3212173,11224502.43124827,441.2,-4.171332168650623e-09,462.5,ASK
701,1712178687.323953,11225488.01287965,441.2,-1.8138563063582405e-07,462.5,ASK
702,1712178687.3992064,11227274.61224805,441.2,-3.288042743628141e-07,462.5,ASK
703,1712178687.410533,11231888.58797843,441.2,-8.491522883012932e-07,462.5,ASK
704,1712178687.4172716,11237362.45214048,441.2,-1.007405446121083e-06,462.5,ASK
705,1712178687.4985003,11240692.62947941,441.2,-6.128830910795599e-07,462.5,ASK
706,1712178689.3489132,11241377.94161674,442.9,1.2612428058143368e-07,462.5,BID
707,1712178689.388564,11242061.97609147,442.9,1.258891406103098e-07,462.5,BID
708,1712178690.1483507,11242061.97609147,442.9,0.0,462.5,BID
709,1712178699.1985204,11244240.41682672,443.1,3.993357114588194e-07,462.5,BID
710,1712178718.9770715,11244593.84853403,442.8,6.47884975742474e-08,462.5,BID
711,1712178719.067973,11245035.49374912,442.8,8.09591481310615e-08,462.5,BID
712,1712178719.112803,11245473.64493892,442.8,8.031864914859138e-08,462.5,BID
713,1712178719.147871,11245776.92371682,442.8,5.5594831929019945e-08,462.5,BID
714,1712178720.2282133,11245776.92371682,442.8,0.0,462.5,BID
715,1712178722.3986602,11246250.31934151,442.8,8.675322894847348e-08,462.5,BID
716,1712178722.5220408,11249483.09676552,442.8,5.924302325108113e-07,462.5,BID
717,1712178722.5283673,11250781.35694912,442.8,2.3791572432975281e-07,462.5,BID
718,1712178722.618375,11252162.55525549,442.8,2.5311474514402496e-07,462.5,BID
719,1712178722.6288116,11255312.39455673,442.8,5.772312116961978e-07,462.5,BID
720,1712178726.3053627,11255674.91287361,442.8,6.64341470478667e-08,462.5,BID
721,1712178726.3827631,11257604.02998238,442.8,3.535248943527829e-07,462.5,BID
722,1712178726.3892243,11257769.70741543,442.8,3.036160777857063e-08,462.5,BID
723,1712178726.4267535,11258206.85751519,442.8,8.011097000352358e-08,462.5,BID
724,1712178726.4679005,11258559.70922947,442.8,6.466267104562306e-08,462.5,BID
725,1712178726.9859295,11258823.84617782,442.8,4.840503789836846e-08,462.5,BID
726,1712178742.2559776,11259107.85954355,443.1,5.204753752805463e-08,462.5,BID
727,1712178747.4516835,11261194.47315483,442.0,-3.823872864581831e-07,462.5,ASK
728,1712178747.527989,11261635.36078951,442.0,-8.079590075844722e-08,462.5,ASK
729,1712178747.534309,11262880.74130695,442.0,-2.282251366987993e-07,462.5,ASK
730,1712178747.9878712,11263196.72571272,443.4,5.790646568809139e-08,462.5,BID
731,1712178750.2477322,11263196.72571272,443.4,0.0,462.5,BID
732,1712178754.4374733,11263264.38471136,443.3,1.2381513269675412e-08,462.5,BID
733,1712178765.5475955,11263861.80579505,443.2,1.0932732118318805e-07,462.5,BID
734,1712178771.214182,11264393.58579504,443.2,9.73150838579961e-08,462.5,BID
735,1712178779.1902273,11264842.07791552,443.2,8.207350467297969e-08,462.5,BID
736,1712178779.1971912,11265289.66977971,443.2,8.190875888284876e-08,462.5,BID
737,1712178779.2372713,11265558.79735877,443.2,4.925001490308347e-08,462.5,BID
738,1712178780.1625896,11265558.79735877,443.2,0.0,462.5,BID
739,1712178782.9474745,11265865.68458291,443.2,5.614922645205885e-08,462.5,BID
740,1712178791.6734288,11266551.74480744,443.0,1.2552412703053685e-07,462.5,BID
741,1712178795.717508,11266574.40000744,441.4,-4.145079543881937e-09,462.5,ASK
742,1712178795.7251563,11267511.67927387,441.1,-1.7148809608201138e-07,462.5,ASK
743,1712178795.7319918,11273324.67927387,441.4,-1.06356807221566e-06,462.5,ASK
744,1712178796.1573527,11276265.10855693,441.4,5.379918637658251e-07,462.5,BID
745,1712178796.2048128,11276740.10855693,443.0,8.690776437337665e-08,462.5,BID
746,1712178796.3571672,11278921.51137615,442.4,-3.991175625603985e-07,462.5,ASK
747,1712178796.3992147,11278921.51137616,442.4,-1.7039823762166e-18,462.5,ASK
748,1712178796.4371216,11279172.01678916,442.4,4.5833400857644966e-08,462.5,BID
749,1712178796.5170822,11283697.92762871,442.4,8.28077458565347e-07,462.5,BID
750,1712178796.5370586,11286637.55788278,442.4,5.378456704537007e-07,462.5,BID
751,1712178796.9571629,11287199.28708711,442.4,1.0277606175075277e-07,462.5,BID
752,1712178799.436077,11287523.13315401,442.4,5.9252079316536856e-08,462.5,BID
753,1712178799.4766233,11287806.00875813,442.4,5.1755971262660686e-08,462.5,BID
754,1712178807.6379414,11288688.13754304,441.8,-1.6139755912824808e-07,462.5,ASK
755,1712178807.6444774,11288950.91998478,441.8,-4.8079651638473374e-08,462.5,ASK
756,1712178807.6492765,11289247.03330068,441.8,-5.41779921809748e-08,462.5,ASK
757,1712178807.65213,11289832.94605958,441.9,-1.0720077472417965e-07,462.5,ASK
758,1712178807.6549947,11289897.52769121,441.8,-1.1816095209355056e-08,462.5,ASK
759,1712178808.1770043,11290554.53935421,442.8,1.2020929431295561e-07,462.5,BID
760,1712178808.4627695,11291062.38993721,442.8,9.291822906159033e-08,462.5,BID
761,1712178809.5472882,11291562.78246721,442.8,9.155367598194457e-08,462.5,BID
762,1712178810.1572282,11291562.78246721,442.8,0.0,462.5,BID
763,1712178810.4272213,11292062.80209321,442.8,9.12934496371296e-08,462.5,BID
764,1712178811.3871424,11292562.80307421,442.8,9.12900454384068e-08,462.5,BID
765,1712178811.7697067,11292950.8424463,442.8,7.084812481549092e-08,462.5,BID
766,1712178811.9269934,11293266.8812886,442.8,5.770228733570408e-08,462.5,BID
767,1712178812.2176094,11293999.97520938,442.8,1.338480920670417e-07,462.5,BID
768,1712178812.3227406,11294268.91539051,442.8,4.910302637098736e-08,462.5,BID
769,1712178812.3570075,11294768.91543951,442.8,9.128987527399053e-08,462.5,BID
770,1712178813.479815,11295268.91544251,442.8,9.128986687500381e-08,462.5,BID
771,1712178813.8772838,11295710.52769121,442.8,8.062944630481599e-08,462.5,BID
772,1712178813.8862798,11295743.91544251,442.8,6.095926706283357e-09,462.5,BID
773,1712178814.5371306,11296695.02676151,442.8,1.7365365034809505e-07,462.5,BID
774,1712178822.1670566,11297830.27676151,442.8,2.0727364149652746e-07,462.5,BID
775,1712178823.4669266,11298362.03926151,442.8,9.708905508612977e-08,462.5,BID
776,1712178825.6824512,11298863.62738651,442.8,9.157982576535482e-08,462.5,BID
777,1712178826.746802,11300268.99803751,442.8,2.565921977405501e-07,462.5,BID
778,1712178827.486884,11300314.16515584,442.8,8.246600389404424e-09,462.5,BID
779,1712178838.2167904,11300711.90515584,442.8,7.261926286621903e-08,462.5,BID
780,1712178840.2390409,11300711.90515584,442.8,0.0,462.5,BID
781,1712178840.7592964,11301555.52943699,442.8,1.539148490911877e-07,462.5,BID
782,1712178840.8689094,11302023.99723524,442.8,8.546950589580481e-08,462.5,BID
783,1712178840.899856,11302374.3549991,442.8,6.39209462758806e-08,462.5,BID
784,1712178841.106568,11302633.10201913,442.8,4.7207043977136656e-08,462.5,BID
785,1712178841.3366446,11303169.18713706,442.8,9.780593312667037e-08,462.5,BID
786,1712178841.4564502,11303571.04800256,442.8,7.33174184894904e-08,462.5,BID
787,1712178842.1564388,11303931.99355217,442.8,6.585263255190134e-08,462.5,BID
788,1712178855.5029397,11304731.99355217,442.8,1.4595582657355813e-07,462.5,BID
789,1712178860.856781,11304841.4985894,441.9,-1.99786227785014e-08,462.5,ASK
790,1712178866.8228796,11304883.70487184,442.8,7.700316050263603e-09,462.5,BID
791,1712178866.8287957,11305156.39858939,442.8,4.9751546182782214e-08,462.5,BID
792,1712178867.0764835,11308279.29858939,442.8,5.697568135082738e-07,462.5,BID
793,1712178868.1009986,11310063.49858939,442.9,3.255179822158819e-07,462.5,BID
794,1712178868.3867595,11312155.54909429,441.9,-3.816837008451406e-07,462.5,ASK
795,1712178868.8665178,11312381.84463627,441.9,-4.1286441099728125e-08,462.5,ASK
796,1712178870.1944091,11314661.24463627,443.0,4.158646388644386e-07,462.5,BID
797,1712178870.2270184,11314661.24463627,443.0,0.0,462.5,BID
798,1712178875.173159,11314882.44463627,442.8,4.031136980404219e-08,462.5,BID
799,1712178875.293023,11320172.94463627,442.8,9.641378930705593e-07,462.5,BID
800,1712178879.6464703,11320210.28502617,442.5,6.804892702869659e-09,462.5,BID
801,1712178879.6533322,11320285.88773048,442.8,1.3777796435657393e-08,462.5,BID
802,1712178879.7733736,11320488.80566949,442.8,3.6979656778053695e-08,462.5,BID
803,1712178879.7795343,11320785.98773048,442.8,5.4158299998436884e-08,462.5,BID
804,1712178879.8933785,11325832.68773048,442.7,9.197079113426846e-07,462.5,BID
805,1712178886.029598,11326099.95292809,442.1,4.870626680186321e-08,462.5,BID
806,1712178887.9965675,11326576.30069521,442.1,8.680936254799381e-08,462.5,BID
807,1712178888.016173,11326883.93605724,442.1,5.6063303994085945e-08,462.5,BID
808,1712178889.4599314,11327166.7068299,442.1,5.153199451365509e-08,462.5,BID
809,1712178889.4765174,11327449.09664967,442.1,5.1462569862364734e-08,462.5,BID
810,1712178895.656211,11328007.67347409,442.1,1.017947420121666e-07,462.5,BID
811,1712178895.6617603,11328077.10038802,442.1,1.2652323696996645e-08,462.5,BID
812,1712178895.7692838,11328489.63799294,442.1,7.518063268509391e-08,462.5,BID
813,1712178895.7735226,11328902.16229926,442.1,7.517820915516969e-08,462.5,BID
814,1712178895.7768092,11329311.68042335,442.1,7.46303641117161e-08,462.5,BID
815,1712178897.6328545,11329596.20686521,442.1,5.185194673068208e-08,462.5,BID
816,1712178899.583804,11330034.09864621,442.1,7.980116418611856e-08,462.5,BID
817,1712178900.1861615,11330034.09864621,442.1,0.0,462.5,BID
818,1712178902.0662675,11334560.00948576,442.1,8.237781768474952e-07,462.5,BID
819,1712178902.154849,11339085.92032531,442.1,8.237781768474952e-07,462.5,BID
820,1712178902.164526,11339361.23126324,442.1,5.0110386738552174e-08,462.5,BID
1021,1712178902.2266102,11339484.20803721,442.1,2.2383468487753172e-08,462.5,BID
821,1712178902.2266102,11339484.20803721,442.1,2.238346848775317e-08,462.5,BID
822,1712178906.5806415,11339930.34951786,442.2,8.120390095477678e-08,462.5,BID
823,1712178907.9703383,11340264.37778556,442.4,6.079775036155275e-08,462.5,BID
824,1712178911.0362911,11340287.92670145,441.9,-4.286227388724216e-09,462.5,ASK
825,1712178911.0436192,11340877.15198165,441.8,-1.0724712533735897e-07,462.5,ASK
826,1712178916.4772651,11341155.82099914,442.4,5.0721603520278214e-08,462.5,BID
1026,1712178916.4772651,11341155.82099914,442.4,5.072160352027821e-08,462.5,BID
827,1712178916.4882834,11342485.04760867,442.3,2.419375705431628e-07,462.5,BID
828,1712178916.4925427,11343330.73442642,442.4,1.539266613081506e-07,462.5,BID
829,1712178924.2963378,11343703.03997655,442.4,6.776474353764452e-08,462.5,BID
830,1712178926.2865849,11343703.03997656,441.8,-1.6951354981838353e-18,462.5,ASK
831,1712178926.400499,11344127.23997656,441.8,7.721024894391369e-08,462.5,BID
832,1712178928.5160367,11344170.62343813,441.0,-7.896388184215288e-09,462.5,ASK
833,1712178928.523017,11345767.21692945,441.4,-2.9060202953049295e-07,462.5,ASK
834,1712178930.1557856,11345767.21692945,441.4,-0.0,462.5,ASK
835,1712178934.855895,11350150.88157277,442.0,7.96878634863529e-07,462.5,BID
836,1712178934.9560947,11350598.03669434,442.0,-8.128549782938805e-08,462.5,ASK
837,1712178934.96294,11351510.77907197,442.0,-1.6592165666138709e-07,462.5,ASK
838,1712178936.686008,11351817.88907197,442.0,5.582758204951407e-08,462.5,BID
839,1712178938.206437,11351957.93419353,442.0,2.5457915777842364e-08,462.5,BID
840,1712178938.212479,11352067.80575624,442.0,1.9972855596087852e-08,462.5,BID
1040,1712178938.212479,11352067.80575624,442.0,1.997285559608785e-08,462.5,BID
841,1712178944.1140172,11352764.17777636,442.0,1.2658905958908373e-07,462.5,BID
842,1712178959.6756926,11357890.2448413,441.8,9.318352696419946e-07,462.5,BID
843,1712178959.7876194,11358365.7544313,441.8,-8.643987708346366e-08,462.5,ASK
844,1712178959.7908387,11358365.75443185,441.8,-9.988654747457468e-17,462.5,ASK
845,1712178960.0655894,11358676.42292539,441.8,5.647445805538864e-08,462.5,BID
846,1712178960.215341,11358676.42292539,441.8,0.0,462.5,BID
847,1712178965.1555858,11359368.14646382,441.0,-1.2561377768470593e-07,462.5,ASK
848,1712178965.1721492,11359402.42292539,441.0,-6.2244460166716084e-09,462.5,ASK
1048,1712178965.1721492,11359402.42292539,441.0,-6.224446016671608e-09,462.5,ASK
849,1712178965.36705,11359983.42292539,441.0,-1.0550689803099221e-07,462.5,ASK
850,1712178965.7258666,11360447.42292539,441.0,-8.426024214523304e-08,462.5,ASK
851,1712178988.0059514,11362307.77146382,441.0,-3.378306429368028e-07,462.5,ASK
852,1712178988.015337,11369060.65234971,440.2,-1.2262917642736774e-06,462.5,ASK
853,1712178988.0214324,11372307.77146382,440.2,-5.89661730235655e-07,462.5,ASK
854,1712178988.0254345,11372361.31891881,439.8,-9.723968800860016e-09,462.5,ASK
855,1712178988.0286086,11374060.65234971,439.8,-3.0859104821815125e-07,462.5,ASK
856,1712178990.215189,11374060.65234971,439.8,-0.0,462.5,ASK
857,1712179008.655627,11375395.7046259,439.7,-2.421414049489192e-07,462.5,ASK
858,1712179013.805271,11375462.9134859,441.8,1.218982063499946e-08,462.5,BID
859,1712179020.1450398,11375462.9134859,441.8,0.0,462.5,BID
860,1712179024.5051713,11376139.55917422,441.4,1.227110097662799e-07,462.5,BID
861,1712179031.1508946,11376627.26134813,441.6,8.844573645988798e-08,462.5,BID
862,1712179031.1935823,11377094.38610759,441.7,8.471398238346305e-08,462.5,BID
863,1712179050.155037,11377094.38610759,441.7,0.0,462.5,BID
864,1712179050.224332,11377105.70344575,441.8,2.052153161664902e-09,462.5,BID
865,1712179073.8850155,11377128.34837328,441.6,-4.1061651578539585e-09,462.5,ASK
866,1712179073.9845357,11378260.85120453,441.5,-2.053547603709085e-07,462.5,ASK
867,1712179074.8646865,11378584.54601962,441.5,5.8695015457765065e-08,462.5,BID
868,1712179080.2345495,11378584.54601962,441.5,0.0,462.5,BID
869,1712179094.198143,11379202.64234766,441.7,1.120649584878463e-07,462.5,BID
870,1712179110.2245038,11379202.64234766,441.7,0.0,462.5,BID
871,1712179122.9342952,11384202.64234766,442.2,9.064882492016948e-07,462.5,BID
872,1712179135.270092,11384489.62225766,442.2,5.2028783234264375e-08,462.5,BID
873,1712179135.6876905,11384874.47970905,442.2,6.977375146063561e-08,462.5,BID
1074,1712179136.6661732,11385162.49895691,442.2,5.2217212745748663e-08,462.5,BID
874,1712179136.6661732,11385162.49895691,442.2,5.221721274574866e-08,462.5,BID
875,1712179140.1562753,11385162.49895691,442.2,0.0,462.5,BID
876,1712179157.7738876,11385176.37562356,441.8,-2.51460557115325e-09,462.5,ASK
877,1712179170.15407,11385176.37562356,441.8,-0.0,462.5,ASK
878,1712179197.2138028,11385208.35014076,440.5,-5.794129944112085e-09,462.5,ASK
879,1712179200.1830454,11385208.35014076,440.5,-0.0,462.5,ASK
880,1712179210.0253358,11385321.88329244,440.4,-2.0643158285004024e-08,462.5,ASK
881,1712179210.0287924,11393755.57890198,440.0,-1.5334561827813327e-06,462.5,ASK
882,1712179210.0321002,11396571.98650439,440.5,-5.120931381805973e-07,462.5,ASK
883,1712179213.4739635,11396843.60262027,441.8,4.9386583476759363e-08,462.5,BID
884,1712179218.95349,11397469.34154081,441.5,1.137749405400652e-07,462.5,BID
885,1712179218.9734466,11397749.1306449,441.5,5.0872636553053584e-08,462.5,BID
886,1712179219.0738375,11398267.43258345,441.5,9.424021793198256e-08,462.5,BID
887,1712179219.1335526,11398873.85634024,441.5,1.1026296208570641e-07,462.5,BID
888,1712179219.273887,11399324.48113965,441.5,8.19348262922891e-08,462.5,BID
889,1712179219.3132992,11399777.56042952,441.5,8.23811138685096e-08,462.5,BID
890,1712179219.8218377,11400507.62245251,441.5,1.327434821931366e-07,462.5,BID
891,1712179220.213498,11401202.03112059,441.5,1.2626081314106937e-07,462.5,BID
892,1712179220.253509,11401901.9195172,441.5,1.2725716444210585e-07,462.5,BID
893,1712179222.963577,11402264.03214893,441.5,6.584110687605943e-08,462.5,BID
894,1712179223.163624,11402623.61316909,441.5,6.53807967593435e-08,462.5,BID
895,1712179224.2737763,11402656.60262027,441.5,5.998304921060807e-09,462.5,BID
896,1712179224.2796946,11402890.84502177,441.5,4.25911101702962e-08,462.5,BID
897,1712179230.1685944,11402890.84502177,441.5,0.0,462.5,BID
898,1712179260.2233992,11402890.84502177,441.5,0.0,462.5,BID
899,1712179290.233304,11402890.84502177,441.5,0.0,462.5,BID
900,1712179303.1331732,11403739.88537121,441.4,1.54158319940898e-07,462.5,BID
901,1712179320.1502802,11403739.88537121,441.4,0.0,462.5,BID
902,1712179324.743122,11404059.88537121,441.8,5.8097716926244025e-08,462.5,BID
903,1712179324.7529104,11404124.1093143,441.8,1.1660201454793366e-08,462.5,BID
904,1712179347.1631713,11404560.12260589,442.4,7.91605524714713e-08,462.5,BID
905,1712179347.303475,11404886.98819932,442.4,5.93442022500152e-08,462.5,BID
906,1712179350.1528826,11404886.98819932,442.4,0.0,462.5,BID
907,1712179371.08297,11405444.17819931,442.4,1.011515186397584e-07,462.5,BID
908,1712179376.9728043,11407024.17819931,442.4,2.8683106203205217e-07,462.5,BID
909,1712179376.978844,11411014.17819931,442.4,7.243392009543596e-07,462.5,BID
910,1712179376.9924066,11418123.17819931,442.4,1.2905582404973791e-06,462.5,BID
911,1712179377.0925426,11418124.1093143,442.4,1.6903335539964426e-10,462.5,BID
912,1712179380.1698794,11418124.1093143,442.4,0.0,462.5,BID
913,1712179410.1627378,11418124.1093143,442.4,0.0,462.5,BID
914,1712179413.0223904,11418175.95263227,442.4,-9.40157089918306e-09,462.5,ASK
915,1712179440.212185,11418175.95263227,442.4,-0.0,462.5,ASK
916,1712179445.9834251,11419562.08804278,442.6,2.513688676831419e-07,462.5,BID
917,1712179448.272446,11419584.6818069,442.6,4.097268463234599e-09,462.5,BID
918,1712179451.3678317,11421713.01866039,442.4,-3.859634642141685e-07,462.5,ASK
919,1712179451.422295,11423415.01866039,442.4,-3.086493639458321e-07,462.5,ASK
920,1712179451.515149,11424008.90437774,442.4,-1.0769826610829745e-07,462.5,ASK
921,1712179451.6219635,11424825.90437774,442.4,-1.4815894849808745e-07,462.5,ASK
922,1712179452.0222154,11425479.90437774,442.4,-1.1859969683935029e-07,462.5,ASK
923,1712179452.9521215,11428098.02922086,442.4,-4.747841172502626e-07,462.5,ASK
924,1712179452.9724357,11428621.02922086,441.0,-9.484348845104006e-08,462.5,ASK
925,1712179458.692222,11428883.99576299,442.2,4.768769445802769e-08,462.5,BID
926,1712179462.3694737,11429142.03120831,442.2,4.67934642029023e-08,462.5,BID
927,1712179463.5120528,11429431.21577758,442.2,5.244220526906905e-08,462.5,BID
928,1712179470.261876,11429431.21577758,442.2,0.0,462.5,BID
929,1712179484.4612155,11429811.34935965,442.1,6.887318005530883e-08,462.5,BID
930,1712179484.5092697,11430151.15935964,442.1,6.156729217762732e-08,462.5,BID
931,1712179499.5220203,11430326.95935964,442.1,3.1851711148030115e-08,462.5,BID
932,1712179500.1541998,11430326.95935964,442.1,0.0,462.5,BID
933,1712179501.2719233,11430996.95935964,442.1,1.2240168084879146e-07,462.5,BID
934,1712179530.1518748,11430996.95935964,442.1,0.0,462.5,BID
935,1712179536.0818226,11431048.95935964,443.0,9.499317902444764e-09,462.5,BID
936,1712179560.2252977,11431048.95935964,443.0,0.0,462.5,BID
937,1712179587.0214653,11431895.72784898,443.0,-1.5468633116502086e-07,462.5,ASK
938,1712179590.2313402,11431895.72784898,443.0,-0.0,462.5,ASK
939,1712179592.5616243,11435059.12784898,442.8,5.77845321702735e-07,462.5,BID
940,1712179593.30915,11435723.94558887,442.8,1.2143953366033906e-07,462.5,BID
941,1712179593.3413186,11436116.67077941,442.8,7.173750207653453e-08,462.5,BID
942,1712179597.2114005,11436131.75276809,441.3,-2.7549651009292242e-09,462.5,ASK
1142,1712179597.2114005,11436131.75276809,441.3,-2.754965100929224e-09,462.5,ASK
943,1712179606.4112773,11436403.94930416,442.8,4.9721026411981024e-08,462.5,BID
944,1712179609.5259798,11436723.88035559,442.8,5.844049482707862e-08,462.5,BID
945,1712179620.1519125,11436723.88035559,442.8,0.0,462.5,BID
946,1712179638.451105,11437426.88035559,443.3,1.283640022287018e-07,462.5,BID
947,1712179642.761871,11438221.38035559,443.3,1.450714079241872e-07,462.5,BID
948,1712179643.557223,11438996.09121676,443.3,1.4145801807953153e-07,462.5,BID
949,1712179643.5715396,11439750.18035559,443.3,1.3769260298353384e-07,462.5,BID
950,1712179644.1513202,11440197.71854259,443.3,8.171805523984744e-08,462.5,BID
951,1712179644.432598,11440210.29399195,443.3,2.296209117359156e-09,462.5,BID
952,1712179650.1642392,11440210.29399195,443.3,0.0,462.5,BID
953,1712179680.221057,11440210.29399195,443.3,0.0,462.5,BID
954,1712179710.2210104,11440210.29399195,443.3,0.0,462.5,BID
955,1712179740.150753,11440210.29399195,443.3,0.0,462.5,BID
956,1712179770.1419797,11440210.29399195,443.3,0.0,462.5,BID
957,1712179800.2688236,11440210.29399195,443.3,0.0,462.5,BID
958,1712179825.8605757,11440343.33168596,442.7,-2.436552597713211e-08,462.5,ASK
959,1712179830.1506925,11440343.33168596,442.7,-0.0,462.5,ASK
1160,1712179832.3104007,11440478.5277202,443.8,-2.476055359124077e-08,462.5,ASK
960,1712179832.3104007,11440478.5277202,443.8,-2.4760553591240772e-08,462.5,ASK
961,1712179860.230228,11440478.5277202,443.8,-0.0,462.5,ASK
962,1712179866.9301393,11440742.2559047,444.1,4.8300115652958974e-08,462.5,BID
963,1712179890.2100573,11440742.2559047,444.1,0.0,462.5,BID
964,1712179914.8902986,11440742.25590482,444.3,2.1831944052543925e-17,462.5,BID
965,1712179914.89657,11441725.46867582,444.3,1.800652137858953e-07,462.5,BID
966,1712179920.1333897,11441725.46867582,444.3,0.0,462.5,BID
967,1712179936.889788,11442008.39867582,444.7,5.181154775990045e-08,462.5,BID
1167,1712179936.889788,11442008.39867582,444.7,5.1811547759900454e-08,462.5,BID
968,1712179947.5999355,11442120.83402549,444.7,2.058972003427904e-08,462.5,BID
969,1712179949.450003,11442233.26937516,444.7,2.0589720034620134e-08,462.5,BID
970,1712179950.1547568,11442233.26937516,444.7,0.0,462.5,BID
971,1712179952.320258,11442345.73001393,444.6,2.0593499495010923e-08,462.5,BID
972,1712179954.6697652,11442458.1906527,444.6,2.0593499495352e-08,462.5,BID
973,1712179956.1435857,11443132.80275074,444.6,1.235332117298033e-07,462.5,BID
974,1712179980.180976,11443132.80275074,444.6,0.0,462.5,BID
975,1712179985.6399462,11443357.97726098,444.1,-4.1230350815007464e-08,462.5,ASK
1175,1712179985.6399462,11443357.97726098,444.1,-4.123035081500746e-08,462.5,ASK
976,1712179985.647447,11443470.5645161,444.1,-2.0615175407162672e-08,462.5,ASK
977,1712179996.719733,11444023.3503071,443.8,1.0121728282720621e-07,462.5,BID
978,1712179997.1326363,11449283.5645161,443.8,9.631661992622889e-07,462.5,BID
979,1712180010.159626,11449283.5645161,443.8,0.0,462.5,BID
980,1712180040.2528963,11449283.5645161,443.8,0.0,462.5,BID
981,1712180070.2192326,11449283.5645161,443.8,0.0,462.5,BID
982,1712180100.1379418,11449283.5645161,443.8,0.0,462.5,BID
983,1712180127.3693204,11451316.05196363,444.7,3.722720887724482e-07,462.5,BID
984,1712180130.140184,11451316.05196363,444.7,0.0,462.5,BID
985,1712180132.6693952,11452200.95196363,444.7,1.620521912241791e-07,462.5,BID
986,1712180132.789031,11452672.78751489,444.7,8.640748669807396e-08,462.5,BID
987,1712180139.439168,11452948.97340791,444.7,5.0578064356451567e-08,462.5,BID
988,1712180140.2390344,11453167.81426191,444.7,4.007643792530724e-08,462.5,BID
989,1712180145.859064,11453647.31833302,444.7,8.781182667464874e-08,462.5,BID
990,1712180160.1981268,11453647.31833302,444.7,0.0,462.5,BID
991,1712180190.154127,11453647.31833302,444.7,0.0,462.5,BID
992,1712180209.538818,11453928.3439981,444.7,5.145460543575898e-08,462.5,BID
993,1712180220.2187967,11453928.3439981,444.7,0.0,462.5,BID
994,1712180222.099104,11454202.98841018,444.7,5.0285074503755634e-08,462.5,BID
995,1712180222.475084,11454689.63392618,444.7,8.910068784434977e-08,462.5,BID
996,1712180223.5116994,11456311.79421986,444.7,2.9700386258396575e-07,462.5,BID
997,1712180224.049106,11457021.39421986,444.7,1.299217726573484e-07,462.5,BID
998,1712180224.131934,11460326.38586221,444.7,6.051160834161522e-07,462.5,BID
999,1712180224.140915,11460349.04106221,444.7,4.147975963609138e-09,462.5,BID
1000,1712180250.219163,11460349.04106221,444.7,0.0,462.5,BID
1201,1712180271.4197502,11460644.46099636,445.1,5.40606355657226e-08,462.5,BID
1202,1712180280.1553752,11460644.46099636,445.1,0.0,462.5,BID
1203,1712180306.750739,11460756.82054692,445.0,2.056084189338909e-08,462.5,BID
1204,1712180309.3053997,11460869.18009748,445.0,2.056084189338909e-08,462.5,BID
1205,1712180310.1476102,11460869.18009748,445.0,0.0,462.5,BID
1206,1712180311.420944,11460981.53964804,445.0,2.0560465654358723e-08,462.5,BID
1207,1712180340.2217555,11460981.53964804,445.0,0.0,462.5,BID
1208,1712180347.7121124,11466794.53964804,444.9,1.063700350744571e-06,462.5,BID
1209,1712180347.72202,11472933.70148547,445.0,1.1233835540603284e-06,462.5,BID
1210,1712180347.7243316,11501091.76715645,445.0,5.152545042234687e-06,462.5,BID
1211,1712180347.8556592,11505033.4227941,445.0,-7.212696515194269e-07,462.5,ASK
1212,1712180347.961994,11505521.4227941,443.7,-8.929739741327209e-08,462.5,ASK
1213,1712180347.9647703,11505821.4227941,443.8,-5.4895941032749234e-08,462.5,ASK
1214,1712180370.2325535,11505821.4227941,443.8,-0.0,462.5,ASK
1215,1712180400.1671014,11505821.4227941,443.8,-0.0,462.5,ASK
1216,1712180400.863444,11505851.4227941,445.1,5.472817314394281e-09,462.5,BID
1217,1712180400.8661563,11506116.4227941,445.1,4.8343219610482816e-08,462.5,BID
1218,1712180430.1642127,11506116.4227941,445.1,0.0,462.5,BID
1219,1712180460.2248647,11506116.4227941,445.1,0.0,462.5,BID
1220,1712180484.899511,11506127.64865849,445.4,2.0478544467532e-09,462.5,BID
1221,1712180490.225055,11506127.64865849,445.4,0.0,462.5,BID
1222,1712180504.905855,11506195.04924262,445.1,-1.2295397061069573e-08,462.5,ASK
1223,1712180504.9087386,11508441.73538056,445.1,-4.098465687546465e-07,462.5,ASK
1224,1712180508.795517,11508509.13596469,445.1,1.2295397061069573e-08,462.5,BID
1225,1712180509.4475703,11509117.05224499,445.1,1.1089773393945233e-07,462.5,BID
1226,1712180520.1656904,11509117.05224499,445.1,0.0,462.5,BID
1227,1712180534.1761434,11509130.32084467,444.9,-2.419906501360194e-09,462.5,ASK
1228,1712180534.1791031,11509261.57193291,444.4,-2.393736862694436e-08,462.5,ASK
1229,1712180538.4194722,11510014.87193291,445.1,1.3738567831014964e-07,462.5,BID
1230,1712180544.6129897,11510343.69014475,445.1,5.996935228213498e-08,462.5,BID
1231,1712180550.1679962,11510343.69014475,445.1,0.0,462.5,BID
1232,1712180551.4782276,11511498.57515765,445.1,2.106051589608713e-07,462.5,BID
1233,1712180551.5161812,11512225.40134442,445.1,1.3254422985133533e-07,462.5,BID
1234,1712180551.6162603,11512704.99520916,445.1,8.74588733871718e-08,462.5,BID
1235,1712180555.5949185,11513020.97999305,445.1,5.7623074935894535e-08,462.5,BID
1236,1712180561.7357564,11513525.87429713,445.1,9.207266869118024e-08,462.5,BID
1237,1712180574.5859313,11513825.72821831,445.1,5.4681446230119054e-08,462.5,BID
1238,1712180580.2524846,11513825.72821831,445.1,0.0,462.5,BID
1239,1712180592.4268568,11514093.47999307,445.1,4.8813493435116944e-08,462.5,BID
1240,1712180592.6333437,11514378.64609215,445.1,5.198827726866952e-08,462.5,BID
1241,1712180592.767763,11514680.58874103,445.1,5.50467892215016e-08,462.5,BID
1242,1712180595.4972124,11515084.74690773,445.1,7.36815732952742e-08,462.5,BID
1243,1712180610.227187,11515084.74690773,445.1,0.0,462.5,BID
1244,1712180626.872438,11515383.74877487,445.1,5.450509050509541e-08,462.5,BID
1245,1712180640.1579711,11515383.74877487,445.1,0.0,462.5,BID
1246,1712180652.8696446,11515608.41738866,445.1,4.09538782222868e-08,462.5,BID
1247,1712180660.2940493,11516107.21738866,445.1,9.092411313042449e-08,462.5,BID
1248,1712180670.1677022,11516107.21738866,445.1,0.0,462.5,BID
1249,1712180700.1699812,11516107.21738866,445.1,0.0,462.5,BID
1250,1712180719.8545644,11516244.61738866,445.1,2.5058901122474053e-08,462.5,BID
1251,1712180729.5989711,11516272.16834641,445.1,5.024721441761978e-09,462.5,BID
1252,1712180729.6089036,11516778.54177506,445.1,9.23519772893678e-08,462.5,BID
1253,1712180730.1642268,11516778.54177506,445.1,0.0,462.5,BID
1254,1712180730.271177,11517052.43004145,445.1,4.9948798990436255e-08,462.5,BID
1255,1712180734.178827,11517431.38988345,445.1,6.91106239165273e-08,462.5,BID
1256,1712180743.336792,11517752.70949719,445.1,5.859881845256122e-08,462.5,BID
1257,1712180745.785059,11518062.88813031,445.1,5.656704612150577e-08,462.5,BID
1258,1712180756.6994298,11518898.38813031,445.1,1.523695122351109e-07,462.5,BID
1259,1712180758.129576,11523341.70245833,444.1,-8.103239220436505e-07,462.5,ASK
1260,1712180758.1333635,11528898.38813031,443.8,-1.0133686241575572e-06,462.5,ASK
1261,1712180760.229484,11528898.38813031,443.8,-0.0,462.5,ASK
1262,1712180760.8493,11529226.88813031,445.1,5.984954756585837e-08,462.5,BID
1263,1712180761.5655272,11529779.78813031,445.1,1.0073307412199057e-07,462.5,BID
1264,1712180762.3991945,11530151.76826199,445.1,6.777121030302937e-08,462.5,BID
1265,1712180762.5084958,11530427.22174002,445.1,5.0184980321428016e-08,462.5,BID
1266,1712180763.7294843,11530791.30036792,445.1,6.633163214055084e-08,462.5,BID
1267,1712180764.1492774,11531301.95531072,445.1,9.303643010292526e-08,462.5,BID
1268,1712180764.4134943,11531888.4546194,445.1,1.0685454572984312e-07,462.5,BID
1269,1712180764.4164455,11532677.23291655,445.1,1.4370783626857246e-07,462.5,BID
1270,1712180764.5295794,11533124.90226638,445.1,8.156105950183184e-08,462.5,BID
1271,1712180764.61713,11533610.13311737,445.1,8.840440455646729e-08,462.5,BID
1272,1712180766.286319,11533973.93267253,445.1,6.628078776557939e-08,462.5,BID
1273,1712180770.1601338,11534246.15917889,445.1,4.9597057050449903e-08,462.5,BID
1274,1712180771.250128,11534672.45917889,445.1,7.76677690327505e-08,462.5,BID
1275,1712180776.209997,11535468.05335535,444.0,-1.449496240705209e-07,462.5,ASK
1276,1712180786.4695504,11535831.55335535,445.1,6.622621169007463e-08,462.5,BID
1277,1712180790.2296,11535831.55335535,445.1,0.0,462.5,BID
1278,1712180793.6296782,11535843.55335535,445.1,2.185056684791122e-09,462.5,BID
1279,1712180809.5827336,11537006.45335535,445.1,2.1175020156203414e-07,462.5,BID
1280,1712180820.159928,11537006.45335535,445.1,0.0,462.5,BID
1281,1712180840.9102514,11537057.35335535,445.1,9.267399638988061e-09,462.5,BID
1282,1712180850.1548076,11537057.35335535,445.1,0.0,462.5,BID
1283,1712180858.0905342,11537069.35335535,444.0,-2.184839625571638e-09,462.5,ASK
1284,1712180858.1002612,11537957.78348734,444.0,-1.617564464103836e-07,462.5,ASK
1285,1712180880.2310123,11537957.78348734,444.0,-0.0,462.5,ASK
1286,1712180910.2409308,11537957.78348734,444.0,-0.0,462.5,ASK
1287,1712180940.1723635,11537957.78348734,444.0,-0.0,462.5,ASK
1288,1712180961.6512833,11537968.19265486,445.1,1.895058864160469e-09,462.5,BID
1289,1712180970.1472278,11537968.19265486,445.1,0.0,462.5,BID
1290,1712181000.1916733,11537968.19265486,445.1,0.0,462.5,BID
1291,1712181012.381657,11538502.59265486,445.8,9.766136851139113e-08,462.5,BID
1292,1712181013.6018736,11538577.5409515,445.8,1.369676874525012e-08,462.5,BID
1293,1712181030.1519847,11538577.5409515,445.8,0.0,462.5,BID
1294,1712181060.2220638,11538577.5409515,445.8,0.0,462.5,BID
1295,1712181090.212562,11538577.5409515,445.8,0.0,462.5,BID
1296,1712181120.1897905,11538577.5409515,445.8,0.0,462.5,BID
1297,1712181150.4025404,11538577.5409515,445.8,0.0,462.5,BID
1298,1712181177.5831218,11538700.9409515,447.2,2.2550177077523645e-08,462.5,BID
1299,1712181177.586212,11538962.51088172,447.2,4.779941851376994e-08,462.5,BID
1300,1712181177.589504,11539087.51088172,447.2,2.284256186938368e-08,462.5,BID
1301,1712181180.232753,11539087.51088172,447.2,0.0,462.5,BID
1302,1712181208.0100574,11544087.05211547,446.0,-9.135806267804444e-07,462.5,ASK
1303,1712181208.011665,11545000.53243347,446.0,-1.6692290001268024e-07,462.5,ASK
1304,1712181210.2395604,11545000.53243347,446.0,-0.0,462.5,ASK
1305,1712181240.1765647,11545000.53243347,446.0,-0.0,462.5,ASK
1306,1712181270.1663437,11545000.53243347,446.0,-0.0,462.5,ASK
1307,1712181290.526532,11545022.87380969,447.6,4.080537851033613e-09,462.5,BID
1308,1712181300.2047348,11545022.87380969,447.6,0.0,462.5,BID
1309,1712181315.5654128,11545482.48825028,447.6,-8.394684121873978e-08,462.5,ASK
1310,1712181315.6035805,11545693.11509655,447.6,-3.8470197754409206e-08,462.5,ASK
1311,1712181318.0536482,11546804.22620766,446.5,-2.029402468316081e-07,462.5,ASK
1312,1712181330.153729,11546804.22620766,446.5,-0.0,462.5,ASK
1313,1712181360.2338045,11546804.22620766,446.5,-0.0,462.5,ASK
1314,1712181376.4140012,11546815.8018141,447.8,2.1139334051578523e-09,462.5,BID
1315,1712181376.4942002,11550433.8242479,447.8,-6.607220557775674e-07,462.5,ASK
1316,1712181377.194023,11550992.8598479,447.8,-1.020908956875267e-07,462.5,ASK
1317,1712181382.0941105,11552376.77254747,447.9,2.527296777750005e-07,462.5,BID
1318,1712181385.1320417,11553745.69802516,447.9,2.499927162902978e-07,462.5,BID
1319,1712181385.1442237,11554777.56554261,447.9,1.8843930348547256e-07,462.5,BID
1320,1712181385.583743,11555620.6060832,447.9,1.53955783656289e-07,462.5,BID
1321,1712181387.5157638,11560992.8598479,447.9,9.810791990702898e-07,462.5,BID
1322,1712181390.2439432,11560992.8598479,447.9,0.0,462.5,BID
1323,1712181394.357442,11563707.7918479,448.0,4.952252776885715e-07,462.5,BID
1324,1712181420.149427,11563707.7918479,448.0,0.0,462.5,BID
1325,1712181450.1542358,11563707.7918479,448.0,0.0,462.5,BID
1326,1712181480.2341871,11563707.7918479,448.0,0.0,462.5,BID
1327,1712181510.234343,11563707.7918479,448.0,0.0,462.5,BID
1328,1712181540.1644013,11563707.7918479,448.0,0.0,462.5,BID
1329,1712181570.1744704,11563707.7918479,448.0,0.0,462.5,BID
1330,1712181600.3050911,11563707.7918479,448.0,0.0,462.5,BID
1331,1712181630.1557178,11563707.7918479,448.0,0.0,462.5,BID
1332,1712181660.253859,11563707.7918479,448.0,0.0,462.5,BID
1333,1712181662.1833236,11565934.96334011,448.0,-4.064295886341261e-07,462.5,ASK
1334,1712181662.5949433,11566867.78115748,449.0,1.7022701804101897e-07,462.5,BID
1335,1712181663.8668363,11567420.8486476,449.0,1.0092756363056549e-07,462.5,BID
1336,1712181674.0749643,11571803.0312756,449.0,-7.996908585834464e-07,462.5,ASK
1337,1712181674.0785203,11571803.03127566,449.0,-1.0877065974255369e-17,462.5,ASK
1338,1712181690.2355154,11571803.03127566,449.0,-0.0,462.5,ASK
1339,1712181720.155118,11571803.03127566,449.0,-0.0,462.5,ASK
1340,1712181750.175287,11571803.03127566,449.0,-0.0,462.5,ASK
1341,1712181778.725151,11577616.03127566,449.0,1.0600935387597776e-06,462.5,BID
1342,1712181778.865017,11578011.33417066,449.0,-7.208980644120963e-08,462.5,ASK
1343,1712181780.2249885,11578011.33417066,449.0,-0.0,462.5,ASK
1344,1712181810.238086,11578011.33417066,449.0,-0.0,462.5,ASK
1345,1712181840.2257748,11578011.33417066,449.0,-0.0,462.5,ASK
1346,1712181870.1668203,11578011.33417066,449.0,-0.0,462.5,ASK
1347,1712181900.2354794,11578011.33417066,449.0,-0.0,462.5,ASK
1348,1712181930.2415054,11578011.33417066,449.0,-0.0,462.5,ASK
1349,1712181960.1682086,11578011.33417066,449.0,-0.0,462.5,ASK
1350,1712181990.1657736,11578011.33417066,449.0,-0.0,462.5,ASK
1351,1712182020.236028,11578011.33417066,449.0,-0.0,462.5,ASK
1352,1712182023.795833,11578508.50386966,449.9,9.080777628640657e-08,462.5,BID
1353,1712182023.856007,11578520.02202892,450.0,2.103785551162715e-09,462.5,BID
1354,1712182023.8596735,11578542.06638796,450.0,4.02639024106311e-09,462.5,BID
1355,1712182043.58575,11578564.110747,451.0,4.026390240722899e-09,462.5,BID
1356,1712182043.5893784,11583075.31008343,451.2,8.239681158158554e-07,462.5,BID
1357,1712182043.5956812,11616831.49006264,451.2,6.165547992969043e-06,462.5,BID
1358,1712182043.5978465,11621946.49006264,451.1,9.342519800362724e-07,462.5,BID
1359,1712182047.7456112,11621959.77909918,451.5,2.4272353275783478e-09,462.5,BID
1360,1712182050.2461982,11621959.77909918,451.5,0.0,462.5,BID
1361,1712182080.1479733,11621959.77909918,451.5,0.0,462.5,BID
1362,1712182110.1761882,11621959.77909918,451.5,0.0,462.5,BID
1363,1712182140.2361712,11621959.77909918,451.5,0.0,462.5,BID
1364,1712182159.3561933,11623628.39648566,451.3,3.03672271732362e-07,462.5,BID
1365,1712182170.2360363,11623628.39648566,451.3,0.0,462.5,BID
1366,1712182200.1895504,11623628.39648566,451.3,0.0,462.5,BID
1367,1712182230.201893,11623628.39648566,451.3,0.0,462.5,BID
1368,1712182260.2370207,11623628.39648566,451.3,0.0,462.5,BID
1369,1712182290.236292,11623628.39648566,451.3,0.0,462.5,BID
1370,1712182320.1592453,11623628.39648566,451.3,0.0,462.5,BID
1371,1712182350.1718466,11623628.39648566,451.3,0.0,462.5,BID
1372,1712182380.2346587,11623628.39648566,451.3,0.0,462.5,BID
1373,1712182399.134137,11629366.84684353,450.9,1.0556464807619266e-06,462.5,BID
1374,1712182399.7249014,11629918.67223907,450.9,1.0151391063257264e-07,462.5,BID
1375,1712182410.2637374,11629918.67223907,450.9,0.0,462.5,BID
1376,1712182419.173576,11632822.09480407,450.9,5.338356623643296e-07,462.5,BID
1377,1712182419.1968627,11633122.60537207,450.9,5.5253155379041465e-08,462.5,BID
1378,1712182440.1647522,11633122.60537207,450.9,0.0,462.5,BID
1379,1712182463.2527163,11633566.16270185,450.9,8.153268668915182e-08,462.5,BID
1380,1712182470.1624248,11633566.16270185,450.9,0.0,462.5,BID
1381,1712182500.18206,11633566.16270185,450.9,0.0,462.5,BID
1382,1712182510.5981498,11633911.66270185,450.9,6.350604790947592e-08,462.5,BID
1383,1712182524.412058,11638265.78836857,450.9,8.003279687251264e-07,462.5,BID
1384,1712182530.1695957,11638265.78836857,450.9,0.0,462.5,BID
1385,1712182560.2505922,11638265.78836857,450.9,0.0,462.5,BID
1386,1712182564.361098,11638319.87990857,451.4,9.938646758832469e-09,462.5,BID
1387,1712182564.364813,11638727.59087203,451.5,7.491181145124123e-08,462.5,BID
1388,1712182564.3686142,11639545.90643243,451.5,1.503552920130879e-07,462.5,BID
1389,1712182590.2304697,11639545.90643243,451.5,0.0,462.5,BID
1390,1712182595.9301794,11640335.40527644,451.1,-1.4504517630637077e-07,462.5,ASK
1391,1712182596.072294,11640736.47107334,451.1,7.36830201376476e-08,462.5,BID
1392,1712182596.0900726,11641023.42695895,451.1,5.271897145403535e-08,462.5,BID
1393,1712182596.1501036,11642184.87684249,451.1,2.1337929042827882e-07,462.5,BID
1394,1712182601.87036,11643437.42561216,451.5,2.301157987846034e-07,462.5,BID
1395,1712182620.160335,11643437.42561216,451.5,0.0,462.5,BID
1396,1712182624.329774,11649537.85491024,451.5,1.120397440672013e-06,462.5,BID
1397,1712182650.169385,11649537.85491024,451.5,0.0,462.5,BID
1398,1712182676.259611,11649980.82279506,451.5,8.13138107279003e-08,462.5,BID
1399,1712182680.2367704,11649980.82279506,451.5,0.0,462.5,BID
1400,1712182710.2288458,11649980.82279506,451.5,0.0,462.5,BID
1401,1712182716.8688347,11655793.82279506,450.6,-1.067029563791967e-06,462.5,ASK
1402,1712182716.8736656,11656619.97898124,450.6,-1.51648559257506e-07,462.5,ASK
1403,1712182716.878216,11656641.97898124,450.9,-4.038302150941558e-09,462.5,ASK
1404,1712182740.1481009,11656641.97898124,450.9,-0.0,462.5,ASK
1405,1712182754.2780282,11656907.75971213,451.5,4.875963085745922e-08,462.5,BID
1406,1712182770.1651342,11656907.75971213,451.5,0.0,462.5,BID
1407,1712182797.8843074,11656968.75971213,450.6,-1.1190698414535968e-08,462.5,ASK
1408,1712182797.997183,11656969.30880779,450.6,-1.0073383502958764e-10,462.5,ASK
1409,1712182800.2009504,11656969.30880779,450.6,-0.0,462.5,ASK
1410,1712182830.1470091,11656969.30880779,450.6,-0.0,462.5,ASK
1411,1712182860.176728,11656969.30880779,450.6,-0.0,462.5,ASK
1412,1712182890.166365,11656969.30880779,450.6,-0.0,462.5,ASK
1413,1712182906.496488,11657088.60188656,450.6,2.189248416047412e-08,462.5,BID
1414,1712182920.226272,11657088.60188656,450.6,0.0,462.5,BID
1415,1712182950.232579,11657088.60188656,450.6,0.0,462.5,BID
1416,1712182953.5285025,11657944.11418623,451.2,1.5700076571821037e-07,462.5,BID
1417,1712182953.6318789,11658115.73021033,451.2,3.1494400727835194e-08,462.5,BID
1418,1712182969.785759,11659534.65687774,451.2,-2.603966925632272e-07,462.5,ASK
1419,1712182980.1389804,11659534.65687774,451.2,-0.0,462.5,ASK
1420,1712182988.4185004,11660061.53700551,451.2,-9.667170501091501e-08,462.5,ASK
1421,1712183010.15644,11660061.53700551,451.2,-0.0,462.5,ASK
1422,1712183040.225027,11660061.53700551,451.2,-0.0,462.5,ASK
1423,1712183061.0948627,11660997.49742289,451.2,-1.7172206381303566e-07,462.5,ASK
1424,1712183061.1147234,11661169.13923276,451.2,-3.149138070378553e-08,462.5,ASK
1425,1712183061.4148693,11661343.37869125,450.6,-3.1967975198497043e-08,462.5,ASK
1426,1712183070.2249272,11661343.37869125,450.6,-0.0,462.5,ASK
1427,1712183100.1816094,11661343.37869125,450.6,-0.0,462.5,ASK
1428,1712183130.1643128,11661343.37869125,450.6,-0.0,462.5,ASK
1429,1712183160.1840208,11661343.37869125,450.6,-0.0,462.5,ASK
1430,1712183190.1469529,11661343.37869125,450.6,-0.0,462.5,ASK
1431,1712183220.2239668,11661343.37869125,450.6,-0.0,462.5,ASK
1432,1712183250.2234466,11661343.37869125,450.6,-0.0,462.5,ASK
1433,1712183280.1531208,11661343.37869125,450.6,-0.0,462.5,ASK
1434,1712183310.1475294,11661343.37869125,450.6,-0.0,462.5,ASK
1435,1712183322.3528342,11661361.94326696,451.1,3.4066163288513203e-09,462.5,BID
1436,1712183327.7928262,11661365.65039125,451.1,6.80260639426539e-10,462.5,BID
1437,1712183328.70268,11663504.95039125,451.5,3.9256347284127377e-07,462.5,BID
1438,1712183328.8234046,11665546.75039125,451.5,3.7467213520685457e-07,462.5,BID
1439,1712183328.863806,11665659.98314568,451.5,2.0778312213513563e-08,462.5,BID
1440,1712183328.8678515,11667361.35039125,451.5,3.122024187816724e-07,462.5,BID
1441,1712183329.183287,11670529.94143617,451.5,5.814393047296007e-07,462.5,BID
1442,1712183329.187657,11670629.94143616,451.5,1.835008988009716e-08,462.5,BID
1443,1712183329.2626393,11670629.94143617,451.5,1.708985295314914e-18,462.5,BID
1444,1712183340.2327752,11670629.94143617,451.5,0.0,462.5,BID
1445,1712183370.2227852,11670629.94143617,451.5,0.0,462.5,BID
1446,1712183400.3126311,11670629.94143617,451.5,0.0,462.5,BID
1447,1712183430.2223938,11670629.94143617,451.5,0.0,462.5,BID
1448,1712183460.1422503,11670629.94143617,451.5,0.0,462.5,BID
1449,1712183490.1543314,11670629.94143617,451.5,0.0,462.5,BID
1450,1712183520.22552,11670629.94143617,451.5,0.0,462.5,BID
1451,1712183529.661828,11671073.007453,451.4,8.131118867785982e-08,462.5,BID
1452,1712183550.2321222,11671073.007453,451.4,0.0,462.5,BID
1453,1712183564.8718092,11671095.16075384,451.4,4.0654102173974616e-09,462.5,BID
1454,1712183580.1512947,11671095.16075384,451.4,0.0,462.5,BID
1455,1712183610.1410651,11671095.16075384,451.4,0.0,462.5,BID
1456,1712183616.4135084,11671183.7935923,451.3,1.6265214309102922e-08,462.5,BID
1457,1712183640.2211344,11671183.7935923,451.3,0.0,462.5,BID
1458,1712183670.2110052,11671183.7935923,451.3,0.0,462.5,BID
1459,1712183700.14094,11671183.7935923,451.3,0.0,462.5,BID
1460,1712183730.1640666,11671183.7935923,451.3,0.0,462.5,BID
1461,1712183760.2208312,11671183.7935923,451.3,0.0,462.5,BID
1462,1712183771.3604054,11671205.95180191,450.9,4.066838494003135e-09,462.5,BID
1463,1712183773.9206958,11671228.11001152,450.9,4.066838494344999e-09,462.5,BID
1464,1712183790.2206752,11671228.11001152,450.9,0.0,462.5,BID
1465,1712183820.150252,11671228.11001152,450.9,0.0,462.5,BID
1466,1712183826.3303633,11673354.11001152,450.0,-3.901970006437965e-07,462.5,ASK
1467,1712183848.9904878,11673367.44334485,450.0,-2.447143308579157e-09,462.5,ASK
1468,1712183848.9951086,11674725.73199996,450.0,-2.492945245683455e-07,462.5,ASK
1469,1712183849.0701354,11676929.18272879,450.0,4.044119781071655e-07,462.5,BID
1470,1712183849.1100302,11677869.33033359,450.0,1.725506940525429e-07,462.5,BID
1471,1712183850.1401627,11677869.33033359,450.0,0.0,462.5,BID
1472,1712183880.249982,11677869.33033359,450.0,0.0,462.5,BID
1473,1712183893.3164108,11678263.33033359,450.5,7.22734423972257e-08,462.5,BID
1474,1712183910.2225215,11678263.33033359,450.5,0.0,462.5,BID
1475,1712183940.175161,11678263.33033359,450.5,0.0,462.5,BID
1476,1712183970.1595051,11678263.33033359,450.5,0.0,462.5,BID
1477,1712183996.055679,11678323.3097331,451.4,1.1001970910385245e-08,462.5,BID
1478,1712184000.1747212,11678323.3097331,451.4,0.0,462.5,BID
1479,1712184030.1438065,11678323.3097331,451.4,0.0,462.5,BID
1480,1712184060.232367,11678323.3097331,451.4,0.0,462.5,BID
1481,1712184084.4994712,11678713.10747553,451.4,7.151518265972634e-08,462.5,BID
1482,1712184084.5040617,11678987.90875835,451.4,5.0417079928257375e-08,462.5,BID
1483,1712184089.2790809,11679120.03599284,451.4,2.4241041648959426e-08,462.5,BID
1484,1712184090.219408,11679120.03599284,451.4,0.0,462.5,BID
1485,1712184120.1392145,11679120.03599284,451.4,0.0,462.5,BID
1486,1712184150.1403944,11679120.03599284,451.4,0.0,462.5,BID
1487,1712184180.2187753,11679120.03599284,451.4,0.0,462.5,BID
1488,1712184201.3486917,11679614.11734705,450.0,-9.064184614673421e-08,462.5,ASK
1489,1712184210.20879,11679614.11734705,450.0,-0.0,462.5,ASK
1490,1712184224.458689,11680598.67871169,451.4,1.8061563956651908e-07,462.5,BID
1491,1712184240.1486032,11680598.67871169,451.4,0.0,462.5,BID
1492,1712184270.1584225,11680598.67871169,451.4,0.0,462.5,BID
1493,1712184300.1681848,11680598.67871169,451.4,0.0,462.5,BID
1494,1712184330.166271,11680598.67871169,451.4,0.0,462.5,BID
1495,1712184360.2237666,11680598.67871169,451.4,0.0,462.5,BID
1496,1712184390.2186134,11680598.67871169,451.4,0.0,462.5,BID
1497,1712184420.158757,11680598.67871169,451.4,0.0,462.5,BID
1498,1712184450.1510248,11680598.67871169,451.4,0.0,462.5,BID
1499,1712184480.2195675,11680598.67871169,451.4,0.0,462.5,BID
1500,1712184499.049634,11681984.43388432,451.4,2.5472358116613144e-07,462.5,BID
1501,1712184510.2201257,11681984.43388432,451.4,0.0,462.5,BID
1502,1712184533.940456,11682060.53388432,451.4,1.3986767862644734e-08,462.5,BID
1503,1712184537.6605215,11682385.60695857,451.4,5.974667053806833e-08,462.5,BID
1504,1712184540.1503012,11682385.60695857,451.4,0.0,462.5,BID
1505,1712184542.7100468,11683030.16740013,451.4,1.1846277556224801e-07,462.5,BID
1506,1712184547.6901217,11683427.61760956,451.4,7.304676477374474e-08,462.5,BID
1507,1712184570.150574,11683427.61760956,451.4,0.0,462.5,BID
1508,1712184581.7904737,11685752.19745571,451.4,4.271940369563524e-07,462.5,BID
1509,1712184581.8804762,11686260.14245932,451.4,9.334636407669857e-08,462.5,BID
1510,1712184582.54116,11686692.24790619,451.4,7.940913302883247e-08,462.5,BID
1511,1712184582.546701,11688386.72128133,451.4,3.113977447752999e-07,462.5,BID
1512,1712184589.9040203,11688416.72128133,451.9,5.513177415660773e-09,462.5,BID
1513,1712184589.910555,11688438.87949094,451.7,4.072071359911879e-09,462.5,BID
1514,1712184589.915082,11688453.57573029,452.0,2.70076582938566e-09,462.5,BID
1515,1712184589.919162,11692808.63086301,452.3,8.003397200557616e-07,462.5,BID
1516,1712184600.1807475,11692808.63086301,452.3,0.0,462.5,BID
1517,1712184630.140423,11692808.63086301,452.3,0.0,462.5,BID
1518,1712184660.230956,11692808.63086301,452.3,0.0,462.5,BID
1519,1712184690.2211215,11692808.63086301,452.3,0.0,462.5,BID
