,time,acc_trade_volume,trade_price,dev,high,ask_bid
0,1712173460.2498736,6161081.23634531,1482.0,0.0,1528.0,ASK
1,1712173470.3158507,6161081.23634531,1482.0,-0.0,1528.0,ASK
2,1712173500.2525833,6161081.23634531,1482.0,-0.0,1528.0,ASK
3,1712173507.2025552,6161757.34358215,1482.0,-6.596773521410592e-08,1528.0,ASK
4,1712173530.2024856,6161757.34358215,1482.0,-0.0,1528.0,ASK
5,1712173560.3223078,6161757.34358215,1482.0,-0.0,1528.0,ASK
6,1712173590.32205,6161757.34358215,1482.0,-0.0,1528.0,ASK
7,1712173616.8075285,6161764.07758888,1485.0,6.569723314377208e-10,1528.0,BID
8,1712173620.2120674,6161764.07758888,1485.0,0.0,1528.0,BID
9,1712173650.222302,6161764.07758888,1485.0,0.0,1528.0,BID
10,1712173680.3224456,6161764.07758888,1485.0,0.0,1528.0,BID
11,1712173710.3229282,6161764.07758888,1485.0,0.0,1528.0,BID
12,1712173740.2120943,6161764.07758888,1485.0,0.0,1528.0,BID
13,1712173764.882151,6161892.02371588,1485.0,1.2482462032878996e-08,1528.0,BID
14,1712173765.1718614,6161892.02371684,1485.0,9.367676941937672e-17,1528.0,BID
15,1712173770.212054,6161892.02371684,1485.0,0.0,1528.0,BID
16,1712173773.1622057,6161896.94285431,1484.0,-4.799036123810449e-10,1528.0,ASK
17,1712173783.7619822,6161997.74930592,1488.0,9.834524968962584e-09,1528.0,BID
18,1712173800.2319465,6161997.74930592,1488.0,0.0,1528.0,BID
19,1712173830.193325,6161997.74930592,1488.0,0.0,1528.0,BID
20,1712173860.3117957,6161997.74930592,1488.0,0.0,1528.0,BID
21,1712173890.321977,6161997.74930592,1488.0,0.0,1528.0,BID
22,1712173920.2123158,6161997.74930592,1488.0,0.0,1528.0,BID
23,1712173950.2126205,6161997.74930592,1488.0,0.0,1528.0,BID
24,1712173980.3219814,6161997.74930592,1488.0,0.0,1528.0,BID
25,1712174010.311896,6161997.74930592,1488.0,0.0,1528.0,BID
26,1712174040.2030346,6161997.74930592,1488.0,0.0,1528.0,BID
27,1712174070.2217405,6161997.74930592,1488.0,0.0,1528.0,BID
28,1712174100.3018591,6161997.74930592,1488.0,0.0,1528.0,BID
29,1712174130.311844,6161997.74930592,1488.0,0.0,1528.0,BID
30,1712174152.9920475,6162064.95360699,1486.0,6.581739081171615e-09,1528.0,BID
31,1712174160.2422822,6162064.95360699,1486.0,0.0,1528.0,BID
32,1712174190.2320511,6162064.95360699,1486.0,0.0,1528.0,BID
33,1712174204.8020463,6162202.75847455,1482.0,-1.3495963758228794e-08,1528.0,ASK
34,1712174209.5421906,6162271.66090833,1482.0,-6.747981879114397e-09,1528.0,ASK
35,1712174220.2496223,6162271.66090833,1482.0,-0.0,1528.0,ASK
36,1712174250.2320254,6162271.66090833,1482.0,-0.0,1528.0,ASK
37,1712174274.5426433,6162305.35363071,1484.0,-3.29960854396177e-09,1528.0,ASK
38,1712174274.5443532,6162476.96185299,1483.0,-1.6806001903295012e-08,1528.0,ASK
39,1712174280.3139174,6162476.96185299,1483.0,-0.0,1528.0,ASK
40,1712174309.734959,6162511.41306988,1482.0,-3.3737891115455962e-09,1528.0,ASK
41,1712174310.316428,6162511.41306988,1482.0,-0.0,1528.0,ASK
42,1712174314.93281,6162528.63867833,1483.0,-1.6868861219645395e-09,1528.0,ASK
43,1712174315.9427192,6162730.52293136,1486.0,1.977031729592512e-08,1528.0,BID
44,1712174315.9444728,6163397.63433833,1486.0,6.532953407507067e-08,1528.0,BID
45,1712174315.9624238,6163397.63433897,1486.0,6.274798187444429e-17,1528.0,BID
46,1712174340.2042072,6163397.63433897,1486.0,0.0,1528.0,BID
47,1712174370.214882,6163397.63433897,1486.0,0.0,1528.0,BID
48,1712174379.7551298,6163414.80873995,1482.0,-1.6816545607913539e-09,1528.0,ASK
49,1712174391.4228935,6163423.42154417,1482.0,-8.433343040623611e-10,1528.0,ASK
50,1712174395.2828412,6163427.72794628,1482.0,-4.216671519855847e-10,1528.0,ASK
51,1712174400.2930386,6163427.72794628,1482.0,-0.0,1528.0,ASK
52,1712174404.5557952,6163629.08354908,1486.0,1.973255487267022e-08,1528.0,BID
53,1712174413.2289095,6164193.35671601,1482.0,-5.5297945896355466e-08,1528.0,ASK
54,1712174430.2130108,6164193.35671601,1482.0,-0.0,1528.0,ASK
55,1712174460.3130512,6164193.35671601,1482.0,-0.0,1528.0,ASK
56,1712174487.9037445,6164734.28344149,1482.0,-5.30041307572514e-08,1528.0,ASK
57,1712174487.9087062,6166957.27072808,1482.0,-2.178252677488232e-07,1528.0,ASK
58,1712174490.3229983,6166957.27072808,1482.0,-0.0,1528.0,ASK
59,1712174520.213257,6166957.27072808,1482.0,-0.0,1528.0,ASK
60,1712174539.0314212,6167459.05048033,1482.0,-4.914848473081528e-08,1528.0,ASK
61,1712174539.0361383,6167826.26638808,1482.0,-3.5968181964285736e-08,1528.0,ASK
62,1712174539.6496067,6170304.15963908,1482.0,-2.4270548595293124e-07,1528.0,ASK
63,1712174550.2037537,6170304.15963908,1482.0,-0.0,1528.0,ASK
64,1712174570.837087,6170330.52914533,1479.0,-2.5815946659326436e-09,1528.0,ASK
65,1712174570.8387363,6170330.52914589,1482.0,-5.4797489123158874e-17,1528.0,ASK
66,1712174570.8403916,6170334.15863589,1481.0,-3.5532982436912966e-10,1528.0,ASK
67,1712174570.841992,6170369.96354977,1478.0,-3.505328230675304e-09,1528.0,ASK
68,1712174580.313248,6170369.96354977,1478.0,-0.0,1528.0,ASK
69,1712174598.9978995,6172193.96354977,1476.0,-1.7856928277038457e-07,1528.0,ASK
70,1712174598.9999228,6172663.76602954,1476.0,-4.599358106155875e-08,1528.0,ASK
71,1712174599.0018592,6173647.59632582,1476.0,-9.631681489828397e-08,1528.0,ASK
72,1712174610.313557,6173647.59632582,1476.0,-0.0,1528.0,ASK
73,1712174640.204479,6173647.59632582,1476.0,-0.0,1528.0,ASK
74,1712174670.2148106,6173647.59632582,1476.0,-0.0,1528.0,ASK
75,1712174689.7835205,6173977.01198682,1476.0,3.2234469082125585e-08,1528.0,BID
76,1712174689.7856371,6173977.01198689,1476.0,6.83498668046497e-18,1528.0,BID
77,1712174700.3131366,6173977.01198689,1476.0,0.0,1528.0,BID
78,1712174730.313783,6173977.01198689,1476.0,0.0,1528.0,BID
79,1712174760.2249742,6173977.01198689,1476.0,0.0,1528.0,BID
80,1712174770.293688,6174059.74214502,1477.0,-8.099041486797754e-09,1528.0,ASK
81,1712174770.295424,6174143.28020044,1477.0,-8.17813227818493e-09,1528.0,ASK
82,1712174790.2132452,6174143.28020044,1477.0,-0.0,1528.0,ASK
83,1712174820.323553,6174143.28020044,1477.0,-0.0,1528.0,ASK
84,1712174850.3237927,6174143.28020044,1477.0,-0.0,1528.0,ASK
85,1712174880.223524,6174143.28020044,1477.0,-0.0,1528.0,ASK
86,1712174896.3434584,6174481.17742829,1479.0,3.307835905758832e-08,1528.0,BID
87,1712174910.2039647,6174481.17742829,1479.0,0.0,1528.0,BID
88,1712174940.3234634,6174481.17742829,1479.0,0.0,1528.0,BID
89,1712174970.3138225,6174481.17742829,1479.0,0.0,1528.0,BID
90,1712175000.253982,6174481.17742829,1479.0,0.0,1528.0,BID
91,1712175030.214544,6174481.17742829,1479.0,0.0,1528.0,BID
92,1712175060.3136263,6174481.17742829,1479.0,0.0,1528.0,BID
93,1712175071.896557,6174514.98405438,1479.0,3.310035619357758e-09,1528.0,BID
94,1712175090.3235755,6174514.98405438,1479.0,0.0,1528.0,BID
95,1712175092.0013514,6174812.48236406,1479.0,2.9128170860916773e-08,1528.0,BID
96,1712175092.0021875,6174853.05031536,1479.0,3.972023297180812e-09,1528.0,BID
97,1712175120.2237158,6174853.05031536,1479.0,0.0,1528.0,BID
98,1712175144.8637223,6174853.05031571,1480.0,3.4284310957662496e-17,1528.0,BID
99,1712175144.86584,6175057.82666706,1480.0,2.0048747722782576e-08,1528.0,BID
100,1712175144.8679912,6175472.82666671,1480.0,4.0630816220075904e-08,1528.0,BID
101,1712175146.895793,6175822.82666671,1481.0,3.426695346753271e-08,1528.0,BID
102,1712175150.2236445,6175822.82666671,1481.0,0.0,1528.0,BID
103,1712175180.3135302,6175822.82666671,1481.0,0.0,1528.0,BID
104,1712175210.3235085,6175822.82666671,1481.0,0.0,1528.0,BID
105,1712175240.243912,6175822.82666671,1481.0,0.0,1528.0,BID
106,1712175270.2235322,6175822.82666671,1481.0,0.0,1528.0,BID
107,1712175300.2538378,6175822.82666671,1481.0,0.0,1528.0,BID
108,1712175330.203667,6175822.82666671,1481.0,0.0,1528.0,BID
109,1712175360.3233097,6175822.82666671,1481.0,0.0,1528.0,BID
110,1712175390.3235717,6175822.82666671,1481.0,0.0,1528.0,BID
111,1712175406.1735811,6176262.82666671,1479.0,4.309527849685265e-08,1528.0,BID
112,1712175406.1755583,6176697.82666671,1480.0,4.260555942302477e-08,1528.0,BID
113,1712175406.1933074,6177122.82666671,1481.0,4.162612127536902e-08,1528.0,BID
114,1712175406.2335062,6177592.62914648,1481.0,-4.601424705500367e-08,1528.0,ASK
115,1712175406.2736309,6178017.62914648,1482.0,4.162612127536902e-08,1528.0,BID
116,1712175406.2755437,6182203.79174548,1482.0,4.100087341750451e-07,1528.0,BID
117,1712175406.2934775,6182203.79174647,1482.0,9.696397473644963e-17,1528.0,BID
118,1712175410.8334994,6182628.79174647,1481.0,-4.162612127536902e-08,1528.0,ASK
119,1712175410.8354616,6183558.13765585,1480.0,-9.102368360140228e-08,1528.0,ASK
120,1712175410.8731008,6185038.13765585,1480.0,-1.449568458530498e-07,1528.0,ASK
121,1712175410.9334288,6186814.95434646,1480.0,-1.7402820481755705e-07,1528.0,ASK
122,1712175410.9354274,6187239.95434646,1480.0,-4.162612127536902e-08,1528.0,ASK
123,1712175411.0534208,6187305.95434646,1479.0,-6.464291774527896e-09,1528.0,ASK
124,1712175420.2135437,6187305.95434646,1479.0,-0.0,1528.0,ASK
125,1712175423.9235992,6187383.95434646,1480.0,-7.626914613137898e-09,1528.0,ASK
126,1712175450.2131784,6187383.95434646,1480.0,-0.0,1528.0,ASK
127,1712175480.3339553,6187383.95434646,1480.0,-0.0,1528.0,ASK
128,1712175496.0133257,6187392.93762987,1477.0,-8.78384129978581e-10,1528.0,ASK
129,1712175510.3134484,6187392.93762987,1477.0,-0.0,1528.0,ASK
130,1712175540.227553,6187392.93762987,1477.0,-0.0,1528.0,ASK
131,1712175570.2443602,6187392.93762987,1477.0,-0.0,1528.0,ASK
132,1712175590.433334,6187426.69860218,1481.0,3.3011386219233803e-09,1528.0,BID
133,1712175600.233344,6187426.69860218,1481.0,0.0,1528.0,BID
134,1712175630.215257,6187426.69860218,1481.0,0.0,1528.0,BID
135,1712175632.1343136,6188103.74667259,1477.0,-6.623594728769669e-08,1528.0,ASK
136,1712175644.937482,6188161.99892228,1475.0,-5.6988463721689434e-09,1528.0,ASK
137,1712175644.9391546,6188166.02692228,1476.0,-3.9406123040677246e-10,1528.0,ASK
138,1712175644.940771,6188169.55058328,1475.0,-3.4472149679995816e-10,1528.0,ASK
139,1712175660.323372,6188169.55058328,1475.0,-0.0,1528.0,ASK
140,1712175667.81375,6188176.63259883,1475.0,-6.927627291386803e-10,1528.0,ASK
141,1712175667.8162231,6188278.38841635,1475.0,-9.953753609539236e-09,1528.0,ASK
142,1712175667.8231664,6192429.17090098,1475.0,-4.060295238734769e-07,1528.0,ASK
143,1712175690.323466,6192429.17090098,1475.0,-0.0,1528.0,ASK
144,1712175699.4035995,6192855.75784898,1475.0,4.17031027155308e-08,1528.0,BID
145,1712175720.203552,6192855.75784898,1475.0,0.0,1528.0,BID
146,1712175738.7083497,6193534.42666674,1472.0,-6.63425233829848e-08,1528.0,ASK
147,1712175738.7109966,6193949.42666674,1473.0,-4.056786827895463e-08,1528.0,ASK
148,1712175738.713536,6194149.42666674,1474.0,-1.9550779893472107e-08,1528.0,ASK
149,1712175738.7161226,6194226.75977347,1471.0,-7.559612740796113e-09,1528.0,ASK
150,1712175738.717574,6194641.75977347,1472.0,-4.056786827895463e-08,1528.0,ASK
151,1712175738.7187078,6194646.17697347,1474.0,-4.3179852463866077e-10,1528.0,ASK
152,1712175738.7198644,6194695.3013947,1471.0,-4.8021037343602635e-09,1528.0,ASK
153,1712175738.7210283,6194698.7701447,1472.0,-3.3908383877740687e-10,1528.0,ASK
154,1712175738.722191,6195046.2283364,1471.0,-3.396539314058003e-08,1528.0,ASK
155,1712175738.7233698,6195059.81529292,1472.0,-1.328177981687655e-09,1528.0,ASK
156,1712175738.7246833,6195229.75784898,1471.0,-1.6612547540307632e-08,1528.0,ASK
157,1712175739.0841036,6195229.75784899,1475.0,1.0014445466370936e-18,1528.0,BID
158,1712175739.092059,6195365.25920399,1476.0,1.3245785834345516e-08,1528.0,BID
159,1712175750.213744,6195365.25920399,1476.0,0.0,1528.0,BID
160,1712175780.3133504,6195365.25920399,1476.0,0.0,1528.0,BID
161,1712175810.3131146,6195365.25920399,1476.0,0.0,1528.0,BID
162,1712175840.2231743,6195365.25920399,1476.0,0.0,1528.0,BID
163,1712175870.2131517,6195365.25920399,1476.0,0.0,1528.0,BID
164,1712175900.3229573,6195365.25920399,1476.0,0.0,1528.0,BID
165,1712175920.3539813,6196349.08950027,1478.0,-9.621493749942877e-08,1528.0,ASK
166,1712175920.3561652,6196764.08950027,1477.0,-4.0585453825976295e-08,1528.0,ASK
167,1712175920.3583322,6197184.08950027,1478.0,-4.10744351973736e-08,1528.0,ASK
168,1712175920.360487,6197716.25920399,1477.0,-5.2044214308234053e-08,1528.0,ASK
169,1712175930.3331995,6197716.25920399,1477.0,-0.0,1528.0,ASK
170,1712175960.2133248,6197716.25920399,1477.0,-0.0,1528.0,ASK
171,1712175990.2233725,6197716.25920399,1477.0,-0.0,1528.0,ASK
172,1712176020.312968,6197716.25920399,1477.0,-0.0,1528.0,ASK
173,1712176050.3127594,6197716.25920399,1477.0,-0.0,1528.0,ASK
174,1712176060.6032107,6198116.39298217,1478.0,-3.911830314771555e-08,1528.0,ASK
175,1712176080.21302,6198116.39298217,1478.0,-0.0,1528.0,ASK
176,1712176090.5429423,6198136.62224717,1483.0,1.9775605410986947e-09,1528.0,BID
177,1712176099.0738397,6200523.62224717,1478.0,-2.333469363154467e-07,1528.0,ASK
178,1712176110.2033353,6200523.62224717,1478.0,-0.0,1528.0,ASK
179,1712176140.3127909,6200523.62224717,1478.0,-0.0,1528.0,ASK
180,1712176144.8631828,6200568.69442816,1476.0,-4.4046076426669275e-09,1528.0,ASK
181,1712176144.8644798,6201245.74249857,1477.0,-6.616345248602477e-08,1528.0,ASK
182,1712176170.324108,6201245.74249857,1477.0,-0.0,1528.0,ASK
183,1712176200.4046938,6201245.74249857,1477.0,-0.0,1528.0,ASK
184,1712176200.7648454,6201250.47222829,1480.0,4.623538505416657e-10,1528.0,BID
185,1712176230.3153188,6201250.47222829,1480.0,0.0,1528.0,BID
186,1712176230.928014,6201588.9962635,1477.0,-3.309233156263327e-08,1528.0,ASK
187,1712176231.0850382,6201927.5202987,1477.0,-3.3092331561540776e-08,1528.0,ASK
188,1712176236.9155126,6202017.94947272,1476.0,-8.839881067058255e-09,1528.0,ASK
189,1712176236.9178946,6204336.8662067,1476.0,-2.266851196525629e-07,1528.0,ASK
190,1712176237.1351483,6204670.80906338,1476.0,-3.2644499612376685e-08,1528.0,ASK
191,1712176237.235186,6205071.54049137,1476.0,-3.9173399532339284e-08,1528.0,ASK
192,1712176238.678622,6205405.48334805,1476.0,-3.2644499612467734e-08,1528.0,ASK
193,1712176249.0855598,6207203.31199132,1476.0,-1.757462849538914e-07,1528.0,ASK
194,1712176249.285335,6207847.75424397,1476.0,-6.299728964410682e-08,1528.0,ASK
195,1712176260.2330987,6207847.75424397,1476.0,-0.0,1528.0,ASK
196,1712176275.3896198,6208142.09084975,1476.0,-2.8745436005697164e-08,1528.0,ASK
197,1712176275.4697464,6208495.29477665,1476.0,-3.449452320338032e-08,1528.0,ASK
198,1712176278.8478303,6208789.63138243,1476.0,-2.8745436005697164e-08,1528.0,ASK
199,1712176278.849156,6208796.74146541,1472.0,-6.943833396540694e-10,1528.0,ASK
200,1712176278.8506937,6208802.20963677,1472.0,-5.340313328672972e-10,1528.0,ASK
201,1712176278.851987,6208884.59875241,1470.0,-8.046267452598444e-09,1528.0,ASK
202,1712176278.853276,6208892.76547394,1472.0,-7.97576538271303e-10,1528.0,ASK
203,1712176278.854598,6208931.84411339,1470.0,-3.816489377903237e-09,1528.0,ASK
204,1712176278.85593,6208945.44030645,1471.0,-1.3278283769695407e-09,1528.0,ASK
205,1712176278.857238,6209652.39822916,1470.0,-6.904276711400729e-08,1528.0,ASK
206,1712176278.8585691,6210077.39822916,1472.0,-4.1506255295883464e-08,1528.0,ASK
207,1712176278.8598945,6210289.7464768,1470.0,-2.073830724275875e-08,1528.0,ASK
208,1712176278.861227,6210875.62205557,1471.0,-5.7217650221246194e-08,1528.0,ASK
209,1712176278.8625872,6210882.42477665,1470.0,-6.643658302789071e-10,1528.0,ASK
210,1712176279.7319958,6210889.42477665,1470.0,-6.83632440167492e-10,1528.0,ASK
211,1712176286.8162088,6210960.3084262,1470.0,-6.922623187157501e-09,1528.0,ASK
212,1712176290.2185323,6210960.3084262,1470.0,-0.0,1528.0,ASK
213,1712176320.3467505,6210960.3084262,1470.0,-0.0,1528.0,ASK
214,1712176350.3364606,6210960.3084262,1470.0,-0.0,1528.0,ASK
215,1712176380.2381835,6210960.3084262,1470.0,-0.0,1528.0,ASK
216,1712176410.222721,6210960.3084262,1470.0,-0.0,1528.0,ASK
217,1712176440.3289404,6210960.3084262,1470.0,-0.0,1528.0,ASK
218,1712176470.322683,6210960.3084262,1470.0,-0.0,1528.0,ASK
219,1712176500.2299716,6210960.3084262,1470.0,-0.0,1528.0,ASK
220,1712176515.078484,6211160.84059483,1470.0,-1.9658296181352426e-08,1528.0,ASK
221,1712176530.2200875,6211160.84059483,1470.0,-0.0,1528.0,ASK
222,1712176532.3202214,6212180.84059483,1470.0,-9.998836006066085e-08,1528.0,ASK
223,1712176533.0200424,6212359.03399564,1470.0,-1.7467907765363918e-08,1528.0,ASK
224,1712176533.0299158,6213200.84059483,1470.0,-8.252045229529695e-08,1528.0,ASK
225,1712176536.2027657,6213262.03447183,1470.0,-5.998701379431331e-09,1528.0,ASK
226,1712176536.205857,6214220.84059483,1470.0,-9.398965868122953e-08,1528.0,ASK
227,1712176536.9601989,6214393.6097331,1470.0,-1.6936179220310425e-08,1528.0,ASK
228,1712176536.9623497,6215240.84059483,1470.0,-8.305218084035045e-08,1528.0,ASK
229,1712176537.6299212,6216260.84059483,1470.0,-9.998836006066085e-08,1528.0,ASK
230,1712176538.1904466,6216561.39468354,1470.0,-2.9462657293751844e-08,1528.0,ASK
231,1712176538.876971,6216843.16414171,1470.0,-2.7621241213337418e-08,1528.0,ASK
232,1712176538.949965,6217228.24906787,1470.0,-3.77490296576709e-08,1528.0,ASK
233,1712176548.8607717,6217908.05872116,1471.0,6.664024743709329e-08,1528.0,BID
234,1712176555.890481,6218061.49087479,1470.0,-1.5040617080437365e-08,1528.0,ASK
235,1712176560.320305,6218061.49087479,1470.0,-0.0,1528.0,ASK
236,1712176564.4710574,6218741.76298363,1470.0,-6.66193309217473e-08,1528.0,ASK
237,1712176564.4739122,6219345.0829578,1470.0,-5.9083376326225873e-08,1528.0,ASK
238,1712176590.3407147,6219345.0829578,1470.0,-0.0,1528.0,ASK
239,1712176620.2317796,6219345.0829578,1470.0,-0.0,1528.0,ASK
240,1712176646.794633,6219760.0829578,1471.0,4.0633614428629854e-08,1528.0,BID
241,1712176650.2173443,6219760.0829578,1471.0,0.0,1528.0,BID
242,1712176667.9598894,6219766.87643606,1472.0,6.65125488127978e-10,1528.0,BID
243,1712176680.331818,6219766.87643606,1472.0,0.0,1528.0,BID
244,1712176710.3219025,6219766.87643606,1472.0,0.0,1528.0,BID
245,1712176711.573024,6220766.87643606,1470.0,9.790637599751077e-08,1528.0,BID
246,1712176719.2522364,6220834.94995546,1469.0,-6.664831585790483e-09,1528.0,ASK
247,1712176719.2550244,6220899.85515946,1469.0,-6.3546333070143884e-09,1528.0,ASK
248,1712176735.102187,6221103.79805544,1471.0,1.9967309855893132e-08,1528.0,BID
249,1712176740.222575,6221103.79805544,1471.0,0.0,1528.0,BID
250,1712176765.0735962,6221148.89285144,1469.0,-4.414218669287619e-09,1528.0,ASK
251,1712176765.077122,6221325.21075477,1469.0,-1.7259325901073226e-08,1528.0,ASK
252,1712176765.0799303,6221593.33064577,1468.0,-2.6245596686105445e-08,1528.0,ASK
253,1712176765.0826485,6221597.77652732,1469.0,-4.351964102535104e-10,1528.0,ASK
254,1712176765.085425,6221654.27754842,1469.0,-5.530745990603534e-09,1528.0,ASK
255,1712176765.0882225,6221771.35479776,1468.0,-1.1460403985061824e-08,1528.0,ASK
256,1712176770.2128792,6221771.35479776,1468.0,-0.0,1528.0,ASK
257,1712176775.8424442,6221776.35479776,1468.0,-4.893907430454742e-10,1528.0,ASK
258,1712176787.6427808,6222604.78845044,1468.0,-8.108555216982426e-08,1528.0,ASK
259,1712176800.242979,6222604.78845044,1468.0,-0.0,1528.0,ASK
260,1712176803.7138565,6222715.78845044,1471.0,1.0864948996661741e-08,1528.0,BID
261,1712176822.3606822,6223542.83034133,1469.0,-8.09528645280728e-08,1528.0,ASK
262,1712176822.3629682,6224542.83034133,1469.0,-9.7882423393349e-08,1528.0,ASK
263,1712176822.3645625,6227104.41182748,1468.0,-2.507338035839594e-07,1528.0,ASK
264,1712176822.4731588,6227403.07488548,1468.0,2.923386389507756e-08,1528.0,BID
265,1712176822.492795,6227403.07488591,1468.0,4.211597108070481e-17,1528.0,BID
266,1712176828.263155,6227483.53397092,1469.0,-7.875530224789509e-09,1528.0,ASK
267,1712176828.3862567,6227798.6936124,1468.0,3.0848589463848614e-08,1528.0,BID
268,1712176830.2183902,6227798.6936124,1468.0,0.0,1528.0,BID
269,1712176860.3232164,6227798.6936124,1468.0,0.0,1528.0,BID
270,1712176860.608796,6227802.77524505,1470.0,3.9922206038029455e-10,1528.0,BID
271,1712176877.9538262,6227823.18340831,1469.0,1.996110303085671e-09,1528.0,BID
272,1712176878.3934083,6229122.37542031,1468.0,-1.2707319751581576e-07,1528.0,ASK
273,1712176882.9885683,6229251.18285142,1468.0,-1.2598578180736334e-08,1528.0,ASK
274,1712176890.3344777,6229251.18285142,1468.0,-0.0,1528.0,ASK
275,1712176891.583674,6229907.78166954,1468.0,-6.42081485652026e-08,1528.0,ASK
276,1712176892.6035852,6231229.17795854,1468.0,-1.2921803526914245e-07,1528.0,ASK
277,1712176897.933523,6231229.17795871,1468.0,-1.6666379644071805e-17,1528.0,ASK
278,1712176920.224268,6231229.17795871,1468.0,-0.0,1528.0,ASK
279,1712176946.4438608,6231234.17795871,1468.0,-4.88806254966097e-10,1528.0,ASK
280,1712176950.2346752,6231234.17795871,1468.0,-0.0,1528.0,ASK
281,1712176961.3778217,6231240.99455871,1467.0,-6.663988652906e-10,1528.0,ASK
282,1712176961.380929,6231317.41650826,1467.0,-7.471100030379323e-09,1528.0,ASK
283,1712176963.1888187,6231324.23310826,1467.0,6.663988652906e-10,1528.0,BID
284,1712176964.175169,6231343.85405961,1466.0,-1.918167373223417e-09,1528.0,ASK
285,1712176965.1366813,6231347.90292932,1466.0,-3.95822283969544e-10,1528.0,ASK
286,1712176965.1381788,6231375.18805892,1466.0,-2.6674264891693395e-09,1528.0,ASK
287,1712176965.1440554,6231434.92727128,1466.0,-5.840175942965051e-09,1528.0,ASK
288,1712176965.145531,6231718.19423261,1466.0,-2.7692512633381898e-08,1528.0,ASK
289,1712176965.1537602,6231718.1942329,1466.0,-2.831567753307726e-17,1528.0,ASK
290,1712176966.724137,6231722.28421245,1467.0,3.9984123041886047e-10,1528.0,BID
291,1712176980.2440343,6231722.28421245,1467.0,0.0,1528.0,BID
292,1712177010.2340498,6231722.28421245,1467.0,0.0,1528.0,BID
293,1712177040.3344324,6231722.28421245,1467.0,0.0,1528.0,BID
294,1712177070.3352697,6231722.28421245,1467.0,0.0,1528.0,BID
295,1712177073.7745535,6231726.37698189,1466.0,4.0008598195749246e-10,1528.0,BID
296,1712177090.5748208,6231733.19826429,1466.0,6.668099698684603e-10,1528.0,BID
297,1712177100.244043,6231733.19826429,1466.0,0.0,1528.0,BID
298,1712177114.71836,6232415.19826429,1466.0,6.672953642593438e-08,1528.0,BID
299,1712177130.2352915,6232415.19826429,1466.0,0.0,1528.0,BID
300,1712177139.7015967,6232826.76761004,1468.0,4.026560886912228e-08,1528.0,BID
301,1712177160.255316,6232826.76761004,1468.0,0.0,1528.0,BID
302,1712177190.2254553,6232826.76761004,1468.0,0.0,1528.0,BID
303,1712177216.4758933,6232847.23145724,1466.0,-2.001948329682322e-09,1528.0,ASK
304,1712177216.479467,6235847.23145724,1466.0,-2.93485625172847e-07,1528.0,ASK
305,1712177216.482771,6239407.93753806,1466.0,-3.483386833954454e-07,1528.0,ASK
306,1712177220.3261085,6239407.93753806,1466.0,-0.0,1528.0,ASK
307,1712177250.3259134,6239407.93753806,1466.0,-0.0,1528.0,ASK
308,1712177280.2573092,6239407.93753806,1466.0,-0.0,1528.0,ASK
309,1712177310.2360904,6239407.93753806,1466.0,-0.0,1528.0,ASK
310,1712177327.4079063,6239490.64172714,1467.0,-8.083200888726618e-09,1528.0,ASK
311,1712177333.0759518,6242407.93753806,1467.0,-2.851256792899761e-07,1528.0,ASK
312,1712177333.1958709,6244144.52133813,1467.0,1.6972726378499908e-07,1528.0,BID
313,1712177337.7961674,6244424.42874189,1469.0,-2.7357112136699137e-08,1528.0,ASK
314,1712177340.3659573,6244424.42874189,1469.0,-0.0,1528.0,ASK
315,1712177341.4797957,6244558.2125313,1469.0,-1.3066133028568612e-08,1528.0,ASK
316,1712177341.4816887,6244821.18204074,1469.0,-2.5683190825592608e-08,1528.0,ASK
317,1712177370.3361435,6244821.18204074,1469.0,-0.0,1528.0,ASK
318,1712177400.246402,6244821.18204074,1469.0,-0.0,1528.0,ASK
319,1712177430.2297795,6244821.18204074,1469.0,-0.0,1528.0,ASK
320,1712177460.3562858,6244821.18204074,1469.0,-0.0,1528.0,ASK
321,1712177463.9564588,6244822.63309885,1469.0,-1.4171574072658428e-10,1528.0,ASK
322,1712177464.0966303,6245921.18204073,1469.0,1.0728838213034885e-07,1528.0,BID
323,1712177464.1170037,6245921.18204074,1469.0,1.0005207534141465e-18,1528.0,BID
324,1712177466.0285928,6246205.40601453,1468.0,-2.775837211079071e-08,1528.0,ASK
325,1712177466.0320237,6246284.00601452,1468.0,-7.67636881064057e-09,1528.0,ASK
326,1712177466.0353448,6246390.74541212,1466.0,-1.0424567209914428e-08,1528.0,ASK
327,1712177471.6998248,6247782.76244708,1466.0,-1.359495693684978e-07,1528.0,ASK
328,1712177472.6572578,6248258.95292327,1470.0,4.6506535875340254e-08,1528.0,BID
329,1712177490.3365197,6248258.95292327,1470.0,0.0,1528.0,BID
330,1712177520.22856,6248258.95292327,1470.0,0.0,1528.0,BID
331,1712177535.587083,6248678.95292327,1469.0,4.0998561284716815e-08,1528.0,BID
332,1712177535.5905528,6249140.06180355,1469.0,4.501143020739983e-08,1528.0,BID
333,1712177550.2376854,6249140.06180355,1469.0,0.0,1528.0,BID
334,1712177580.326785,6249140.06180355,1469.0,0.0,1528.0,BID
335,1712177610.3415806,6249140.06180355,1469.0,0.0,1528.0,BID
336,1712177640.2492888,6249140.06180355,1469.0,0.0,1528.0,BID
337,1712177664.7172432,6250140.06180355,1472.0,-9.760329005984969e-08,1528.0,ASK
338,1712177670.2539933,6250140.06180355,1472.0,-0.0,1528.0,ASK
339,1712177672.227285,6250207.76661059,1477.0,6.6072626409858e-09,1528.0,BID
340,1712177700.327435,6250207.76661059,1477.0,0.0,1528.0,BID
341,1712177730.3472826,6250207.76661059,1477.0,0.0,1528.0,BID
342,1712177760.228498,6250207.76661059,1477.0,0.0,1528.0,BID
343,1712177790.2180443,6250207.76661059,1477.0,0.0,1528.0,BID
344,1712177820.257862,6250207.76661059,1477.0,0.0,1528.0,BID
345,1712177850.2401817,6250207.76661059,1477.0,0.0,1528.0,BID
346,1712177872.3076904,6252031.63869621,1477.0,1.78041577512837e-07,1528.0,BID
347,1712177874.9581268,6252070.77116903,1472.0,-3.820008676988761e-09,1528.0,ASK
348,1712177874.961608,6252180.07884017,1472.0,-1.0670326256672892e-08,1528.0,ASK
349,1712177880.337971,6252180.07884017,1472.0,-0.0,1528.0,ASK
350,1712177910.337924,6252180.07884017,1472.0,-0.0,1528.0,ASK
351,1712177940.221182,6252180.07884017,1472.0,-0.0,1528.0,ASK
352,1712177951.352772,6252187.54385936,1473.0,-7.28508350885407e-10,1528.0,ASK
353,1712177970.2337224,6252187.54385936,1473.0,-0.0,1528.0,ASK
354,1712178000.3187182,6252187.54385936,1473.0,-0.0,1528.0,ASK
355,1712178006.188295,6252305.94376366,1476.0,1.1566472393759514e-08,1528.0,BID
356,1712178027.958491,6252318.84534324,1473.0,-1.260353755537041e-09,1528.0,ASK
357,1712178027.962105,6252646.76702116,1473.0,-3.203462922868849e-08,1528.0,ASK
358,1712178027.9657152,6252816.73545874,1473.0,-1.660419620015201e-08,1528.0,ASK
359,1712178030.2371917,6252816.73545874,1473.0,-0.0,1528.0,ASK
360,1712178030.435613,6252963.42152756,1473.0,-1.4328446620471644e-08,1528.0,ASK
361,1712178030.43972,6253279.17936851,1473.0,-3.0843551848164643e-08,1528.0,ASK
362,1712178030.6988225,6253670.60293355,1473.0,-3.823465788399971e-08,1528.0,ASK
363,1712178060.3325808,6253670.60293355,1473.0,-0.0,1528.0,ASK
364,1712178090.3384972,6253670.60293355,1473.0,-0.0,1528.0,ASK
365,1712178120.247995,6253670.60293355,1473.0,-0.0,1528.0,ASK
366,1712178135.0088432,6254269.01780116,1473.0,5.844660135497417e-08,1528.0,BID
367,1712178136.285841,6254947.90442709,1473.0,6.630620016081457e-08,1528.0,BID
368,1712178141.4992158,6254968.28486187,1472.0,-1.990537353805928e-09,1528.0,ASK
369,1712178150.2386255,6254968.28486187,1472.0,-0.0,1528.0,ASK
370,1712178180.332024,6254968.28486187,1472.0,-0.0,1528.0,ASK
371,1712178210.3380926,6254968.28486187,1472.0,-0.0,1528.0,ASK
372,1712178218.2225332,6254972.22334572,1469.0,-3.8459610787314115e-10,1528.0,ASK
373,1712178218.2243702,6254976.45337247,1469.0,-4.1306550594781807e-10,1528.0,ASK
374,1712178218.2279725,6255133.50012547,1469.0,-1.5335741431621182e-08,1528.0,ASK
375,1712178218.237644,6255386.91636166,1469.0,-2.4746298784017962e-08,1528.0,ASK
376,1712178235.0772676,6255420.95312136,1469.0,3.323716893023354e-09,1528.0,BID
377,1712178240.239954,6255420.95312136,1469.0,0.0,1528.0,BID
378,1712178270.2172036,6255420.95312136,1469.0,0.0,1528.0,BID
379,1712178298.856702,6255428.05804192,1468.0,-6.937561441051858e-10,1528.0,ASK
380,1712178300.3358145,6255428.05804192,1468.0,-0.0,1528.0,ASK
381,1712178319.836511,6255434.88398048,1465.0,-6.673238334684673e-10,1528.0,ASK
382,1712178319.8401449,6255524.38636955,1465.0,-8.750016844268598e-09,1528.0,ASK
383,1712178319.8430753,6255657.9428695,1465.0,-1.305687631779118e-08,1528.0,ASK
384,1712178330.3350933,6255657.9428695,1465.0,-0.0,1528.0,ASK
385,1712178339.1489396,6255807.88239474,1465.0,-1.4658046451783013e-08,1528.0,ASK
386,1712178339.1622066,6256903.8380252,1465.0,-1.0714031883620233e-07,1528.0,ASK
387,1712178339.1680603,6260466.6879995,1465.0,-3.483032265201065e-07,1528.0,ASK
388,1712178360.2156186,6260466.6879995,1465.0,-0.0,1528.0,ASK
389,1712178375.433833,6260542.64220319,1463.0,-7.420151662439713e-09,1528.0,ASK
390,1712178375.4439638,6263306.29066735,1465.0,-2.699875681578289e-07,1528.0,ASK
391,1712178375.4469204,6263416.68799857,1463.0,-1.0784984911616133e-08,1528.0,ASK
392,1712178375.4498808,6263416.6879995,1465.0,-9.089219371834107e-17,1528.0,ASK
393,1712178390.2559376,6263416.6879995,1465.0,-0.0,1528.0,ASK
394,1712178392.3964508,6263767.41704124,1464.0,3.424911786789231e-08,1528.0,BID
395,1712178420.25834,6263767.41704124,1464.0,0.0,1528.0,BID
396,1712178450.2223146,6263767.41704124,1464.0,0.0,1528.0,BID
397,1712178453.40518,6263906.13674669,1463.0,-1.3545468921021734e-08,1528.0,ASK
398,1712178454.3794918,6264343.92085514,1463.0,-4.2748007688767864e-08,1528.0,ASK
399,1712178454.381522,6265122.81173699,1463.0,-7.6055829262167e-08,1528.0,ASK
400,1712178456.4058514,6265430.90255323,1463.0,-3.0083934814513545e-08,1528.0,ASK
401,1712178462.5721693,6265498.37893649,1463.0,-6.588820596152971e-09,1528.0,ASK
402,1712178462.6921742,6266532.07777249,1463.0,-1.0093688860834564e-07,1528.0,ASK
403,1712178463.1761756,6266532.07777307,1463.0,-5.665575911688659e-17,1528.0,ASK
404,1712178480.3421428,6266532.07777307,1463.0,-0.0,1528.0,ASK
405,1712178510.3316882,6266532.07777307,1463.0,-0.0,1528.0,ASK
406,1712178512.351558,6266605.55839264,1462.0,-7.172279492294172e-09,1528.0,ASK
407,1712178512.3556,6266698.74443915,1462.0,-9.095682293652752e-09,1528.0,ASK
408,1712178540.222402,6266698.74443915,1462.0,-0.0,1528.0,ASK
409,1712178568.390445,6270670.92489815,1463.0,3.877064597301517e-07,1528.0,BID
410,1712178568.450978,6273534.01443232,1463.0,2.7945314132654056e-07,1528.0,BID
411,1712178570.236998,6273534.01443232,1463.0,0.0,1528.0,BID
412,1712178573.8555312,6273591.32044865,1464.0,5.587925370937411e-09,1528.0,BID
413,1712178573.8652728,6273939.21489832,1464.0,3.3923283212269944e-08,1528.0,BID
414,1712178574.1300435,6273939.21489842,1464.0,9.717046608529306e-18,1528.0,BID
415,1712178600.2299063,6273939.21489842,1464.0,0.0,1528.0,BID
416,1712178609.4597137,6274496.27782542,1468.0,5.4388426128854894e-08,1528.0,BID
417,1712178609.47972,6275433.70605234,1468.0,9.152511035959289e-08,1528.0,BID
418,1712178630.220694,6275433.70605234,1468.0,0.0,1528.0,BID
419,1712178647.139086,6275537.74284144,1470.0,1.0155379525903817e-08,1528.0,BID
420,1712178660.2290702,6275537.74284144,1470.0,0.0,1528.0,BID
421,1712178690.2288706,6275537.74284144,1470.0,0.0,1528.0,BID
422,1712178720.3304462,6275537.74284144,1470.0,0.0,1528.0,BID
423,1712178742.467944,6275876.56382117,1470.0,-3.3072957215472275e-08,1528.0,ASK
424,1712178742.4717746,6275933.57885107,1470.0,-5.565344997383377e-09,1528.0,ASK
425,1712178750.350638,6275933.57885107,1470.0,-0.0,1528.0,ASK
426,1712178780.2277775,6275933.57885107,1470.0,-0.0,1528.0,ASK
427,1712178810.22729,6275933.57885107,1470.0,-0.0,1528.0,ASK
428,1712178816.127281,6276858.12133917,1471.0,9.024121686331396e-08,1528.0,BID
429,1712178840.326768,6276858.12133917,1471.0,0.0,1528.0,BID
430,1712178868.6869345,6277199.57246828,1470.0,-3.3323374607210563e-08,1528.0,ASK
431,1712178868.6908147,6277299.57246817,1470.0,-9.759339398726482e-09,1528.0,ASK
432,1712178868.7864494,6277299.57246828,1470.0,-1.0725129864320997e-17,1528.0,ASK
433,1712178870.3265707,6277299.57246828,1470.0,-0.0,1528.0,ASK
434,1712178886.8860834,6277435.33383929,1470.0,-1.3248573930542082e-08,1528.0,ASK
435,1712178886.8965,6277573.06648458,1468.0,-1.3440945095045822e-08,1528.0,ASK
436,1712178892.976161,6278753.55665567,1468.0,-1.1520074664545785e-07,1528.0,ASK
437,1712178893.0763428,6279147.09279596,1468.0,3.840409543735407e-08,1528.0,BID
438,1712178898.2571733,6279643.06989496,1471.0,-4.8401023170872415e-08,1528.0,ASK
439,1712178898.3761446,6279826.90244896,1471.0,-1.7939706739729602e-08,1528.0,ASK
440,1712178898.4432142,6279826.90244925,1471.0,-2.835617464709764e-17,1528.0,ASK
441,1712178900.2641752,6279826.90244925,1471.0,-0.0,1528.0,ASK
442,1712178905.0159914,6280563.41653711,1468.0,-7.201832575160896e-08,1528.0,ASK
443,1712178906.266172,6280687.41653711,1467.0,-1.2125053057915957e-08,1528.0,ASK
444,1712178906.2702622,6375649.66466357,1467.0,-9.28566368574444e-06,1528.0,ASK
445,1712178930.226066,6375649.66466357,1467.0,-0.0,1528.0,ASK
446,1712178939.1063397,6376534.94117957,1467.0,-8.539096725893797e-08,1528.0,ASK
447,1712178939.1256013,6376534.94118004,1467.0,-4.5365374196418006e-17,1528.0,ASK
448,1712178939.41354,6376648.59072972,1468.0,-1.0962275402441104e-08,1528.0,ASK
449,1712178939.4159384,6376831.29623904,1468.0,-1.7623194428402365e-08,1528.0,ASK
450,1712178939.44574,6376831.29623921,1468.0,-1.6439333619692072e-17,1528.0,ASK
451,1712178960.315456,6376831.29623921,1468.0,-0.0,1528.0,ASK
452,1712178971.7992923,6376931.29623921,1465.0,-9.644070298913041e-09,1528.0,ASK
453,1712178971.801328,6376935.16055838,1465.0,-3.726776573189368e-10,1528.0,ASK
454,1712178971.8032951,6377003.32688421,1466.0,-6.574008383223907e-09,1528.0,ASK
455,1712178971.9074442,6377003.32688504,1465.0,-8.002730679075717e-17,1528.0,ASK
456,1712178979.2895317,6377344.32688504,1465.0,-3.288627971929347e-08,1528.0,ASK
457,1712178990.3060725,6377344.32688504,1465.0,-0.0,1528.0,ASK
458,1712179003.0250716,6377747.66458685,1465.0,3.889535196376241e-08,1528.0,BID
459,1712179007.7867994,6382703.66458685,1465.0,4.779254789897176e-07,1528.0,BID
460,1712179011.5250418,6382803.66458685,1465.0,9.643371246765892e-09,1528.0,BID
461,1712179017.7849877,6382903.66458685,1465.0,9.643371246765892e-09,1528.0,BID
462,1712179020.220455,6382903.66458685,1465.0,0.0,1528.0,BID
463,1712179024.1148758,6383510.0686198,1465.0,5.84318998790251e-08,1528.0,BID
464,1712179024.4355414,6383873.91103956,1465.0,3.5059139926517643e-08,1528.0,BID
465,1712179040.105035,6384143.37406696,1464.0,-2.596492731348413e-08,1528.0,ASK
466,1712179050.2284036,6384143.37406696,1464.0,-0.0,1528.0,ASK
467,1712179076.0448213,6384825.16141321,1466.0,-6.568419445222723e-08,1528.0,ASK
468,1712179076.0492482,6385568.24825996,1466.0,-7.158986039445913e-08,1528.0,ASK
469,1712179076.0646098,6385568.24826014,1466.0,-1.7406594071441488e-17,1528.0,ASK
470,1712179080.324668,6385568.24826014,1466.0,-0.0,1528.0,ASK
471,1712179110.3142805,6385568.24826014,1466.0,-0.0,1528.0,ASK
472,1712179114.5043278,6386495.88191334,1470.0,8.935133528343284e-08,1528.0,BID
473,1712179118.884586,6386517.53357387,1470.0,2.085526730059475e-09,1528.0,BID
474,1712179118.8891177,6386563.87759767,1471.0,4.463939395359759e-09,1528.0,BID
475,1712179140.2244687,6386563.87759767,1471.0,0.0,1528.0,BID
476,1712179170.2239575,6386563.87759767,1471.0,0.0,1528.0,BID
477,1712179200.2518606,6386563.87759767,1471.0,0.0,1528.0,BID
478,1712179200.8939345,6386563.87759802,1467.0,-3.374261950006664e-17,1528.0,ASK
479,1712179200.8986566,6387245.54085602,1467.0,-6.568416835248169e-08,1528.0,ASK
480,1712179223.2738955,6387252.37145602,1464.0,-6.581875656088406e-10,1528.0,ASK
481,1712179223.278677,6387352.37145602,1463.0,-9.635867502271149e-09,1528.0,ASK
482,1712179223.2832203,6388581.54620004,1462.0,-1.184416497051686e-07,1528.0,ASK
483,1712179230.215994,6388581.54620004,1462.0,-0.0,1528.0,ASK
484,1712179260.3369482,6388581.54620004,1462.0,-0.0,1528.0,ASK
485,1712179290.3333817,6388581.54620004,1462.0,-0.0,1528.0,ASK
486,1712179291.82403,6388666.55913398,1464.0,-8.189403123917415e-09,1528.0,ASK
487,1712179320.2261238,6388666.55913398,1464.0,-0.0,1528.0,ASK
488,1712179347.192925,6388734.55481831,1469.0,-6.550031480695523e-09,1528.0,ASK
489,1712179350.2264092,6388734.55481831,1469.0,-0.0,1528.0,ASK
490,1712179354.9430418,6389683.84013205,1473.0,9.144387504796356e-08,1528.0,BID
491,1712179354.9477596,6390118.84013205,1473.0,4.190319292851018e-08,1528.0,BID
492,1712179354.9828885,6390512.37627234,1473.0,-3.7909013358429535e-08,1528.0,ASK
493,1712179359.1128132,6390512.37627305,1473.0,-6.836171681923077e-17,1528.0,ASK
494,1712179359.117391,6392849.23949905,1473.0,-2.251081163370756e-07,1528.0,ASK
495,1712179380.242601,6392849.23949905,1473.0,-0.0,1528.0,ASK
496,1712179389.9225852,6392852.62838793,1476.0,3.2625839983616067e-10,1528.0,BID
497,1712179410.2249582,6392852.62838793,1476.0,0.0,1528.0,BID
498,1712179440.31224,6392852.62838793,1476.0,0.0,1528.0,BID
499,1712179441.292611,6393531.62838793,1473.0,6.536931562967962e-08,1528.0,BID
500,1712179470.352338,6393531.62838793,1473.0,0.0,1528.0,BID
501,1712179470.9026437,6394210.62838793,1473.0,6.536302188953923e-08,1528.0,BID
502,1712179500.2121065,6394210.62838793,1473.0,0.0,1528.0,BID
503,1712179515.802174,6394264.62838793,1473.0,5.2493708156051124e-09,1528.0,BID
504,1712179516.2263763,6394264.93931801,1473.0,3.02256904906227e-11,1528.0,BID
505,1712179521.262159,6394318.29249935,1471.0,-5.1864932046245204e-09,1528.0,ASK
506,1712179527.3321457,6394358.94290585,1476.0,3.951649213340731e-09,1528.0,BID
507,1712179530.236035,6394358.94290585,1476.0,0.0,1528.0,BID
508,1712179560.3220606,6394358.94290585,1476.0,0.0,1528.0,BID
509,1712179582.75181,6394413.19955213,1473.0,-5.274207529059738e-09,1528.0,ASK
510,1712179582.7565362,6394742.37638025,1473.0,-3.1998787693155194e-08,1528.0,ASK
511,1712179582.761557,6394878.15370543,1473.0,-1.3198710938451086e-08,1528.0,ASK
512,1712179590.3214293,6394878.15370543,1473.0,-0.0,1528.0,ASK
513,1712179594.2916918,6395556.15370543,1476.0,6.590246760560132e-08,1528.0,BID
514,1712179620.2292829,6395556.15370543,1476.0,0.0,1528.0,BID
515,1712179643.736185,6395560.21109543,1477.0,3.94345141273969e-10,1528.0,BID
516,1712179643.7411816,6395567.04169543,1477.0,6.63878483989315e-10,1528.0,BID
517,1712179643.7455308,6395666.15370543,1477.0,9.632877191497773e-09,1528.0,BID
518,1712179646.2812965,6395667.04169543,1477.0,8.630536919409746e-11,1528.0,BID
519,1712179650.224287,6395667.04169543,1477.0,0.0,1528.0,BID
520,1712179680.3111584,6395667.04169543,1477.0,0.0,1528.0,BID
521,1712179710.3109958,6395667.04169543,1477.0,0.0,1528.0,BID
522,1712179740.2142918,6395667.04169543,1477.0,0.0,1528.0,BID
523,1712179745.6512678,6395680.04169543,1477.0,-1.2634736206275941e-09,1528.0,ASK
524,1712179745.656001,6396667.04169543,1477.0,-9.592680488918733e-08,1528.0,ASK
525,1712179757.630875,6396767.04169543,1479.0,9.719027850981492e-09,1528.0,BID
526,1712179770.2108483,6396767.04169543,1479.0,0.0,1528.0,BID
527,1712179773.9299664,6396827.8421374,1481.0,5.908278826713168e-09,1528.0,BID
528,1712179773.94007,6397438.66331705,1481.0,5.9356506724187264e-08,1528.0,BID
529,1712179773.9435055,6397442.04169543,1480.0,3.2829369006102846e-10,1528.0,BID
530,1712179785.8707662,6397542.04169543,1481.0,9.717493220883176e-09,1528.0,BID
531,1712179785.875291,6398117.04169543,1481.0,5.587558602007827e-08,1528.0,BID
532,1712179786.9911294,6398123.85009543,1482.0,6.61605808493906e-10,1528.0,BID
533,1712179786.997003,6398130.68069543,1481.0,6.63763091944343e-10,1528.0,BID
534,1712179787.0021088,6398792.04169543,1482.0,6.42677103405232e-08,1528.0,BID
535,1712179794.9606807,6398806.63399236,1482.0,1.4180054649468083e-09,1528.0,BID
536,1712179800.322825,6398806.63399236,1482.0,0.0,1528.0,BID
537,1712179800.8107395,6399746.74634053,1482.0,9.174964520446057e-08,1528.0,BID
538,1712179800.8905716,6399751.46968735,1482.0,4.609719208193215e-10,1528.0,BID
539,1712179810.890946,6400627.7859152,1482.0,8.5523504875365e-08,1528.0,BID
540,1712179810.990415,6400644.00213141,1477.0,-1.5826109366053763e-09,1528.0,ASK
541,1712179830.2149248,6400644.00213141,1477.0,-0.0,1528.0,ASK
542,1712179854.690101,6401319.00213141,1482.0,6.585867900887756e-08,1528.0,BID
543,1712179860.3233235,6401319.00213141,1482.0,0.0,1528.0,BID
544,1712179873.8805428,6401994.00213141,1482.0,6.585225166038288e-08,1528.0,BID
545,1712179875.8301866,6402669.00213141,1482.0,6.585225166038288e-08,1528.0,BID
546,1712179877.2600348,6403344.00213141,1482.0,6.585225166038288e-08,1528.0,BID
547,1712179878.480546,6404019.00213141,1482.0,6.585225166038288e-08,1528.0,BID
548,1712179880.2003894,6404694.00213141,1482.0,6.585225166038288e-08,1528.0,BID
549,1712179881.450009,6405369.00213141,1482.0,6.585225166038288e-08,1528.0,BID
550,1712179890.3136983,6405369.00213141,1482.0,0.0,1528.0,BID
551,1712179891.910711,6405799.00213141,1484.0,4.1925773298688737e-08,1528.0,BID
552,1712179891.9147365,6406602.3113274,1482.0,7.83240912553904e-08,1528.0,BID
553,1712179891.9215186,6406897.55398326,1484.0,2.8786689901628e-08,1528.0,BID
554,1712179896.560192,6407682.86540459,1485.0,7.656927585943317e-08,1528.0,BID
555,1712179896.5700414,6408423.60614535,1485.0,7.222355434933986e-08,1528.0,BID
556,1712179903.350231,6408447.60614535,1480.0,-2.340043160857045e-09,1528.0,ASK
557,1712179903.3551672,6409308.42272182,1480.0,-8.393116427167803e-08,1528.0,ASK
558,1712179916.999918,6410236.82625552,1480.0,-9.052101414791737e-08,1528.0,ASK
559,1712179920.2021017,6410236.82625552,1480.0,-0.0,1528.0,ASK
560,1712179932.3803737,6410249.23454375,1480.0,-1.208979750634444e-09,1528.0,ASK
561,1712179932.389423,6410679.23454375,1480.0,-4.189629408414592e-08,1528.0,ASK
562,1712179950.223292,6410679.23454375,1480.0,-0.0,1528.0,ASK
563,1712179951.8371346,6410879.23454375,1480.0,-1.948540532410689e-08,1528.0,ASK
564,1712179980.2651982,6410879.23454375,1480.0,-0.0,1528.0,ASK
565,1712180010.222163,6410879.23454375,1480.0,-0.0,1528.0,ASK
566,1712180040.3416293,6410879.23454375,1480.0,-0.0,1528.0,ASK
567,1712180070.3196304,6410879.23454375,1480.0,-0.0,1528.0,ASK
568,1712180073.5395892,6410884.43140375,1483.0,5.063000166379663e-10,1528.0,BID
569,1712180073.545829,6411034.6282074,1484.0,1.463280600089669e-08,1528.0,BID
570,1712180090.619511,6411038.1282074,1484.0,-3.4098475971701697e-10,1528.0,ASK
571,1712180100.1915915,6411038.1282074,1484.0,-0.0,1528.0,ASK
572,1712180130.2090988,6411038.1282074,1484.0,-0.0,1528.0,ASK
573,1712180150.4298546,6411507.3162124,1484.0,-4.573190398108939e-08,1528.0,ASK
574,1712180150.5697796,6411507.31621279,1484.0,-3.803527278945121e-17,1528.0,ASK
575,1712180153.0803466,6411514.05475726,1484.0,-6.56808071342249e-10,1528.0,ASK
576,1712180160.2617528,6411514.05475726,1484.0,-0.0,1528.0,ASK
577,1712180190.21904,6411514.05475726,1484.0,-0.0,1528.0,ASK
578,1712180220.3123703,6411514.05475726,1484.0,-0.0,1528.0,ASK
579,1712180250.321449,6411514.05475726,1484.0,-0.0,1528.0,ASK
580,1712180280.2205112,6411514.05475726,1484.0,-0.0,1528.0,ASK
581,1712180310.211106,6411514.05475726,1484.0,-0.0,1528.0,ASK
582,1712180324.6613624,6412076.89791626,1485.0,-5.485672522680733e-08,1528.0,ASK
583,1712180324.7414958,6412331.70071126,1485.0,-2.483399982533552e-08,1528.0,ASK
584,1712180333.99166,6412335.18603549,1487.0,3.3969227582596315e-10,1528.0,BID
585,1712180333.9942896,6412526.94045571,1487.0,1.8689077716982e-08,1528.0,BID
586,1712180340.3116446,6412526.94045571,1487.0,0.0,1528.0,BID
587,1712180370.3225422,6412526.94045571,1487.0,0.0,1528.0,BID
588,1712180390.9832385,6412606.23498699,1488.0,7.727198053837018e-09,1528.0,BID
589,1712180400.246887,6412606.23498699,1488.0,0.0,1528.0,BID
590,1712180430.2339418,6412606.23498699,1488.0,0.0,1528.0,BID
591,1712180456.74474,6412611.67119745,1489.0,5.323322023226441e-10,1528.0,BID
592,1712180456.7497685,6412806.23498699,1489.0,1.9052347465129057e-08,1528.0,BID
593,1712180460.3183436,6412806.23498699,1489.0,0.0,1528.0,BID
594,1712180476.9149785,6413377.48259745,1489.0,5.5936876100148914e-08,1528.0,BID
595,1712180476.9203997,6413954.08282264,1489.0,5.6461007040068454e-08,1528.0,BID
596,1712180487.0671048,6415666.51874705,1489.0,1.6768265526050948e-07,1528.0,BID
597,1712180490.335444,6415666.51874705,1489.0,0.0,1528.0,BID
598,1712180496.1450646,6416466.51874705,1489.0,7.83037784533504e-08,1528.0,BID
599,1712180520.2359092,6416466.51874705,1489.0,0.0,1528.0,BID
600,1712180540.316885,6416471.51874705,1489.0,4.89341560883907e-10,1528.0,BID
601,1712180550.2370532,6416471.51874705,1489.0,0.0,1528.0,BID
602,1712180580.3267171,6416471.51874705,1489.0,0.0,1528.0,BID
603,1712180610.3273609,6416471.51874705,1489.0,0.0,1528.0,BID
604,1712180640.229972,6416471.51874705,1489.0,0.0,1528.0,BID
605,1712180670.2093048,6416471.51874705,1489.0,0.0,1528.0,BID
606,1712180700.230693,6416471.51874705,1489.0,0.0,1528.0,BID
607,1712180714.9987726,6416538.63284101,1490.0,6.5716155561577566e-09,1528.0,BID
608,1712180730.23201,6416538.63284101,1490.0,0.0,1528.0,BID
609,1712180746.809447,6417259.18916068,1491.0,7.055407403518511e-08,1528.0,BID
610,1712180746.8146677,6417427.59552311,1491.0,1.648969641715101e-08,1528.0,BID
611,1712180746.849271,6418103.11707281,1491.0,6.614444440890936e-08,1528.0,BID
612,1712180746.872328,6418271.47574492,1491.0,1.6485026766404635e-08,1528.0,BID
613,1712180746.9271903,6418940.48723993,1491.0,6.550700515803289e-08,1528.0,BID
614,1712180746.9301858,6419000.83942127,1492.0,5.909451009232717e-09,1528.0,BID
615,1712180760.325798,6419000.83942127,1492.0,0.0,1528.0,BID
616,1712180790.3298285,6419000.83942127,1492.0,0.0,1528.0,BID
617,1712180820.2420752,6419000.83942127,1492.0,0.0,1528.0,BID
618,1712180823.7743454,6419085.07410593,1492.0,-8.244969079026712e-09,1528.0,ASK
619,1712180823.778656,6420500.83942127,1491.0,-1.385764224722265e-07,1528.0,ASK
620,1712180836.3603733,6421701.76662073,1491.0,-1.1754786838427537e-07,1528.0,ASK
621,1712180850.2204676,6421701.76662073,1491.0,-0.0,1528.0,ASK
622,1712180880.320539,6421701.76662073,1491.0,-0.0,1528.0,ASK
623,1712180881.0507483,6422370.77420973,1495.0,6.545728131506232e-08,1528.0,BID
624,1712180881.0560577,6422377.76662073,1495.0,6.84153993773604e-10,1528.0,BID
625,1712180881.4163363,6422381.1184974,1492.0,-3.2795552352532675e-10,1528.0,ASK
626,1712180881.4188802,6422511.54588494,1492.0,-1.2761323395698977e-08,1528.0,ASK
627,1712180882.211454,6423598.41200149,1495.0,1.0634154576500833e-07,1528.0,BID
628,1712180882.8504791,6423848.41200149,1495.0,2.4460589981078374e-08,1528.0,BID
629,1712180883.030568,6423849.22725916,1495.0,7.976673441420749e-11,1528.0,BID
630,1712180899.1733923,6423855.96735916,1497.0,6.59467290131114e-10,1528.0,BID
631,1712180899.1805935,6424450.88846602,1497.0,5.8208485063971184e-08,1528.0,BID
632,1712180900.3011372,6424724.37083278,1497.0,2.6758160161510603e-08,1528.0,BID
633,1712180900.6007705,6424731.11093278,1497.0,6.59467290131114e-10,1528.0,BID
634,1712180905.120852,6424736.19794751,1496.0,-4.97725526070472e-10,1528.0,ASK
635,1712180910.330943,6424736.19794751,1496.0,-0.0,1528.0,ASK
636,1712180940.2314403,6424736.19794751,1496.0,-0.0,1528.0,ASK
637,1712180962.1517112,6424752.50530185,1496.0,-1.594841933799004e-09,1528.0,ASK
638,1712180969.3318045,6424762.93591542,1496.0,-1.0201029283709946e-09,1528.0,ASK
639,1712180969.3366575,6424827.17475345,1496.0,-6.282490128728932e-09,1528.0,ASK
640,1712180970.2118783,6424827.17475345,1496.0,-0.0,1528.0,ASK
641,1712180982.2816243,6424893.88589421,1499.0,6.5241918691463875e-09,1528.0,BID
642,1712181000.2719426,6424893.88589421,1499.0,0.0,1528.0,BID
643,1712181009.9320655,6424904.14511728,1496.0,-1.0046092495389784e-09,1528.0,ASK
644,1712181011.9918623,6424907.54738545,1499.0,3.3315876358816275e-10,1528.0,BID
645,1712181030.2262795,6424907.54738545,1499.0,0.0,1528.0,BID
646,1712181038.53367,6424988.71827432,1499.0,7.948444235739983e-09,1528.0,BID
647,1712181046.5622058,6425015.40273062,1499.0,2.6130046845190748e-09,1528.0,BID
648,1712181053.8321376,6425022.07384469,1499.0,6.532511706737823e-10,1528.0,BID
649,1712181060.3223746,6425022.07384469,1499.0,0.0,1528.0,BID
650,1712181090.304891,6425022.07384469,1499.0,0.0,1528.0,BID
651,1712181120.2551446,6425022.07384469,1499.0,0.0,1528.0,BID
652,1712181136.2628255,6427625.88968378,1496.0,-2.5496748119305774e-07,1528.0,ASK
653,1712181136.268312,6428097.90434489,1496.0,-4.62200081214098e-08,1528.0,ASK
654,1712181136.2732685,6428357.63088272,1496.0,-2.5432605545825573e-08,1528.0,ASK
655,1712181145.532728,6428374.41249191,1496.0,-1.6432669934744523e-09,1528.0,ASK
656,1712181150.443853,6428374.41249191,1496.0,-0.0,1528.0,ASK
657,1712181163.6226902,6428659.58800323,1497.0,-2.791088042652363e-08,1528.0,ASK
658,1712181180.322926,6428659.58800323,1497.0,-0.0,1528.0,ASK
659,1712181183.5832658,6428691.65927523,1499.0,3.13876894327833e-09,1528.0,BID
660,1712181183.7313614,6428691.65927582,1499.0,5.769617227413816e-17,1528.0,BID
661,1712181185.2130396,6428702.55268582,1500.0,1.0661222602812468e-09,1528.0,BID
662,1712181189.5032375,6428703.08624437,1501.0,5.2218602588848994e-11,1528.0,BID
663,1712181189.5090892,6428853.08624437,1501.0,1.468028276195529e-08,1528.0,BID
664,1712181207.98128,6428912.99672644,1503.0,5.863352114657688e-09,1528.0,BID
665,1712181207.989643,6428977.63018118,1503.0,6.325582609772908e-09,1528.0,BID
666,1712181209.673201,6429071.44352178,1503.0,9.181375778976418e-09,1528.0,BID
667,1712181209.818875,6429116.44672644,1503.0,4.404398464067597e-09,1528.0,BID
668,1712181209.824674,6430447.1187158,1503.0,1.3023094044811197e-07,1528.0,BID
669,1712181210.3251624,6430447.1187158,1503.0,0.0,1528.0,BID
670,1712181213.0100837,6430457.26235548,1503.0,9.924824070760551e-10,1528.0,BID
671,1712181219.615882,6430525.38224648,1503.0,6.665042876348621e-09,1528.0,BID
672,1712181240.2476594,6430525.38224648,1503.0,0.0,1528.0,BID
673,1712181270.237214,6430525.38224648,1503.0,0.0,1528.0,BID
674,1712181295.843564,6430599.34968835,1505.0,7.237100505060806e-09,1528.0,BID
675,1712181295.8533585,6430799.34968835,1505.0,1.95683406701831e-08,1528.0,BID
676,1712181300.281876,6430799.34968835,1505.0,0.0,1528.0,BID
677,1712181324.233929,6430819.27000707,1506.0,1.9530650232454244e-09,1528.0,BID
678,1712181325.483689,6430833.71829192,1505.0,-1.4165656775993043e-09,1528.0,ASK
679,1712181329.876572,6430840.37976797,1506.0,6.531168532162251e-10,1528.0,BID
680,1712181329.883603,6430940.77492248,1506.0,9.843128894319324e-09,1528.0,BID
681,1712181329.887462,6431073.55648946,1506.0,1.3018417920264713e-08,1528.0,BID
682,1712181330.2238553,6431073.55648946,1506.0,0.0,1528.0,BID
683,1712181331.0837874,6431109.02605745,1506.0,-3.477432718475192e-09,1528.0,ASK
684,1712181335.8638833,6431309.02605745,1507.0,1.9607978983349363e-08,1528.0,BID
685,1712181335.8685603,6431416.02986033,1507.0,1.04906415900194e-08,1528.0,BID
686,1712181352.836598,6431442.55505926,1508.0,-2.600527715737431e-09,1528.0,ASK
687,1712181360.323616,6431442.55505926,1508.0,-0.0,1528.0,ASK
688,1712181366.53389,6431445.95732743,1508.0,-3.3353983023469594e-10,1528.0,ASK
689,1712181368.604198,6431449.33704909,1509.0,3.3132949324421155e-10,1528.0,BID
690,1712181368.8838382,6431581.8751538,1508.0,-1.2993313498689241e-08,1528.0,ASK
691,1712181385.3240829,6431609.29076871,1508.0,-2.6876774801627804e-09,1528.0,ASK
692,1712181385.3299017,6432438.093116,1508.0,-8.125126544111645e-08,1528.0,ASK
693,1712181390.3487186,6432438.093116,1508.0,-0.0,1528.0,ASK
694,1712181391.464438,6432866.2020971,1508.0,-4.196329543718204e-08,1528.0,ASK
695,1712181416.3143342,6432874.93404709,1509.0,8.559068212453377e-10,1528.0,BID
696,1712181416.3214574,6433183.82801662,1509.0,3.027782521370713e-08,1528.0,BID
697,1712181416.3539565,6433183.82801663,1509.0,1.0041718973063121e-18,1528.0,BID
698,1712181416.9186592,6433216.9625428,1510.0,3.247850365728093e-09,1528.0,BID
699,1712181416.92761,6433294.11881861,1510.0,7.562867726620555e-09,1528.0,BID
700,1712181420.2199004,6433294.11881861,1510.0,0.0,1528.0,BID
701,1712181430.844103,6435068.61745488,1510.0,1.739145613802755e-07,1528.0,BID
702,1712181433.754002,6435134.61745488,1510.0,6.468509367370436e-09,1528.0,BID
703,1712181436.1045449,6435134.75502101,1510.0,1.3482542400735687e-11,1528.0,BID
704,1712181444.5742185,6435138.15502101,1511.0,3.3322624017377555e-10,1528.0,BID
705,1712181449.7343602,6435167.88954718,1511.0,2.914213046479819e-09,1528.0,BID
706,1712181449.743575,6435381.15502101,1511.0,2.090166235156588e-08,1528.0,BID
707,1712181450.214468,6435381.15502101,1511.0,0.0,1528.0,BID
708,1712181455.2144485,6435594.36600429,1511.0,2.0889869225410332e-08,1528.0,BID
709,1712181455.2200413,6435595.15502101,1511.0,7.730584907944242e-11,1528.0,BID
710,1712181456.1864195,6435595.99852829,1511.0,8.264469536849939e-11,1528.0,BID
711,1712181461.5041993,6435614.59469919,1512.0,1.8220054718859806e-09,1528.0,BID
712,1712181461.5078557,6435621.26799919,1512.0,6.538329412273622e-10,1528.0,BID
713,1712181461.54429,6435821.26799919,1512.0,1.9595490723822216e-08,1528.0,BID
714,1712181461.5478394,6435942.43439442,1512.0,1.1871574868863642e-08,1528.0,BID
715,1712181466.471864,6436582.34755511,1510.0,-6.269706202177368e-08,1528.0,ASK
716,1712181466.4804893,6438598.47755511,1510.0,-1.975352835650875e-07,1528.0,ASK
717,1712181472.4642637,6438628.31185511,1510.0,-2.923088744530253e-09,1528.0,ASK
718,1712181480.334187,6438628.31185511,1510.0,-0.0,1528.0,ASK
719,1712181483.333963,6438634.52131203,1510.0,-6.080945923642433e-10,1528.0,ASK
720,1712181484.2244377,6438837.13622032,1512.0,1.984215876799844e-08,1528.0,BID
721,1712181484.230241,6438843.80952032,1512.0,6.53518930181918e-10,1528.0,BID
722,1712181510.334451,6438843.80952032,1512.0,0.0,1528.0,BID
723,1712181525.7445786,6438853.80952032,1512.0,-9.792727414899426e-10,1528.0,ASK
724,1712181529.7147458,6438857.11203022,1514.0,3.2340579237493804e-10,1528.0,BID
725,1712181540.2458177,6438857.11203022,1514.0,0.0,1528.0,BID
726,1712181570.2448368,6438857.11203022,1514.0,0.0,1528.0,BID
727,1712181572.541433,6439137.82382193,1512.0,-2.74892864215884e-08,1528.0,ASK
728,1712181591.2948132,6439807.16786476,1512.0,6.554690843536516e-08,1528.0,BID
729,1712181591.3010664,6443669.82382193,1512.0,3.782586235792774e-07,1528.0,BID
730,1712181596.4047189,6443669.84301863,1512.0,1.8798767383820867e-12,1528.0,BID
731,1712181600.3896945,6443669.84301863,1512.0,0.0,1528.0,BID
732,1712181605.7447622,6445325.66730044,1511.0,-1.623025001836835e-07,1528.0,ASK
733,1712181606.4301968,6445757.87841853,1511.0,-4.2364969425664585e-08,1528.0,ASK
734,1712181630.2240503,6445757.87841853,1511.0,-0.0,1528.0,ASK
735,1712181650.7863486,6445784.33344498,1512.0,2.592297715384746e-09,1528.0,BID
736,1712181660.3378837,6445784.33344498,1512.0,0.0,1528.0,BID
737,1712181675.525102,6445800.14396085,1512.0,-1.549248253569344e-09,1528.0,ASK
738,1712181690.3356278,6445800.14396085,1512.0,-0.0,1528.0,ASK
739,1712181692.655059,6445815.94942674,1511.0,-1.548749785843996e-09,1528.0,ASK
740,1712181720.225557,6445815.94942674,1511.0,-0.0,1528.0,ASK
741,1712181728.575463,6445838.99764742,1508.0,-2.258449295651153e-09,1528.0,ASK
742,1712181728.580968,6445846.37333336,1508.0,-7.227287932173238e-10,1528.0,ASK
743,1712181750.2450447,6445846.37333336,1508.0,-0.0,1528.0,ASK
744,1712181755.9550743,6446256.37333336,1513.0,4.017490379605459e-08,1528.0,BID
745,1712181755.9650166,6446289.42025999,1513.0,3.2381880441577075e-09,1528.0,BID
746,1712181756.0151994,6446607.04617951,1513.0,-3.1123392097186125e-08,1528.0,ASK
747,1712181756.4153085,6446922.90095496,1513.0,-3.0949841993258304e-08,1528.0,ASK
748,1712181756.4949589,6447350.62096337,1513.0,-4.1911244364731794e-08,1528.0,ASK
749,1712181756.6850612,6447625.34881493,1513.0,-2.6919914649990202e-08,1528.0,ASK
750,1712181757.105404,6449976.16378428,1513.0,-2.3035064691703602e-07,1528.0,ASK
751,1712181764.146418,6450396.16378428,1513.0,4.11547794983974e-08,1528.0,BID
752,1712181764.1528418,6451656.03378428,1513.0,1.234516001109814e-07,1528.0,BID
753,1712181764.15681,6451758.7012315,1514.0,1.0060133695296269e-08,1528.0,BID
754,1712181764.160944,6452690.91534966,1514.0,9.134539637662005e-08,1528.0,BID
755,1712181767.1649144,6453617.03688202,1513.0,9.074839869752181e-08,1528.0,BID
756,1712181780.3300114,6453617.03688202,1513.0,0.0,1528.0,BID
757,1712181787.4556513,6453644.60257646,1513.0,2.6979869542112158e-09,1528.0,BID
758,1712181787.4606576,6454084.60257646,1512.0,4.3064913979588e-08,1528.0,BID
759,1712181810.325476,6454084.60257646,1512.0,0.0,1528.0,BID
760,1712181840.2572331,6454084.60257646,1512.0,0.0,1528.0,BID
761,1712181870.2624545,6454084.60257646,1512.0,0.0,1528.0,BID
762,1712181895.4053545,6454151.80687753,1512.0,6.577152714761461e-09,1528.0,BID
763,1712181895.408652,6454167.27453413,1512.0,1.5137891172599167e-09,1528.0,BID
764,1712181900.3355238,6454167.27453413,1512.0,0.0,1528.0,BID
765,1712181930.325739,6454167.27453413,1512.0,0.0,1528.0,BID
766,1712181945.435815,6454299.5496664,1511.0,1.2954232412061944e-08,1528.0,BID
767,1712181960.2167995,6454299.5496664,1511.0,0.0,1528.0,BID
768,1712181964.4856412,6454365.73100326,1511.0,6.481275984581786e-09,1528.0,BID
769,1712181990.235654,6454365.73100326,1511.0,0.0,1528.0,BID
770,1712182014.0163236,6455214.20673812,1505.0,-8.30921799166757e-08,1528.0,ASK
771,1712182014.0229294,6455639.20673812,1506.0,-4.1620726455337415e-08,1528.0,ASK
772,1712182014.0279934,6456054.20673812,1507.0,-4.06414152446236e-08,1528.0,ASK
773,1712182014.0308568,6456060.81430814,1508.0,-6.47086739663452e-10,1528.0,ASK
774,1712182014.0338206,6456696.87637175,1505.0,-6.229027096023064e-08,1528.0,ASK
775,1712182020.3255565,6456696.87637175,1505.0,-0.0,1528.0,ASK
776,1712182020.7603388,6457696.17107393,1505.0,-9.782842646115173e-08,1528.0,ASK
777,1712182043.9258,6458061.61957891,1509.0,-3.5776485271792386e-08,1528.0,ASK
778,1712182050.3356855,6458061.61957891,1509.0,-0.0,1528.0,ASK
779,1712182080.2162576,6458061.61957891,1509.0,-0.0,1528.0,ASK
780,1712182110.2460437,6458061.61957891,1509.0,-0.0,1528.0,ASK
781,1712182132.8159523,6458065.01957891,1508.0,3.3278444699094315e-10,1528.0,BID
782,1712182140.3259373,6458065.01957891,1508.0,0.0,1528.0,BID
783,1712182170.3362625,6458065.01957891,1508.0,0.0,1528.0,BID
784,1712182200.266337,6458065.01957891,1508.0,0.0,1528.0,BID
785,1712182230.2575622,6458065.01957891,1508.0,0.0,1528.0,BID
786,1712182252.5065465,6458495.01957891,1508.0,4.2115746230045496e-08,1528.0,BID
787,1712182252.515386,6458697.33936066,1508.0,1.981592694297796e-08,1528.0,BID
788,1712182260.3365564,6458697.33936066,1508.0,0.0,1528.0,BID
789,1712182290.326302,6458697.33936066,1508.0,0.0,1528.0,BID
790,1712182312.9060185,6458717.23325986,1507.0,1.9482980665162824e-09,1528.0,BID
791,1712182320.2307065,6458717.23325986,1507.0,0.0,1528.0,BID
792,1712182324.3062215,6459819.64555736,1507.0,1.0796382448156769e-07,1528.0,BID
793,1712182325.4956548,6460483.21556399,1507.0,6.498617249606344e-08,1528.0,BID
794,1712182325.9355435,6460503.13588271,1506.0,-1.950879719660192e-09,1528.0,ASK
795,1712182329.5655096,6461167.14650688,1506.0,6.5029324005577e-08,1528.0,BID
796,1712182338.8752725,6461187.86574077,1506.0,2.029120807226991e-09,1528.0,BID
797,1712182347.4648714,6461291.20438618,1506.0,-1.0120383635590546e-08,1528.0,ASK
798,1712182347.5449698,6461857.99298271,1506.0,-5.550796620526783e-08,1528.0,ASK
799,1712182350.235211,6461857.99298271,1506.0,-0.0,1528.0,ASK
800,1712182380.3243008,6461857.99298271,1506.0,-0.0,1528.0,ASK
801,1712182410.373869,6461857.99298271,1506.0,-0.0,1528.0,ASK
802,1712182413.8140063,6461857.99298354,1507.0,8.122895011027168e-17,1528.0,BID
803,1712182413.828415,6466439.94313854,1507.0,4.485216036338732e-07,1528.0,BID
804,1712182436.2934182,6466506.34420096,1506.0,6.499920337929858e-09,1528.0,BID
805,1712182440.2421377,6466506.34420096,1506.0,0.0,1528.0,BID
806,1712182470.2442107,6466506.34420096,1506.0,0.0,1528.0,BID
807,1712182486.2328377,6471348.69408454,1508.0,4.736870082965618e-07,1528.0,BID
1008,1712182486.2392669,6471618.23263537,1508.0,2.6366725419081282e-08,1528.0,BID
808,1712182486.2392669,6471618.23263537,1508.0,2.636672541908128e-08,1528.0,BID
809,1712182486.2447193,6474707.23263537,1507.0,3.021713019106361e-07,1528.0,BID
810,1712182486.2491982,6474828.05607098,1508.0,1.1819156633006346e-08,1528.0,BID
811,1712182500.2694056,6474828.05607098,1508.0,0.0,1528.0,BID
812,1712182526.5615227,6475661.61705298,1508.0,8.145613480860197e-08,1528.0,BID
813,1712182526.5822487,6475661.61705329,1508.0,3.0306151114519175e-17,1528.0,BID
814,1712182530.2521214,6475661.61705329,1508.0,0.0,1528.0,BID
815,1712182560.3447373,6475661.61705329,1508.0,0.0,1528.0,BID
816,1712182590.3304696,6475661.61705329,1508.0,0.0,1528.0,BID
817,1712182620.2315829,6475661.61705329,1508.0,0.0,1528.0,BID
818,1712182650.241757,6475661.61705329,1508.0,0.0,1528.0,BID
819,1712182680.3290958,6475661.61705329,1508.0,0.0,1528.0,BID
820,1712182710.328765,6475661.61705329,1508.0,0.0,1528.0,BID
821,1712182740.2215474,6475661.61705329,1508.0,0.0,1528.0,BID
822,1712182755.2381408,6475916.80533559,1505.0,-2.493410625139064e-08,1528.0,ASK
823,1712182770.2310889,6475916.80533559,1505.0,-0.0,1528.0,ASK
824,1712182800.2773511,6475916.80533559,1505.0,-0.0,1528.0,ASK
825,1712182824.1389244,6475987.4296042,1504.0,-6.915362046749806e-09,1528.0,ASK
826,1712182826.6273432,6476047.2799032,1503.0,-5.860400317654594e-09,1528.0,ASK
827,1712182826.6355338,6477377.95189255,1503.0,-1.302962671745771e-07,1528.0,ASK
828,1712182830.217597,6477377.95189255,1503.0,-0.0,1528.0,ASK
829,1712182860.2465763,6477377.95189255,1503.0,-0.0,1528.0,ASK
830,1712182890.232828,6477377.95189255,1503.0,-0.0,1528.0,ASK
831,1712182920.3261435,6477377.95189255,1503.0,-0.0,1528.0,ASK
832,1712182950.3264048,6477377.95189255,1503.0,-0.0,1528.0,ASK
833,1712182980.2058573,6477377.95189255,1503.0,-0.0,1528.0,ASK
834,1712183010.2253883,6477377.95189255,1503.0,-0.0,1528.0,ASK
835,1712183010.559831,6477411.1965734,1504.0,-3.254540980264576e-09,1528.0,ASK
1035,1712183010.559831,6477411.1965734,1504.0,-3.2545409802645762e-09,1528.0,ASK
836,1712183010.5631337,6477501.847272,1503.0,-8.874394517938977e-09,1528.0,ASK
837,1712183010.6294963,6478051.37210993,1503.0,5.379660923183445e-08,1528.0,BID
838,1712183040.3251677,6478051.37210993,1503.0,0.0,1528.0,BID
839,1712183070.3145356,6478051.37210993,1503.0,0.0,1528.0,BID
1040,1712183087.164709,6478055.36147163,1504.0,3.9050622239856626e-10,1528.0,BID
840,1712183087.164709,6478055.36147163,1504.0,3.905062223985663e-10,1528.0,BID
841,1712183100.2243774,6478055.36147163,1504.0,0.0,1528.0,BID
842,1712183130.230828,6478055.36147163,1504.0,0.0,1528.0,BID
843,1712183160.2596843,6478055.36147163,1504.0,0.0,1528.0,BID
844,1712183190.2005248,6478055.36147163,1504.0,0.0,1528.0,BID
845,1712183220.3236785,6478055.36147163,1504.0,0.0,1528.0,BID
846,1712183227.2022064,6479243.02457163,1506.0,1.1661699444940697e-07,1528.0,BID
847,1712183227.2091355,6480146.76464122,1506.0,8.873850730816899e-08,1528.0,BID
848,1712183233.9733963,6480153.41357739,1504.0,-6.528610280549454e-10,1528.0,ASK
849,1712183250.323533,6480153.41357739,1504.0,-0.0,1528.0,ASK
850,1712183280.2488377,6480153.41357739,1504.0,-0.0,1528.0,ASK
851,1712183310.21289,6480153.41357739,1504.0,-0.0,1528.0,ASK
852,1712183340.3330126,6480153.41357739,1504.0,-0.0,1528.0,ASK
853,1712183370.312708,6480153.41357739,1504.0,-0.0,1528.0,ASK
854,1712183400.402272,6480153.41357739,1504.0,-0.0,1528.0,ASK
855,1712183400.892945,6480158.05241105,1509.0,4.5720086850041056e-10,1528.0,BID
856,1712183430.3122015,6480158.05241105,1509.0,0.0,1528.0,BID
857,1712183460.2429483,6480158.05241105,1509.0,0.0,1528.0,BID
858,1712183473.082411,6480171.34144759,1505.0,1.3097591553640448e-09,1528.0,BID
859,1712183483.6620636,6480184.63931993,1502.0,-1.31063000630192e-09,1528.0,ASK
860,1712183483.6819174,6480417.71614208,1502.0,2.297190626178585e-08,1528.0,BID
861,1712183484.242027,6480517.71614208,1501.0,-9.855937647478561e-09,1528.0,ASK
1061,1712183484.242027,6480517.71614208,1501.0,-9.85593764747856e-09,1528.0,ASK
862,1712183490.222628,6480517.71614208,1501.0,-0.0,1528.0,ASK
863,1712183520.3218658,6480517.71614208,1501.0,-0.0,1528.0,ASK
864,1712183525.6219146,6481183.93866008,1501.0,6.565898045940895e-08,1528.0,BID
865,1712183525.6292317,6481183.93866041,1501.0,3.258391846862749e-17,1528.0,BID
866,1712183541.5315146,6481694.09012641,1503.0,5.0277533755523526e-08,1528.0,BID
867,1712183541.5816746,6481694.09012673,1503.0,3.148249023870206e-17,1528.0,BID
868,1712183550.3214269,6481694.09012673,1503.0,0.0,1528.0,BID
869,1712183567.7718017,6481826.09012673,1505.0,1.3006880348223596e-08,1528.0,BID
870,1712183567.7805717,6482809.92042301,1505.0,9.694365868698225e-08,1528.0,BID
871,1712183567.785462,6493517.23006375,1505.0,1.0550658738521724e-06,1528.0,BID
872,1712183567.9313538,6494066.75490168,1505.0,-5.414851375249465e-08,1528.0,ASK
873,1712183568.6113832,6494983.12667158,1505.0,-9.029649973918724e-08,1528.0,ASK
874,1712183573.291651,6495513.9447778,1506.0,5.230520904754192e-08,1528.0,BID
875,1712183573.2990007,6495543.68311248,1506.0,2.930325461650587e-09,1528.0,BID
876,1712183580.238834,6495543.68311248,1506.0,0.0,1528.0,BID
877,1712183610.2050035,6495543.68311248,1506.0,0.0,1528.0,BID
878,1712183622.2713752,6495673.68311248,1501.0,-1.2783549961415862e-08,1528.0,ASK
879,1712183640.3130322,6495673.68311248,1501.0,-0.0,1528.0,ASK
880,1712183640.5012498,6502309.17709248,1505.0,6.524887785283858e-07,1528.0,BID
881,1712183640.542627,6502309.17709283,1505.0,3.443402279323154e-17,1528.0,BID
882,1712183640.6029634,6502749.17709283,1506.0,4.326656966577469e-08,1528.0,BID
883,1712183642.7912698,6503169.17709283,1509.0,4.1299907408239486e-08,1528.0,BID
884,1712183642.9025795,6505947.17709283,1510.0,2.731693875716411e-07,1528.0,BID
885,1712183642.9307802,6508725.17709283,1510.0,-2.731693875716411e-07,1528.0,ASK
886,1712183642.9731357,6509414.89587083,1510.0,6.78221944503164e-08,1528.0,BID
887,1712183658.4213305,6509829.89587083,1509.0,-4.080824184385569e-08,1528.0,ASK
888,1712183658.4286475,6509886.89587083,1509.0,-5.604987433975358e-09,1528.0,ASK
889,1712183658.5012553,6510120.16557723,1509.0,2.2938136370170964e-08,1528.0,BID
890,1712183670.3008416,6510120.16557723,1509.0,0.0,1528.0,BID
891,1712183700.200637,6510120.16557723,1509.0,0.0,1528.0,BID
892,1712183730.2355218,6510120.16557723,1509.0,0.0,1528.0,BID
893,1712183731.2713332,6510252.4407095,1509.0,1.30418804838148e-08,1528.0,BID
894,1712183735.4070382,6510283.10963013,1509.0,-3.023851804710498e-09,1528.0,ASK
895,1712183740.2605107,6514865.05978513,1509.0,-4.517647820794782e-07,1528.0,ASK
896,1712183740.2847269,6515229.93607302,1509.0,-3.5975567413049914e-08,1528.0,ASK
897,1712183760.3223772,6515229.93607302,1509.0,-0.0,1528.0,ASK
898,1712183790.310484,6515229.93607302,1509.0,-0.0,1528.0,ASK
899,1712183820.2301974,6515229.93607302,1509.0,-0.0,1528.0,ASK
900,1712183850.2102382,6515229.93607302,1509.0,-0.0,1528.0,ASK
901,1712183880.3401191,6515229.93607302,1509.0,-0.0,1528.0,ASK
902,1712183889.5200748,6515296.1720074,1509.0,6.525677914585558e-09,1528.0,BID
903,1712183910.320158,6515296.1720074,1509.0,0.0,1528.0,BID
904,1712183940.2497618,6515296.1720074,1509.0,0.0,1528.0,BID
905,1712183948.514577,6515721.1720074,1510.0,4.1871316974114425e-08,1528.0,BID
906,1712183948.52377,6515829.91309945,1509.0,1.0713253490248622e-08,1528.0,BID
907,1712183948.52854,6517020.92547832,1510.0,1.173394278488051e-07,1528.0,BID
908,1712183970.2299998,6517020.92547832,1510.0,0.0,1528.0,BID
909,1712184000.2453046,6517020.92547832,1510.0,0.0,1528.0,BID
910,1712184030.212187,6517020.92547832,1510.0,0.0,1528.0,BID
911,1712184039.81064,6517219.600975,1510.0,1.9614732023055235e-08,1528.0,BID
912,1712184060.3198535,6517219.600975,1510.0,0.0,1528.0,BID
913,1712184090.3191876,6517219.600975,1510.0,0.0,1528.0,BID
914,1712184100.919562,6517370.48306547,1507.0,-1.489576806470034e-08,1528.0,ASK
915,1712184100.9270854,6517795.48306547,1507.0,-4.1957938200517174e-08,1528.0,ASK
1115,1712184100.9270854,6517795.48306547,1507.0,-4.195793820051717e-08,1528.0,ASK
916,1712184101.2790506,6517804.04311856,1507.0,8.45087478889393e-10,1528.0,BID
917,1712184120.2023325,6517804.04311856,1507.0,0.0,1528.0,BID
918,1712184150.2192302,6517804.04311856,1507.0,0.0,1528.0,BID
919,1712184178.2091763,6523036.87179931,1510.0,5.165637952337274e-07,1528.0,BID
920,1712184178.2159953,6523744.08537781,1510.0,6.98132792870932e-08,1528.0,BID
921,1712184178.3086762,6523977.3550842,1510.0,-2.3027446950359123e-08,1528.0,ASK
922,1712184178.4888785,6524092.99930814,1510.0,-1.1415932540438388e-08,1528.0,ASK
923,1712184180.3187196,6524092.99930814,1510.0,-0.0,1528.0,ASK
924,1712184203.7191222,6524119.45433459,1512.0,2.6090879197386022e-09,1528.0,BID
925,1712184203.7286377,6535510.88436552,1512.0,1.1234629660579458e-06,1528.0,BID
926,1712184203.733422,6538538.3183153,1512.0,2.985762029463245e-07,1528.0,BID
927,1712184210.3091805,6538538.3183153,1512.0,0.0,1528.0,BID
928,1712184229.8591025,6539284.77111664,1512.0,7.345956839203863e-08,1528.0,BID
929,1712184229.8671112,6539694.77111664,1508.0,-4.0348730672130986e-08,1528.0,ASK
930,1712184229.8730607,6540271.06963805,1508.0,-5.671442396855858e-08,1528.0,ASK
1130,1712184229.8730607,6540271.06963805,1508.0,-5.6714423968558584e-08,1528.0,ASK
931,1712184229.8764718,6540379.73830731,1508.0,-1.0694250898719358e-08,1528.0,ASK
932,1712184240.2187889,6540379.73830731,1508.0,-0.0,1528.0,ASK
933,1712184253.0686498,6541546.74281316,1508.0,-1.1481527258576258e-07,1528.0,ASK
934,1712184270.2284062,6541546.74281316,1508.0,-0.0,1528.0,ASK
935,1712184289.0185325,6541878.30779989,1514.0,3.2615241850510155e-08,1528.0,BID
936,1712184300.2402751,6541878.30779989,1514.0,0.0,1528.0,BID
937,1712184330.237959,6541878.30779989,1514.0,0.0,1528.0,BID
938,1712184360.3185203,6541878.30779989,1514.0,0.0,1528.0,BID
939,1712184370.678283,6543199.3117629,1514.0,1.301825228668415e-07,1528.0,BID
940,1712184390.318815,6543199.3117629,1514.0,0.0,1528.0,BID
941,1712184420.228853,6543199.3117629,1514.0,0.0,1528.0,BID
942,1712184450.2193716,6543199.3117629,1514.0,0.0,1528.0,BID
943,1712184456.2594368,6543532.45211957,1513.0,3.28239029686688e-08,1528.0,BID
944,1712184480.3094428,6543532.45211957,1513.0,0.0,1528.0,BID
945,1712184485.4694676,6543597.15935616,1512.0,6.375206538028118e-09,1528.0,BID
946,1712184510.3099525,6543597.15935616,1512.0,0.0,1528.0,BID
947,1712184527.5499587,6544359.47450328,1508.0,-7.51055047359957e-08,1528.0,ASK
948,1712184540.2126403,6544359.47450328,1508.0,-0.0,1528.0,ASK
949,1712184558.2503607,6544379.36840248,1508.0,-1.959782827775741e-09,1528.0,ASK
950,1712184570.215359,6544379.36840248,1508.0,-0.0,1528.0,ASK
951,1712184571.480277,6544394.68607672,1508.0,-1.508966438267655e-09,1528.0,ASK
952,1712184577.180472,6544401.29983333,1512.0,6.51530813297869e-10,1528.0,BID
953,1712184600.2535756,6544401.29983333,1512.0,0.0,1528.0,BID
954,1712184630.2100997,6544401.29983333,1512.0,0.0,1528.0,BID
955,1712184660.3304217,6544401.29983333,1512.0,0.0,1528.0,BID
956,1712184690.3105836,6544401.29983333,1512.0,0.0,1528.0,BID
957,1712184700.9109788,6544985.90075493,1512.0,5.7644894296341984e-08,1528.0,BID
958,1712184701.0008404,6546314.10582426,1512.0,1.3096838885543296e-07,1528.0,BID
959,1712184701.0109496,6546986.14883501,1512.0,6.626716942428853e-08,1528.0,BID
960,1712184701.0170517,6547073.76118893,1512.0,8.639064178942474e-09,1528.0,BID
961,1712184701.1143098,6547073.76118918,1512.0,2.470323111853625e-17,1528.0,BID
962,1712184708.6909688,6547093.60245902,1513.0,1.9564592876038687e-09,1528.0,BID
963,1712184720.2009892,6547093.60245902,1513.0,0.0,1528.0,BID
964,1712184722.7512248,6547754.10444052,1514.0,6.510302744790267e-08,1528.0,BID
965,1712184733.5914493,6548090.49446694,1514.0,3.315661381291128e-08,1528.0,BID
966,1712184741.301288,6551848.66118694,1514.0,3.704273991282598e-07,1528.0,BID
967,1712184750.2115636,6551848.66118694,1514.0,0.0,1528.0,BID
968,1712184751.5216224,6551852.03197323,1513.0,-3.3200927481862307e-10,1528.0,ASK
969,1712184751.527936,6552512.97050594,1513.0,-6.509986219425901e-08,1528.0,ASK
970,1712184751.6008563,6552512.97050616,1513.0,-2.164866551217077e-17,1528.0,ASK
971,1712184758.0270584,6552754.7279368,1514.0,2.3812162009336312e-08,1528.0,BID
972,1712184779.3812904,6552759.7279368,1514.0,4.924804575043248e-10,1528.0,BID
973,1712184780.3112214,6552759.7279368,1514.0,0.0,1528.0,BID
974,1712184786.6612663,6552767.7279368,1512.0,-7.878617438091039e-10,1528.0,ASK
975,1712184788.7116568,6552767.72793717,1512.0,-3.650423302734542e-17,1528.0,ASK
976,1712184788.7198586,6553421.10359817,1512.0,-6.434621095470402e-08,1528.0,ASK
977,1712184810.3183246,6553421.10359817,1512.0,-0.0,1528.0,ASK
978,1712184833.682447,6553547.66973568,1512.0,-1.2463349801197578e-08,1528.0,ASK
979,1712184833.6904564,6553600.61179917,1512.0,-5.2133648814101354e-09,1528.0,ASK
980,1712184840.223806,6553600.61179917,1512.0,-0.0,1528.0,ASK
981,1712184842.078148,6553600.61179922,1512.0,-4.860507861866943e-18,1528.0,ASK
982,1712184865.8715887,6553735.65609452,1510.0,-1.3297864188999905e-08,1528.0,ASK
983,1712184870.214712,6553735.65609452,1510.0,-0.0,1528.0,ASK
984,1712184885.8529675,6553739.03357796,1510.0,-3.3257542756348436e-10,1528.0,ASK
1184,1712184885.8529675,6553739.03357796,1510.0,-3.325754275634844e-10,1528.0,ASK
985,1712184885.859378,6553940.93339338,1510.0,-1.9880754010599223e-08,1528.0,ASK
986,1712184900.3017845,6553940.93339338,1510.0,-0.0,1528.0,ASK
987,1712184930.3219235,6553940.93339338,1510.0,-0.0,1528.0,ASK
988,1712184932.4018245,6554007.16385696,1509.0,-6.557927782942955e-09,1528.0,ASK
989,1712184932.8220088,6554603.6239169,1509.0,-5.9059559408901465e-08,1528.0,ASK
990,1712184932.830003,6556116.15248484,1508.0,-1.497657208177799e-07,1528.0,ASK
991,1712184932.9020846,6560534.14020194,1508.0,4.374549539363748e-07,1528.0,BID
992,1712184936.3750658,6560540.74463022,1512.0,6.53949276020864e-10,1528.0,BID
993,1712184947.1124544,6560540.74463094,1509.0,7.128340868089454e-17,1528.0,BID
994,1712184947.118619,6560730.62581694,1509.0,1.8801425172264112e-08,1528.0,BID
995,1712184960.211821,6560730.62581694,1509.0,0.0,1528.0,BID
996,1712184977.0420616,6560733.93269524,1512.0,3.2710481465970093e-10,1528.0,BID
997,1712184990.2322931,6560733.93269524,1512.0,0.0,1528.0,BID
998,1712185020.3024538,6560733.93269524,1512.0,0.0,1528.0,BID
999,1712185032.7327127,6560741.25443119,1512.0,7.24240107916166e-10,1528.0,BID
1000,1712185050.3534193,6560741.25443119,1512.0,0.0,1528.0,BID
1201,1712185072.855989,6561171.25443119,1508.0,-4.2534025741808784e-08,1528.0,ASK
1202,1712185072.8580587,6561272.45904581,1508.0,-1.0010789961453948e-08,1528.0,ASK
1203,1712185080.2130747,6561272.45904581,1508.0,-0.0,1528.0,ASK
1204,1712185110.2151067,6561272.45904581,1508.0,-0.0,1528.0,ASK
1205,1712185140.3028712,6561272.45904581,1508.0,-0.0,1528.0,ASK
1206,1712185158.403193,6561356.60858161,1508.0,-8.323104501725067e-09,1528.0,ASK
1207,1712185158.4049911,6561478.55300255,1508.0,-1.2061339961473754e-08,1528.0,ASK
1208,1712185158.4064944,6561803.69022173,1508.0,-3.2158835184210145e-08,1528.0,ASK
1209,1712185170.3130338,6561803.69022173,1508.0,-0.0,1528.0,ASK
1210,1712185177.6003304,6562016.38228418,1508.0,-2.103538646835896e-08,1528.0,ASK
1211,1712185200.343321,6562016.38228418,1508.0,-0.0,1528.0,ASK
1212,1712185205.4586332,6562934.0742218,1507.0,-9.09822452055306e-08,1528.0,ASK
1213,1712185205.4633703,6562959.3316206,1507.0,-2.5040808975994803e-09,1528.0,ASK
1214,1712185205.4653945,6563025.84833883,1505.0,-6.594631727924496e-09,1528.0,ASK
1215,1712185205.4674296,6563092.71205064,1506.0,-6.629033528401632e-09,1528.0,ASK
1216,1712185205.4696486,6563102.67882804,1505.0,-9.881309273327704e-10,1528.0,ASK
1217,1712185230.2133307,6563102.67882804,1505.0,-0.0,1528.0,ASK
1218,1712185240.0094278,6563202.43240234,1505.0,-9.888211075097513e-09,1528.0,ASK
1219,1712185242.093099,6563230.75372114,1505.0,-2.8073899125048766e-09,1528.0,ASK
1220,1712185260.313093,6563230.75372114,1505.0,-0.0,1528.0,ASK
1221,1712185280.1329052,6563234.06497941,1510.0,3.2822678614845127e-10,1528.0,BID
1222,1712185290.322959,6563234.06497941,1510.0,0.0,1528.0,BID
1223,1712185293.8662636,6563240.67874758,1505.0,-6.555860698245338e-10,1528.0,ASK
1224,1712185299.5829532,6564368.37702256,1505.0,-1.117824606144206e-07,1528.0,ASK
1225,1712185299.5849593,6566744.88597729,1505.0,-2.3557012059522005e-07,1528.0,ASK
1226,1712185320.194634,6566744.88597729,1505.0,-0.0,1528.0,ASK
1227,1712185341.3231158,6567028.57866831,1505.0,-2.810615862002736e-08,1528.0,ASK
1228,1712185350.22289,6567028.57866831,1505.0,-0.0,1528.0,ASK
1229,1712185368.122817,6567040.68711245,1504.0,-1.199563709137387e-09,1528.0,ASK
1230,1712185378.8100471,6567073.68711245,1505.0,-3.2692558966227e-09,1528.0,ASK
1231,1712185380.3232756,6567073.68711245,1505.0,-0.0,1528.0,ASK
1232,1712185410.3232648,6567073.68711245,1505.0,-0.0,1528.0,ASK
1233,1712185440.2128725,6567073.68711245,1505.0,-0.0,1528.0,ASK
1234,1712185470.2131689,6567073.68711245,1505.0,-0.0,1528.0,ASK
1235,1712185497.9230735,6567114.48711245,1506.0,4.041961928962039e-09,1528.0,BID
1236,1712185500.293597,6567798.34167776,1506.0,6.774789504600108e-08,1528.0,BID
1237,1712185500.313041,6567798.34167776,1506.0,0.0,1528.0,BID
1238,1712185502.1728814,6568394.34053176,1507.0,5.9131617173553534e-08,1528.0,BID
1239,1712185502.2128968,6570191.98208226,1507.0,1.7835177243380125e-07,1528.0,BID
1240,1712185523.6329255,6570691.98208226,1510.0,4.960715677277248e-08,1528.0,BID
1241,1712185530.323357,6570691.98208226,1510.0,0.0,1528.0,BID
1242,1712185558.8033142,6571133.05771139,1510.0,4.3742084442085695e-08,1528.0,BID
1243,1712185560.213278,6571133.05771139,1510.0,0.0,1528.0,BID
1244,1712185569.7636735,6571481.0209563,1510.0,3.4505720496458175e-08,1528.0,BID
1245,1712185569.7672565,6571530.01155235,1510.0,4.858144757999537e-09,1528.0,BID
1246,1712185590.215757,6571530.01155235,1510.0,0.0,1528.0,BID
1247,1712185620.33367,6571530.01155235,1510.0,0.0,1528.0,BID
1248,1712185636.6235294,6571530.0115533,1507.0,-9.419594692823752e-17,1528.0,ASK
1249,1712185636.6258686,6571633.3819903,1507.0,-1.0250103879248436e-08,1528.0,ASK
1250,1712185640.8541389,6572393.76568734,1508.0,7.53988481518644e-08,1528.0,BID
1251,1712185650.3239095,6572393.76568734,1508.0,0.0,1528.0,BID
1252,1712185680.2318373,6572393.76568734,1508.0,0.0,1528.0,BID
1253,1712185710.2135365,6572393.76568734,1508.0,0.0,1528.0,BID
1254,1712185733.0735958,6573100.57304808,1508.0,7.00772245996515e-08,1528.0,BID
1255,1712185738.4181426,6573900.57304808,1508.0,7.931691546193952e-08,1528.0,BID
1256,1712185738.4932826,6574724.42889204,1508.0,-8.168213041018834e-08,1528.0,ASK
1257,1712185740.3138037,6574724.42889204,1508.0,-0.0,1528.0,ASK
1258,1712185770.313638,6574724.42889204,1508.0,-0.0,1528.0,ASK
1259,1712185800.236735,6574724.42889204,1508.0,-0.0,1528.0,ASK
1260,1712185811.9634378,6574731.06019177,1508.0,6.577157424443141e-10,1528.0,BID
1261,1712185830.2236774,6574731.06019177,1508.0,0.0,1528.0,BID
1262,1712185838.5832746,6574734.3930167,1508.0,3.3056102694656165e-10,1528.0,BID
1263,1712185843.9495995,6574872.19955874,1505.0,-1.3668126294853768e-08,1528.0,ASK
1264,1712185843.963186,6575170.47260201,1505.0,-2.9583745193961185e-08,1528.0,ASK
1265,1712185845.043351,6575233.00049178,1505.0,-6.201730931512315e-09,1528.0,ASK
1266,1712185860.3235507,6575233.00049178,1505.0,-0.0,1528.0,ASK
1267,1712185890.3235166,6575233.00049178,1505.0,-0.0,1528.0,ASK
1268,1712185920.2135212,6575233.00049178,1505.0,-0.0,1528.0,ASK
1269,1712185950.2237086,6575233.00049178,1505.0,-0.0,1528.0,ASK
1270,1712185980.333573,6575233.00049178,1505.0,-0.0,1528.0,ASK
1271,1712186010.3039782,6575233.00049178,1505.0,-0.0,1528.0,ASK
1272,1712186040.2354083,6575233.00049178,1505.0,-0.0,1528.0,ASK
1273,1712186050.2834983,6575409.26232195,1506.0,1.7480944110591574e-08,1528.0,BID
1274,1712186070.2333536,6575409.26232195,1506.0,0.0,1528.0,BID
1275,1712186100.23345,6575409.26232195,1506.0,0.0,1528.0,BID
1276,1712186130.259349,6575409.26232195,1506.0,0.0,1528.0,BID
1277,1712186131.303931,6575420.16059127,1506.0,-1.0828153268687287e-09,1528.0,ASK
1278,1712186131.307026,6575480.50688466,1506.0,-5.995804423995286e-09,1528.0,ASK
1279,1712186160.3132715,6575480.50688466,1506.0,-0.0,1528.0,ASK
1280,1712186177.9736204,6575776.49106489,1506.0,2.9407677574753532e-08,1528.0,BID
1281,1712186178.8932545,6576123.34752609,1506.0,3.4462122157133565e-08,1528.0,BID
1282,1712186179.0534654,6576537.19064136,1506.0,4.111761949882627e-08,1528.0,BID
1283,1712186187.5535848,6578161.58561518,1506.0,1.6139269202470953e-07,1528.0,BID
1284,1712186187.6533442,6578808.73980818,1506.0,6.429837511606774e-08,1528.0,BID
1285,1712186187.7201798,6579144.69938557,1506.0,3.3379456031523314e-08,1528.0,BID
1286,1712186187.933732,6579416.91663242,1506.0,2.7046300310423208e-08,1528.0,BID
1287,1712186188.0535214,6579540.40824242,1506.0,1.22695795675114e-08,1528.0,BID
1288,1712186189.6332693,6580639.63795057,1506.0,1.0921459657971057e-07,1528.0,BID
1289,1712186190.333458,6580639.63795057,1506.0,0.0,1528.0,BID
1290,1712186220.1128232,6581013.53130605,1505.0,-3.711973337645674e-08,1528.0,ASK
1291,1712186220.1179955,6581473.19893257,1505.0,-4.5635311481675246e-08,1528.0,ASK
1292,1712186220.2101872,6581505.0844837,1505.0,-3.165563493283933e-09,1528.0,ASK
1293,1712186220.2116897,6581663.08011857,1505.0,-1.5685638043729213e-08,1528.0,ASK
1294,1712186220.2236602,6581663.08011857,1505.0,-0.0,1528.0,ASK
1295,1712186220.2341912,6583051.09268657,1505.0,-1.3778258996187945e-07,1528.0,ASK
1296,1712186220.8633878,6585277.98875257,1505.0,-2.2105528049455734e-07,1528.0,ASK
1297,1712186220.883195,6585277.98875348,1505.0,-9.032243545416628e-17,1528.0,ASK
1298,1712186250.213832,6585277.98875348,1505.0,-0.0,1528.0,ASK
1299,1712186256.883316,6585281.98875348,1506.0,3.968407060980912e-10,1528.0,BID
1300,1712186280.3138266,6585281.98875348,1506.0,0.0,1528.0,BID
1301,1712186288.033682,6585684.11832158,1505.0,-3.989532159380479e-08,1528.0,ASK
1302,1712186295.9034486,6586357.40036542,1504.0,-6.679639049980322e-08,1528.0,ASK
1303,1712186310.333543,6586357.40036542,1504.0,-0.0,1528.0,ASK
1304,1712186340.231221,6586357.40036542,1504.0,-0.0,1528.0,ASK
1305,1712186370.2233958,6586357.40036542,1504.0,-0.0,1528.0,ASK
1306,1712186400.2733316,6586357.40036542,1504.0,-0.0,1528.0,ASK
1307,1712186421.3834608,6586490.31263269,1504.0,-1.3241519236628856e-08,1528.0,ASK
1308,1712186421.3962598,6586576.42682158,1504.0,-8.579213282191679e-09,1528.0,ASK
1309,1712186424.9538214,6587022.83735358,1504.0,4.447410136248387e-08,1528.0,BID
1310,1712186424.973462,6587022.83735402,1504.0,4.388681057942529e-17,1528.0,BID
1311,1712186430.223645,6587022.83735402,1504.0,0.0,1528.0,BID
1312,1712186460.3144732,6587022.83735402,1504.0,0.0,1528.0,BID
1313,1712186461.9744349,6587026.82141776,1506.0,3.9687681346687766e-10,1528.0,BID
1314,1712186488.915538,6587226.02460501,1506.0,1.9843840698764152e-08,1528.0,BID
1315,1712186490.325072,6587226.02460501,1506.0,0.0,1528.0,BID
1316,1712186500.4951751,6587611.861567,1506.0,3.843439421439085e-08,1528.0,BID
1317,1712186516.956091,6587616.50964136,1506.0,4.630088350127153e-10,1528.0,BID
1318,1712186520.2348423,6587616.50964136,1506.0,0.0,1528.0,BID
1319,1712186550.2390192,6587616.50964136,1506.0,0.0,1528.0,BID
1320,1712186559.1967564,6587891.50964136,1504.0,-2.7391982450920192e-08,1528.0,ASK
1321,1712186573.5069835,6591190.35955239,1506.0,3.285892322587777e-07,1528.0,BID
1322,1712186580.3471,6591190.35955239,1506.0,0.0,1528.0,BID
1323,1712186610.3175597,6591190.35955239,1506.0,0.0,1528.0,BID
1324,1712186640.2283745,6591190.35955239,1506.0,0.0,1528.0,BID
1325,1712186670.2289245,6591190.35955239,1506.0,0.0,1528.0,BID
1326,1712186685.9594853,6592026.86563445,1504.0,-8.3277394981058e-08,1528.0,ASK
1327,1712186685.9628603,6592122.51927039,1504.0,-9.522687034118833e-09,1528.0,ASK
1328,1712186700.329516,6592122.51927039,1504.0,-0.0,1528.0,ASK
1329,1712186705.8994098,6592568.92980239,1503.0,-4.450846750451641e-08,1528.0,ASK
1330,1712186705.9194715,6592955.92381436,1503.0,-3.8584462443277095e-08,1528.0,ASK
1331,1712186705.9225705,6596508.47045837,1503.0,-3.541995439824079e-07,1528.0,ASK
1332,1712186706.1394415,6597706.80601096,1502.0,-1.1947764485541276e-07,1528.0,ASK
1333,1712186706.1428268,6597716.80601037,1502.0,-9.9702990163025e-10,1528.0,ASK
1334,1712186706.159256,6597716.80601096,1502.0,-5.877762706374621e-17,1528.0,ASK
1335,1712186714.7357209,6597786.67276645,1501.0,-6.965924846021226e-09,1528.0,ASK
1336,1712186714.73749,6598452.89528477,1501.0,-6.642438110636206e-08,1528.0,ASK
1337,1712186714.7394357,6598810.43525812,1501.0,-3.5647806547362505e-08,1528.0,ASK
1338,1712186718.8911607,6598877.10192478,1500.0,-6.646866402007289e-09,1528.0,ASK
1339,1712186718.8939116,6599526.36956063,1500.0,-6.473392852658767e-08,1528.0,ASK
1340,1712186718.8955188,6599866.34711069,1500.0,-3.389678032754472e-08,1528.0,ASK
1341,1712186730.3299496,6599866.34711069,1500.0,-0.0,1528.0,ASK
1342,1712186755.487274,6600035.33330816,1500.0,-1.6828912238544863e-08,1528.0,ASK
1343,1712186755.4898689,6600658.43510825,1500.0,-6.205314792770493e-08,1528.0,ASK
1344,1712186755.5639403,6601144.56639031,1500.0,4.8412597032517944e-08,1528.0,BID
1345,1712186760.2398412,6601144.56639031,1500.0,0.0,1528.0,BID
1346,1712186790.2402914,6601144.56639031,1500.0,0.0,1528.0,BID
1347,1712186818.3507884,6601251.19725041,1504.0,1.0617073092139468e-08,1528.0,BID
1348,1712186820.3612337,6601251.19725041,1504.0,0.0,1528.0,BID
1349,1712186850.331369,6601251.19725041,1504.0,0.0,1528.0,BID
1350,1712186861.6115274,6601284.44193126,1502.0,3.310069619206997e-09,1528.0,BID
1351,1712186880.2414188,6601284.44193126,1502.0,0.0,1528.0,BID
1352,1712186898.0028834,6601291.10859792,1500.0,-6.637759935998987e-10,1528.0,ASK
1353,1712186898.0065622,6602948.88933473,1498.0,-1.6505925851570773e-07,1528.0,ASK
1354,1712186910.2221954,6602948.88933473,1498.0,-0.0,1528.0,ASK
1355,1712186933.9582562,6603286.27125105,1500.0,3.3583565271509054e-08,1528.0,BID
1356,1712186940.2725422,6603286.27125105,1500.0,0.0,1528.0,BID
1357,1712186970.263459,6603286.27125105,1500.0,0.0,1528.0,BID
1358,1712186990.4030323,6603296.27125105,1500.0,-9.953667327296091e-10,1528.0,ASK
1359,1712186990.5826578,6603613.35154805,1500.0,3.156111792376e-08,1528.0,BID
1360,1712187000.3154235,6603613.35154805,1500.0,0.0,1528.0,BID
1361,1712187000.8059115,6603613.35154834,1500.0,2.9146937151020477e-17,1528.0,BID
1362,1712187000.8075976,6603618.01510567,1501.0,4.67794940595844e-10,1528.0,BID
1363,1712187030.2478883,6603618.01510567,1501.0,0.0,1528.0,BID
1364,1712187060.3135197,6603618.01510567,1501.0,0.0,1528.0,BID
1365,1712187065.2438705,6604276.91328598,1501.0,6.609311237540543e-08,1528.0,BID
1366,1712187065.2478902,6605283.00006821,1501.0,1.0091909303208084e-07,1528.0,BID
1367,1712187066.0637145,6605349.62232005,1499.0,-6.682780601267579e-09,1528.0,ASK
1368,1712187082.283807,6605433.43554205,1501.0,8.407181664321027e-09,1528.0,BID
1369,1712187090.3338714,6605433.43554205,1501.0,0.0,1528.0,BID
1370,1712187120.3145723,6605433.43554205,1501.0,0.0,1528.0,BID
1371,1712187150.2148438,6605433.43554205,1501.0,0.0,1528.0,BID
1372,1712187155.7848475,6605693.07704764,1499.0,-2.603714299795077e-08,1528.0,ASK
1373,1712187155.7886624,6606136.42885004,1498.0,-4.4459818745898025e-08,1528.0,ASK
1374,1712187155.7922575,6606406.72206153,1499.0,-2.71053080782628e-08,1528.0,ASK
1375,1712187155.795468,6606441.62828132,1498.0,-3.500435086988841e-09,1528.0,ASK
1376,1712187180.3723478,6606441.62828132,1498.0,-0.0,1528.0,ASK
1377,1712187201.3147,6606542.59710449,1502.0,1.0123733661373664e-08,1528.0,BID
1378,1712187210.335935,6606542.59710449,1502.0,0.0,1528.0,BID
1379,1712187216.4050255,6607739.94152324,1502.0,1.2005103456226334e-07,1528.0,BID
1380,1712187216.4085011,6608754.4312673,1502.0,1.0171721805352342e-07,1528.0,BID
1381,1712187240.236042,6608754.4312673,1502.0,0.0,1528.0,BID
1382,1712187243.465441,6609098.86238507,1500.0,3.452268426344871e-08,1528.0,BID
1383,1712187270.2458608,6609098.86238507,1500.0,0.0,1528.0,BID
1384,1712187298.488906,6609454.4312673,1500.0,3.563718838362149e-08,1528.0,BID
1385,1712187298.4926822,6610785.10325665,1500.0,1.3336771222475918e-07,1528.0,BID
1386,1712187300.3257048,6610785.10325665,1500.0,0.0,1528.0,BID
1387,1712187303.3256905,6611116.66824338,1498.0,-3.334937419705988e-08,1528.0,ASK
1388,1712187319.465891,6611782.88801838,1500.0,6.700952592451359e-08,1528.0,BID
1389,1712187319.4857953,6611782.88801933,1500.0,9.554749991017474e-17,1528.0,BID
1390,1712187330.3360329,6611782.88801933,1500.0,0.0,1528.0,BID
1391,1712187349.465958,6611796.87880274,1500.0,1.407005241334084e-09,1528.0,BID
1392,1712187350.528899,6612129.76828343,1502.0,3.3477556644574584e-08,1528.0,BID
1393,1712187360.2265074,6612129.76828343,1502.0,0.0,1528.0,BID
1394,1712187390.2368448,6612129.76828343,1502.0,0.0,1528.0,BID
1395,1712187407.0642326,6612133.98655275,1497.0,-4.2419469456066606e-10,1528.0,ASK
1396,1712187407.06811,6612140.66655275,1497.0,-6.71749560029581e-10,1528.0,ASK
1397,1712187411.5770855,6612220.01131015,1498.0,-7.979012854600226e-09,1528.0,ASK
1398,1712187420.3267474,6612220.01131015,1498.0,-0.0,1528.0,ASK
1399,1712187450.3274453,6612220.01131015,1498.0,-0.0,1528.0,ASK
1400,1712187467.437064,6612268.01559499,1497.0,-4.827308216483069e-09,1528.0,ASK
1401,1712187472.077384,6612274.7045582,1497.0,-6.72641768791504e-10,1528.0,ASK
1402,1712187480.2486863,6612274.7045582,1497.0,-0.0,1528.0,ASK
1403,1712187500.8674834,6612774.7045582,1497.0,-5.027955824788596e-08,1528.0,ASK
1404,1712187510.2427838,6612774.7045582,1497.0,-0.0,1528.0,ASK
1405,1712187540.3512616,6612774.7045582,1497.0,-0.0,1528.0,ASK
1406,1712187570.327706,6612774.7045582,1497.0,-0.0,1528.0,ASK
1407,1712187577.9279892,6612854.86487885,1497.0,-8.060244340076574e-09,1528.0,ASK
1408,1712187600.277996,6612854.86487885,1497.0,-0.0,1528.0,ASK
1409,1712187609.3881695,6613826.02235685,1497.0,-9.780026249066772e-08,1528.0,ASK
1410,1712187623.5780609,6613846.09304459,1497.0,-2.0212154813381312e-09,1528.0,ASK
1411,1712187630.2458358,6613846.09304459,1497.0,-0.0,1528.0,ASK
1412,1712187643.4585805,6613884.73570606,1497.0,-3.890921770664092e-09,1528.0,ASK
1413,1712187643.998511,6614920.90326127,1497.0,-1.0433150164240685e-07,1528.0,ASK
1414,1712187644.002532,6614960.94334143,1497.0,-4.0316275760223035e-09,1528.0,ASK
1415,1712187644.0064306,6615206.1837332,1497.0,-2.4693205464717014e-08,1528.0,ASK
1416,1712187657.4478035,6615212.86375992,1497.0,-6.72610539901177e-10,1528.0,ASK
1417,1712187660.3278422,6615212.86375992,1497.0,-0.0,1528.0,ASK
1418,1712187679.0487895,6615688.01196672,1496.0,-4.7832722526378745e-08,1528.0,ASK
1419,1712187679.0536394,6615699.56931966,1496.0,-1.163467836747483e-09,1528.0,ASK
1420,1712187679.1878023,6615764.15229366,1496.0,6.501507174085852e-09,1528.0,BID
1421,1712187681.517809,6615764.15229394,1496.0,2.8220365331553026e-17,1528.0,BID
1422,1712187682.05809,6616236.74750794,1496.0,4.757571514535841e-08,1528.0,BID
1423,1712187682.0621874,6617174.85781072,1496.0,9.443868075223776e-08,1528.0,BID
1424,1712187690.328087,6617174.85781072,1496.0,0.0,1528.0,BID
1425,1712187720.208174,6617174.85781072,1496.0,0.0,1528.0,BID
1426,1712187750.2286034,6617174.85781072,1496.0,0.0,1528.0,BID
1427,1712187780.3384092,6617174.85781072,1496.0,0.0,1528.0,BID
1428,1712187789.6786,6617244.23514405,1500.0,6.982087758977876e-09,1528.0,BID
1429,1712187810.3585055,6617244.23514405,1500.0,0.0,1528.0,BID
1430,1712187827.2785203,6617313.61247738,1496.0,-6.982014635419496e-09,1528.0,ASK
1431,1712187840.228862,6617313.61247738,1496.0,-0.0,1528.0,ASK
1432,1712187870.2388186,6617313.61247738,1496.0,-0.0,1528.0,ASK
1433,1712187893.5592844,6617361.47855914,1497.0,-4.817109228878169e-09,1528.0,ASK
1434,1712187900.2666662,6617361.47855914,1497.0,-0.0,1528.0,ASK
1435,1712187909.44057,6617427.38327116,1500.0,6.650021035382086e-09,1528.0,BID
1436,1712187909.4425042,6617760.7166045,1500.0,3.363452491610464e-08,1528.0,BID
1437,1712187909.444385,6618024.44915914,1500.0,2.6611557540079683e-08,1528.0,BID
1438,1712187909.5991862,6618190.19185613,1500.0,1.6724030614385506e-08,1528.0,BID
1439,1712187930.2492657,6618190.19185613,1500.0,0.0,1528.0,BID
1440,1712187939.3691337,6618473.88454715,1500.0,-2.8622016587948903e-08,1528.0,ASK
1441,1712187955.2097154,6618480.87522624,1502.0,7.05296044650471e-10,1528.0,BID
1442,1712187960.3294733,6618480.87522624,1502.0,0.0,1528.0,BID
1443,1712187985.0994418,6618498.97322248,1500.0,-1.8258431672707302e-09,1528.0,ASK
1444,1712187985.180733,6619178.58478848,1500.0,-6.856361984445078e-08,1528.0,ASK
1445,1712187990.3296018,6619178.58478848,1500.0,-0.0,1528.0,ASK
1446,1712188004.1895068,6619184.04504147,1502.0,5.50807557008149e-10,1528.0,BID
1447,1712188020.2720978,6619184.04504147,1502.0,0.0,1528.0,BID
1448,1712188022.1597886,6619190.70283108,1502.0,6.716095029217596e-10,1528.0,BID
1449,1712188023.2600148,6619208.80082769,1500.0,-1.8256489343573147e-09,1528.0,ASK
1450,1712188023.2638426,6619214.87616008,1500.0,-6.12853695417981e-10,1528.0,ASK
1451,1712188027.559636,6619214.87616102,1500.0,-9.488733938535004e-17,1528.0,ASK
1452,1712188050.2433157,6619214.87616102,1500.0,-0.0,1528.0,ASK
1453,1712188080.3399897,6619214.87616102,1500.0,-0.0,1528.0,ASK
1454,1712188110.3398802,6619214.87616102,1500.0,-0.0,1528.0,ASK
1455,1712188138.0135858,6620265.2149916,1500.0,-1.0595322011789189e-07,1528.0,ASK
1456,1712188138.0180154,6620269.2149916,1500.0,-4.03501106626264e-10,1528.0,ASK
1457,1712188140.241622,6620269.2149916,1500.0,-0.0,1528.0,ASK
1458,1712188141.583408,6620692.9005506,1500.0,4.2732580633757074e-08,1528.0,BID
1459,1712188141.6000054,6620692.90055088,1500.0,2.8179731055552426e-17,1528.0,BID
1460,1712188170.2502353,6620692.90055088,1500.0,0.0,1528.0,BID
1461,1712188200.250349,6620692.90055088,1500.0,0.0,1528.0,BID
1462,1712188209.0202997,6620839.46950491,1501.0,1.4844204774274848e-08,1528.0,BID
1463,1712188209.240273,6620919.4162071,1501.0,8.096838967023126e-09,1528.0,BID
1464,1712188230.2404728,6620919.4162071,1501.0,0.0,1528.0,BID
1465,1712188260.345388,6620919.4162071,1501.0,0.0,1528.0,BID
1466,1712188279.9909234,6620919.41620723,1499.0,-1.3110369262545596e-17,1528.0,ASK
1467,1712188279.9934974,6621573.23739523,1499.0,-6.6215396525068e-08,1528.0,ASK
1468,1712188290.340853,6621573.23739523,1499.0,-0.0,1528.0,ASK
1469,1712188320.2702372,6621573.23739523,1499.0,-0.0,1528.0,ASK
1470,1712188327.7512045,6621772.86849181,1500.0,2.021552765406804e-08,1528.0,BID
1471,1712188327.8711815,6622196.55405081,1500.0,-4.290427333877996e-08,1528.0,ASK
1472,1712188327.891389,6623472.10995894,1500.0,-1.2916843205727548e-07,1528.0,ASK
1473,1712188350.2436044,6623472.10995894,1500.0,-0.0,1528.0,ASK
1474,1712188366.072075,6623534.57539288,1500.0,6.3237021168765775e-09,1528.0,BID
1475,1712188380.3530643,6623534.57539288,1500.0,0.0,1528.0,BID
1476,1712188410.3415089,6623534.57539288,1500.0,0.0,1528.0,BID
1477,1712188440.2425668,6623534.57539288,1500.0,0.0,1528.0,BID
1478,1712188447.0617206,6623667.9976744,1499.0,1.3506906264465305e-08,1528.0,BID
1479,1712188470.2270384,6623667.9976744,1499.0,0.0,1528.0,BID
1480,1712188500.3405905,6623667.9976744,1499.0,0.0,1528.0,BID
1481,1712188530.339514,6623667.9976744,1499.0,0.0,1528.0,BID
1482,1712188539.839548,6624001.33100773,1497.0,-3.385869314472449e-08,1528.0,ASK
1483,1712188539.9993484,6624001.9990104,1497.0,-6.785309224026728e-11,1528.0,ASK
1484,1712188540.001959,6624005.9694204,1497.0,-4.0329868160411906e-10,1528.0,ASK
1485,1712188560.25075,6624005.9694204,1497.0,-0.0,1528.0,ASK
1486,1712188590.228121,6624005.9694204,1497.0,-0.0,1528.0,ASK
1487,1712188611.9177284,6624072.81434018,1496.0,-6.789495957072328e-09,1528.0,ASK
1488,1712188611.922264,6627571.88742746,1494.0,-3.554038610266342e-07,1528.0,ASK
1489,1712188611.9265854,6627578.56745418,1495.0,-6.784960555545207e-10,1528.0,ASK
1490,1712188611.930229,6627587.66745418,1495.0,-9.242948217622055e-10,1528.0,ASK
1491,1712188611.9343436,6627998.85056583,1496.0,-4.17642220737111e-08,1528.0,ASK
1492,1712188611.9378092,6628413.85056583,1494.0,-4.215190670414958e-08,1528.0,ASK
1493,1712188611.940107,6628848.85056583,1495.0,-4.4183323894711015e-08,1528.0,ASK
1494,1712188611.9421034,6629832.68086211,1494.0,-9.992848882290269e-08,1528.0,ASK
1495,1712188611.9441333,6629845.70363505,1493.0,-1.3227342409420842e-09,1528.0,ASK
1496,1712188611.946165,6630845.70363505,1494.0,-1.0157085952807129e-07,1528.0,ASK
1497,1712188611.9482057,6630849.1195761,1493.0,-3.4696006857377205e-10,1528.0,ASK
1498,1712188611.9502456,6630866.47466311,1494.0,-1.762771104809452e-09,1528.0,ASK
1499,1712188611.9522834,6631572.54448613,1493.0,-7.171611881089399e-08,1528.0,ASK
1500,1712188611.9543316,6632351.5843121,1494.0,-7.912774473040317e-08,1528.0,ASK
1501,1712188620.3172758,6632351.5843121,1494.0,-0.0,1528.0,ASK
1502,1712188620.4607112,6634074.18691274,1494.0,1.7474491401676657e-07,1528.0,BID
1503,1712188620.497502,6634188.63703379,1495.0,1.1610093096798053e-08,1528.0,BID
1504,1712188620.5019913,6634273.74950381,1495.0,8.634011843363112e-09,1528.0,BID
1505,1712188620.5107076,6634647.06002874,1498.0,3.7869509517903466e-08,1528.0,BID
1506,1712188620.5210145,6634862.49743767,1495.0,2.18544843049893e-08,1528.0,BID
1507,1712188649.2368658,6634946.70130315,1495.0,-8.541840832970761e-09,1528.0,ASK
1508,1712188649.2416282,6634954.70130315,1495.0,-8.11539069786032e-10,1528.0,ASK
1509,1712188649.3963993,6636189.70130315,1495.0,1.2528134389821885e-07,1528.0,BID
1510,1712188650.3467655,6636189.70130315,1495.0,0.0,1528.0,BID
1511,1712188679.7359052,6636859.49366752,1493.0,-6.790581192646047e-08,1528.0,ASK
1512,1712188680.218171,6636859.49366752,1493.0,-0.0,1528.0,ASK
1513,1712188700.8158252,6637177.1266213,1493.0,-3.2199437078449366e-08,1528.0,ASK
1514,1712188701.035585,6637256.35664139,1493.0,8.031792722532761e-09,1528.0,BID
1515,1712188702.345349,6637541.64495184,1493.0,2.8920560326622333e-08,1528.0,BID
1516,1712188702.4653563,6637916.08585931,1493.0,3.7958235429187465e-08,1528.0,BID
1517,1712188702.5453503,6639538.66312499,1493.0,1.644856868574521e-07,1528.0,BID
1518,1712188710.2584338,6639538.66312499,1493.0,0.0,1528.0,BID
1519,1712188713.3854926,6639545.37453438,1493.0,6.8008060542304e-10,1528.0,BID
1520,1712188730.2550907,6639545.7512997,1495.0,3.81783872942641e-11,1528.0,BID
1521,1712188733.267952,6639612.35377081,1495.0,-6.748962288474434e-09,1528.0,ASK
1522,1712188734.1950352,6640032.29631261,1495.0,-4.2553621970460994e-08,1528.0,ASK
1523,1712188740.3453474,6640032.29631261,1495.0,-0.0,1528.0,ASK
1524,1712188751.284572,6640126.79812491,1495.0,-9.575342575080742e-09,1528.0,ASK
1525,1712188762.9644318,6640461.24628545,1495.0,-3.3887770327430265e-08,1528.0,ASK
1526,1712188770.3587947,6640461.24628545,1495.0,-0.0,1528.0,ASK
1527,1712188779.8860087,6640661.32542961,1495.0,-2.0271588698540103e-08,1528.0,ASK
1528,1712188779.9216168,6640861.83473643,1495.0,-2.031517185434813e-08,1528.0,ASK
1529,1712188787.904004,6641399.4463238,1497.0,5.4469650120057767e-08,1528.0,BID
1530,1712188800.3437643,6641399.4463238,1497.0,0.0,1528.0,BID
1531,1712188802.304064,343.43927855,1497.0,3.545954127997e-08,1497.0,BID
1532,1712188804.093562,369.24671546,1495.0,-2.664575462375771e-09,1497.0,ASK
1533,1712188805.2319152,1355.3171413,1495.0,-1.018101514703146e-07,1497.0,ASK
