,time,acc_trade_volume,trade_price,dev,high,ask_bid
0,1712173460.286603,21063892.22777009,92.05,0.0,93.78,BID
1,1712173470.643689,21063892.22777009,92.05,0.0,93.78,BID
2,1712173500.4752345,21063892.22777009,92.05,0.0,93.78,BID
3,1712173530.4521918,21063892.22777009,92.05,0.0,93.78,BID
4,1712173560.6620655,21063892.22777009,92.05,0.0,93.78,BID
5,1712173590.6634333,21063892.22777009,92.05,0.0,93.78,BID
6,1712173620.453966,21063892.22777009,92.05,0.0,93.78,BID
7,1712173650.454139,21063892.22777009,92.05,0.0,93.78,BID
8,1712173680.6583686,21063892.22777009,92.05,0.0,93.78,BID
9,1712173710.661885,21063892.22777009,92.05,0.0,93.78,BID
10,1712173740.4437888,21063892.22777009,92.05,0.0,93.78,BID
11,1712173770.4477315,21063892.22777009,92.05,0.0,93.78,BID
12,1712173800.474799,21063892.22777009,92.05,0.0,93.78,BID
13,1712173830.414499,21063892.22777009,92.05,0.0,93.78,BID
14,1712173860.663247,21063892.22777009,92.05,0.0,93.78,BID
15,1712173890.661779,21063892.22777009,92.05,0.0,93.78,BID
16,1712173920.4339554,21063892.22777009,92.05,0.0,93.78,BID
17,1712173950.4438012,21063892.22777009,92.05,0.0,93.78,BID
18,1712173965.212115,21063966.01640179,92.05,-3.3538351943973084e-08,93.78,ASK
19,1712173980.6536503,21063966.01640179,92.05,-0.0,93.78,ASK
20,1712174010.6530037,21063966.01640179,92.05,-0.0,93.78,ASK
21,1712174014.5023866,21068201.90784951,92.49,1.925288168586632e-06,93.78,BID
22,1712174014.5039756,21069101.90784951,92.44,4.090660426770313e-07,93.78,BID
23,1712174014.5055294,21074381.90784951,92.43,2.399854117038584e-06,93.78,BID
24,1712174014.5071316,21074781.90784951,92.49,1.8180713007868058e-07,93.78,BID
25,1712174016.4417014,21075430.55784951,92.5,-2.948229873148563e-07,93.78,ASK
26,1712174040.441626,21075430.55784951,92.5,-0.0,93.78,ASK
27,1712174070.4623182,21075430.55784951,92.5,-0.0,93.78,ASK
28,1712174088.6817777,21077006.24170722,92.49,7.158315204857985e-07,93.78,BID
29,1712174088.921626,21077156.24170722,92.49,6.8144842347359e-08,93.78,BID
30,1712174100.6430273,21077156.24170722,92.49,0.0,93.78,BID
31,1712174119.8317904,21077219.25094134,92.07,-2.8623085390346093e-08,93.78,ASK
32,1712174130.647209,21077219.25094134,92.07,-0.0,93.78,ASK
33,1712174160.482145,21077219.25094134,92.07,-0.0,93.78,ASK
34,1712174190.4835172,21077219.25094134,92.07,-0.0,93.78,ASK
35,1712174220.492219,21077219.25094134,92.07,-0.0,93.78,ASK
36,1712174250.488825,21077219.25094134,92.07,-0.0,93.78,ASK
37,1712174280.654236,21077219.25094134,92.07,-0.0,93.78,ASK
38,1712174310.6638398,21077219.25094134,92.07,-0.0,93.78,ASK
39,1712174340.416818,21077219.25094134,92.07,-0.0,93.78,ASK
40,1712174370.4425004,21077219.25094134,92.07,-0.0,93.78,ASK
41,1712174400.5247252,21077219.25094134,92.07,-0.0,93.78,ASK
42,1712174430.442328,21077219.25094134,92.07,-0.0,93.78,ASK
43,1712174460.6443863,21077219.25094134,92.07,-0.0,93.78,ASK
44,1712174490.645668,21077219.25094134,92.07,-0.0,93.78,ASK
45,1712174520.443086,21077219.25094134,92.07,-0.0,93.78,ASK
46,1712174550.4257326,21077219.25094134,92.07,-0.0,93.78,ASK
47,1712174580.643121,21077219.25094134,92.07,-0.0,93.78,ASK
48,1712174610.6548169,21077219.25094134,92.07,-0.0,93.78,ASK
49,1712174640.4147213,21077219.25094134,92.07,-0.0,93.78,ASK
50,1712174670.4438112,21077219.25094134,92.07,-0.0,93.78,ASK
51,1712174700.6451373,21077219.25094134,92.07,-0.0,93.78,ASK
52,1712174703.873346,21078109.72294134,92.16,-4.046747787312351e-07,93.78,ASK
53,1712174705.5037563,21078270.40772914,92.16,-7.302316181696233e-08,93.78,ASK
54,1712174705.5052652,21078395.1340975,92.16,-5.6681867052722724e-08,93.78,ASK
55,1712174705.5068102,21079022.13174134,92.08,-2.849389231621311e-07,93.78,ASK
56,1712174707.1633763,21079942.94204134,92.08,-4.18462011614412e-07,93.78,ASK
57,1712174708.7981443,21080858.69294134,92.08,-4.161627685440128e-07,93.78,ASK
58,1712174710.5160148,21081940.94404134,92.08,-4.918287429863695e-07,93.78,ASK
59,1712174712.2283602,21082849.20924134,92.07,-4.127608940424196e-07,93.78,ASK
60,1712174713.9533882,21083932.63284134,92.07,-4.923615853192241e-07,93.78,ASK
61,1712174715.6170516,21084843.37964134,92.07,-4.13888656543634e-07,93.78,ASK
62,1712174717.3232975,21085759.96994134,92.07,-4.165442336654535e-07,93.78,ASK
63,1712174719.0233214,21086681.62894134,92.07,-4.188477031172834e-07,93.78,ASK
64,1712174730.664828,21086681.62894134,92.07,-0.0,93.78,ASK
65,1712174760.453369,21086681.62894134,92.07,-0.0,93.78,ASK
66,1712174790.44469,21086681.62894134,92.07,-0.0,93.78,ASK
67,1712174820.6746364,21086681.62894134,92.07,-0.0,93.78,ASK
68,1712174850.6637075,21086681.62894134,92.07,-0.0,93.78,ASK
69,1712174880.4393349,21086681.62894134,92.07,-0.0,93.78,ASK
70,1712174901.8935423,21086755.6910021,92.49,3.364416261590067e-08,93.78,BID
71,1712174910.4252574,21086755.6910021,92.49,0.0,93.78,BID
72,1712174940.673531,21086755.6910021,92.49,0.0,93.78,BID
73,1712174970.6432767,21086755.6910021,92.49,0.0,93.78,BID
74,1712175000.4970386,21086755.6910021,92.49,0.0,93.78,BID
75,1712175030.4563746,21086755.6910021,92.49,0.0,93.78,BID
76,1712175060.6535375,21086755.6910021,92.49,0.0,93.78,BID
77,1712175090.6551962,21086755.6910021,92.49,0.0,93.78,BID
78,1712175120.4365983,21086755.6910021,92.49,0.0,93.78,BID
79,1712175150.4435267,21086755.6910021,92.49,0.0,93.78,BID
80,1712175180.6452582,21086755.6910021,92.49,0.0,93.78,BID
81,1712175210.673455,21086755.6910021,92.49,0.0,93.78,BID
82,1712175240.4478056,21086755.6910021,92.49,0.0,93.78,BID
83,1712175270.45688,21086755.6910021,92.49,0.0,93.78,BID
84,1712175281.0435236,21087255.6910021,92.47,2.271718604681618e-07,93.78,BID
85,1712175300.485185,21087255.6910021,92.47,0.0,93.78,BID
86,1712175330.4375918,21087255.6910021,92.47,0.0,93.78,BID
87,1712175360.6651845,21087255.6910021,92.47,0.0,93.78,BID
88,1712175390.6650147,21087255.6910021,92.47,0.0,93.78,BID
89,1712175420.4446514,21087255.6910021,92.47,0.0,93.78,BID
90,1712175450.4466662,21087255.6910021,92.47,0.0,93.78,BID
91,1712175480.6434002,21087255.6910021,92.47,0.0,93.78,BID
92,1712175510.6550682,21087255.6910021,92.47,0.0,93.78,BID
93,1712175540.4401631,21087255.6910021,92.47,0.0,93.78,BID
94,1712175560.543378,21087689.36678884,92.47,-1.9709334979892746e-07,93.78,ASK
95,1712175561.7633536,21089816.20678884,92.2,-9.665884813084862e-07,93.78,ASK
96,1712175570.505417,21089816.20678884,92.2,-0.0,93.78,ASK
97,1712175600.4846444,21089816.20678884,92.2,-0.0,93.78,ASK
98,1712175630.4133584,21089816.20678884,92.2,-0.0,93.78,ASK
99,1712175660.663191,21089816.20678884,92.2,-0.0,93.78,ASK
100,1712175690.665339,21089816.20678884,92.2,-0.0,93.78,ASK
101,1712175720.435074,21089816.20678884,92.2,-0.0,93.78,ASK
102,1712175750.4331906,21089816.20678884,92.2,-0.0,93.78,ASK
103,1712175780.6447363,21089816.20678884,92.2,-0.0,93.78,ASK
104,1712175810.6442337,21089816.20678884,92.2,-0.0,93.78,ASK
105,1712175840.453227,21089816.20678884,92.2,-0.0,93.78,ASK
106,1712175847.4331396,21090249.88257558,92.47,-1.971454709894185e-07,93.78,ASK
107,1712175847.4431684,21095209.88257558,92.23,-2.2547754936102224e-06,93.78,ASK
108,1712175847.445292,21101744.71948017,92.2,-2.9706834893579747e-06,93.78,ASK
109,1712175870.4647264,21101744.71948017,92.2,-0.0,93.78,ASK
110,1712175900.654456,21101744.71948017,92.2,-0.0,93.78,ASK
111,1712175918.0630343,21112561.23948017,92.2,-4.919913625509725e-06,93.78,ASK
112,1712175930.6652474,21112561.23948017,92.2,-0.0,93.78,ASK
113,1712175960.4287114,21112561.23948017,92.2,-0.0,93.78,ASK
114,1712175990.46243,21112561.23948017,92.2,-0.0,93.78,ASK
115,1712176020.6530242,21112561.23948017,92.2,-0.0,93.78,ASK
116,1712176050.6543248,21112561.23948017,92.2,-0.0,93.78,ASK
117,1712176080.453123,21112561.23948017,92.2,-0.0,93.78,ASK
118,1712176110.4829836,21112561.23948017,92.2,-0.0,93.78,ASK
119,1712176140.6646824,21112561.23948017,92.2,-0.0,93.78,ASK
120,1712176170.663553,21112561.23948017,92.2,-0.0,93.78,ASK
121,1712176185.1641338,21125352.59638476,92.2,5.815533733074006e-06,93.78,BID
122,1712176185.1661396,21129961.65271379,92.31,2.095487035429364e-06,93.78,BID
123,1712176200.755757,21129961.65271379,92.31,0.0,93.78,BID
124,1712176230.6549203,21129961.65271379,92.31,0.0,93.78,BID
125,1712176260.4556167,21129961.65271379,92.31,0.0,93.78,BID
126,1712176290.460949,21129961.65271379,92.31,0.0,93.78,BID
127,1712176320.6683831,21129961.65271379,92.31,0.0,93.78,BID
128,1712176350.6589415,21129961.65271379,92.31,0.0,93.78,BID
129,1712176380.4794056,21129961.65271379,92.31,0.0,93.78,BID
130,1712176410.458408,21129961.65271379,92.31,0.0,93.78,BID
131,1712176440.6686702,21129961.65271379,92.31,0.0,93.78,BID
132,1712176470.6522388,21129961.65271379,92.31,0.0,93.78,BID
133,1712176490.7695704,21131546.46553799,92.53,7.209079370497152e-07,93.78,BID
134,1712176490.7716336,21133743.50564803,92.48,9.994010833067476e-07,93.78,BID
135,1712176500.4418457,21133743.50564803,92.48,0.0,93.78,BID
136,1712176530.4611852,21133743.50564803,92.48,0.0,93.78,BID
137,1712176560.671674,21133743.50564803,92.48,0.0,93.78,BID
138,1712176590.6824992,21133743.50564803,92.48,0.0,93.78,BID
139,1712176620.506643,21133743.50564803,92.48,0.0,93.78,BID
140,1712176650.4517374,21133743.50564803,92.48,0.0,93.78,BID
141,1712176680.671981,21133743.50564803,92.48,0.0,93.78,BID
142,1712176710.673566,21133743.50564803,92.48,0.0,93.78,BID
143,1712176740.447123,21133743.50564803,92.48,0.0,93.78,BID
144,1712176770.4667645,21133743.50564803,92.48,0.0,93.78,BID
145,1712176800.497543,21133743.50564803,92.48,0.0,93.78,BID
146,1712176830.437717,21133743.50564803,92.48,0.0,93.78,BID
147,1712176860.6548743,21133743.50564803,92.48,0.0,93.78,BID
148,1712176878.9043927,21189252.97374466,92.31,-2.5276590956126048e-05,93.78,ASK
149,1712176878.9065893,21189361.30436972,92.31,-4.9329042262130464e-08,93.78,ASK
150,1712176880.438317,21194732.30436972,92.31,2.445719166125428e-06,93.78,BID
151,1712176890.6836624,21194732.30436972,92.31,0.0,93.78,BID
152,1712176900.264188,21214932.08892172,92.19,-9.174580999254963e-06,93.78,ASK
153,1712176900.269602,21223803.85071924,92.19,-4.029483433743299e-06,93.78,ASK
154,1712176900.2760434,21223912.65652672,92.19,-4.9418729755918934e-08,93.78,ASK
155,1712176900.46373,21238178.19732572,92.19,-6.479294827216008e-06,93.78,ASK
156,1712176900.5234778,21243138.19732572,92.19,-2.252792431481968e-06,93.78,ASK
157,1712176900.5661922,21249076.92751096,92.19,-2.697323873773171e-06,93.78,ASK
158,1712176901.6639657,21249484.67070584,92.21,1.851937063342856e-07,93.78,BID
159,1712176901.967502,21256513.55218972,92.07,-3.1924618969085125e-06,93.78,ASK
160,1712176911.874058,21259834.55436245,92.05,-1.508372693480496e-06,93.78,ASK
161,1712176911.8767617,21259944.46046245,92.06,-4.9918473842010584e-08,93.78,ASK
162,1712176911.8794117,21268092.20625278,92.05,-3.700641139131423e-06,93.78,ASK
163,1712176911.9338603,21269092.20625278,92.0,-4.5419202247620324e-07,93.78,ASK
164,1712176911.9365065,21274468.20152153,92.0,-2.4417341639364875e-06,93.78,ASK
165,1712176911.9542246,21274526.98886147,92.0,-2.6700740823647696e-08,93.78,ASK
166,1712176911.96506,21277460.59953026,92.0,-1.3324225628153135e-06,93.78,ASK
167,1712176911.9671614,21277569.29518243,92.0,-4.93686980926647e-08,93.78,ASK
168,1712176912.9137597,21278547.29626879,92.05,4.442002913985473e-07,93.78,BID
169,1712176913.9063702,21278645.29735515,92.05,4.4511311617796434e-08,93.78,BID
170,1712176920.4387152,21278645.29735515,92.05,0.0,93.78,BID
171,1712176946.714774,21278806.29494729,92.03,7.286793884009805e-08,93.78,BID
172,1712176950.485922,21278806.29494729,92.03,0.0,93.78,BID
173,1712176972.8440354,21278883.47259826,92.0,-3.4930576059673e-08,93.78,ASK
174,1712176980.479771,21278883.47259826,92.0,-0.0,93.78,ASK
175,1712177010.4641886,21278883.47259826,92.0,-0.0,93.78,ASK
176,1712177010.6381445,21278928.1842785,92.0,-2.0236424778066297e-08,93.78,ASK
177,1712177010.641901,21279129.43126867,91.98,-9.108402002450665e-08,93.78,ASK
178,1712177010.6442738,21284564.21387736,92.0,-2.45977267804072e-06,93.78,ASK
179,1712177012.3244069,21284677.21670406,91.98,5.114487288026679e-08,93.78,BID
180,1712177014.1344137,21285946.22083539,91.98,5.74348951065556e-07,93.78,BID
181,1712177015.0341766,21286073.22670623,91.98,5.74826250709222e-08,93.78,BID
182,1712177040.7376635,21286073.22670623,91.98,0.0,93.78,BID
183,1712177070.673701,21286073.22670623,91.98,0.0,93.78,BID
184,1712177100.4765728,21286073.22670623,91.98,0.0,93.78,BID
185,1712177109.0952797,21286234.7137679,91.93,-7.306687581607323e-08,93.78,ASK
186,1712177109.0972073,21286416.46942068,91.93,-8.223765775966418e-08,93.78,ASK
187,1712177109.1101775,21292073.22670623,91.91,-2.559471810470469e-06,93.78,ASK
188,1712177130.4548523,21292073.22670623,91.91,-0.0,93.78,ASK
189,1712177160.488613,21292073.22670623,91.91,-0.0,93.78,ASK
190,1712177190.4518497,21292073.22670623,91.91,-0.0,93.78,ASK
191,1712177220.6655493,21292073.22670623,91.91,-0.0,93.78,ASK
192,1712177250.6655638,21292073.22670623,91.91,-0.0,93.78,ASK
193,1712177251.085671,21292597.19430785,91.98,2.370166683481878e-07,93.78,BID
194,1712177280.49817,21292597.19430785,91.98,0.0,93.78,BID
195,1712177298.455803,21292649.6906393,91.91,-2.3746190206509217e-08,93.78,ASK
196,1712177310.4659426,21292649.6906393,91.91,-0.0,93.78,ASK
197,1712177312.4165015,21292705.19304268,91.86,-2.510590196987208e-08,93.78,ASK
198,1712177312.4188707,21293019.61473085,91.84,-1.4222519385365145e-07,93.78,ASK
199,1712177312.4213262,21293076.19430785,91.86,-2.5593149612827346e-08,93.78,ASK
200,1712177322.8658412,21293619.79074185,91.98,2.458898705559844e-07,93.78,BID
201,1712177340.7061205,21293619.79074185,91.98,0.0,93.78,BID
202,1712177370.6880152,21293619.79074185,91.98,0.0,93.78,BID
203,1712177400.482576,21293619.79074185,91.98,0.0,93.78,BID
204,1712177405.6960175,21299146.82379251,91.98,2.508995192864863e-06,93.78,BID
205,1712177430.5105157,21299146.82379251,91.98,0.0,93.78,BID
206,1712177460.688988,21299146.82379251,91.98,0.0,93.78,BID
207,1712177490.6887865,21299146.82379251,91.98,0.0,93.78,BID
208,1712177493.867046,21299364.26236611,91.98,9.86834091300898e-08,93.78,BID
209,1712177520.4666405,21299364.26236611,91.98,0.0,93.78,BID
210,1712177550.4894009,21299364.26236611,91.98,0.0,93.78,BID
211,1712177580.6739838,21299364.26236611,91.98,0.0,93.78,BID
212,1712177580.8708112,21310145.53279511,91.78,-4.892981249631093e-06,93.78,ASK
213,1712177580.8734694,21313331.11110694,91.84,-1.4457456615773573e-06,93.78,ASK
214,1712177580.8758,21314419.77247194,91.81,-4.940790309653913e-07,93.78,ASK
215,1712177580.87821,21325318.95503324,91.75,-4.946494595414366e-06,93.78,ASK
216,1712177580.9761825,21327738.71723753,91.75,1.0981870060792194e-06,93.78,BID
217,1712177610.6869838,21327738.71723753,91.75,0.0,93.78,BID
218,1712177640.4741704,21327738.71723753,91.75,0.0,93.78,BID
219,1712177670.4713504,21327738.71723753,91.75,0.0,93.78,BID
220,1712177700.667163,21327738.71723753,91.75,0.0,93.78,BID
221,1712177718.3775516,21327880.66801575,91.75,-6.434719027904983e-08,93.78,ASK
222,1712177718.380689,21328530.58212811,91.68,-2.946101992374617e-07,93.78,ASK
223,1712177730.717431,21328530.58212811,91.68,-0.0,93.78,ASK
224,1712177733.727735,21331380.66801575,91.68,-1.2919195316150968e-06,93.78,ASK
225,1712177733.7308326,21335009.49512209,91.61,-1.644916258795315e-06,93.78,ASK
226,1712177739.6875615,21336333.92700205,91.97,6.003536319506034e-07,93.78,BID
227,1712177739.6973035,21341533.92700205,91.96,2.357115479761346e-06,93.78,BID
228,1712177745.6774526,21341623.93461322,91.97,4.079967953579159e-08,93.78,BID
229,1712177751.0972867,21341713.94113779,91.96,4.079918698925802e-08,93.78,BID
230,1712177755.07741,21341803.94766236,91.96,4.079918698925802e-08,93.78,BID
231,1712177758.8175628,21341893.95418693,91.96,4.079918698925802e-08,93.78,BID
232,1712177759.9407716,21342721.35196857,91.96,3.750523305816401e-07,93.78,BID
233,1712177760.4734206,21342721.35196857,91.96,0.0,93.78,BID
234,1712177766.7295918,21342820.36251548,91.97,4.485414207099013e-08,93.78,BID
235,1712177770.8078024,21342919.37306239,91.97,4.4854142072677774e-08,93.78,BID
236,1712177774.187666,21343019.37306239,91.97,4.5302387949403846e-08,93.78,BID
237,1712177777.9177873,21343119.37306239,91.97,4.5302387949403846e-08,93.78,BID
238,1712177781.2181003,21343209.38067356,91.97,4.07755971964106e-08,93.78,BID
239,1712177782.2574549,21343299.38828473,91.97,4.07755971964106e-08,93.78,BID
240,1712177786.4377542,21343389.3958959,91.97,4.077559719472296e-08,93.78,BID
241,1712177790.44911,21343389.3958959,91.97,0.0,93.78,BID
242,1712177820.4991956,21343389.3958959,91.97,0.0,93.78,BID
243,1712177850.477519,21343389.3958959,91.97,0.0,93.78,BID
244,1712177880.6780171,21343389.3958959,91.97,0.0,93.78,BID
245,1712177910.6777546,21343389.3958959,91.97,0.0,93.78,BID
246,1712177940.4479675,21343389.3958959,91.97,0.0,93.78,BID
247,1712177970.4448953,21343389.3958959,91.97,0.0,93.78,BID
248,1712178000.6143265,21343389.3958959,91.97,0.0,93.78,BID
249,1712178030.4781833,21343389.3958959,91.97,0.0,93.78,BID
250,1712178060.6652565,21343389.3958959,91.97,0.0,93.78,BID
251,1712178090.678329,21343389.3958959,91.97,0.0,93.78,BID
252,1712178120.488492,21343389.3958959,91.97,0.0,93.78,BID
253,1712178131.2896435,21348829.3958959,91.6,-2.464387842296165e-06,93.78,ASK
254,1712178131.2926044,21362098.20640821,91.59,-6.0109366375501176e-06,93.78,ASK
255,1712178131.2954504,21391422.63705698,91.5,-1.3284332789170272e-05,93.78,ASK
256,1712178131.2982345,21391531.40364388,91.55,-4.927262029481827e-08,93.78,ASK
257,1712178131.3001163,21391587.18253835,91.54,-2.526853481369012e-08,93.78,ASK
258,1712178131.3013935,21394587.18253835,91.54,-1.3590374130309731e-06,93.78,ASK
259,1712178131.3026989,21400027.18253835,91.55,-2.464387842296165e-06,93.78,ASK
260,1712178150.485134,21400027.18253835,91.55,-0.0,93.78,ASK
261,1712178156.139475,21401009.71528835,91.6,-4.440566592295811e-07,93.78,ASK
262,1712178156.1431963,21401873.2704032,91.55,-3.902845980058723e-07,93.78,ASK
263,1712178156.2837782,21416794.83549607,91.55,6.743816270371104e-06,93.78,BID
264,1712178156.3405428,21427781.91658666,91.55,4.965622289714484e-06,93.78,BID
265,1712178180.681139,21427781.91658666,91.55,0.0,93.78,BID
266,1712178210.668836,21427781.91658666,91.55,0.0,93.78,BID
267,1712178240.480596,21427781.91658666,91.55,0.0,93.78,BID
268,1712178270.4552066,21427781.91658666,91.55,0.0,93.78,BID
269,1712178300.668284,21427781.91658666,91.55,0.0,93.78,BID
270,1712178330.6773562,21427781.91658666,91.55,0.0,93.78,BID
271,1712178360.4484184,21427781.91658666,91.55,0.0,93.78,BID
272,1712178381.2261744,21427856.47846757,91.87,3.366127020674977e-08,93.78,BID
273,1712178390.4991474,21427856.47846757,91.87,0.0,93.78,BID
274,1712178420.4843943,21427856.47846757,91.87,0.0,93.78,BID
275,1712178432.2827773,21436881.33684147,91.55,-4.074297122715006e-06,93.78,ASK
276,1712178432.2858915,21437318.25655747,91.55,-1.972486069023529e-07,93.78,ASK
277,1712178450.4435115,21437318.25655747,91.55,-0.0,93.78,ASK
278,1712178480.6639972,21437318.25655747,91.55,-0.0,93.78,ASK
279,1712178507.1813023,21438410.55584748,91.55,-4.929287525414716e-07,93.78,ASK
280,1712178510.6712763,21438410.55584748,91.55,-0.0,93.78,ASK
281,1712178540.4505613,21438410.55584748,91.55,-0.0,93.78,ASK
282,1712178570.461843,21438410.55584748,91.55,-0.0,93.78,ASK
283,1712178600.4647093,21438410.55584748,91.55,-0.0,93.78,ASK
284,1712178630.4527123,21438410.55584748,91.55,-0.0,93.78,ASK
285,1712178660.4606338,21438410.55584748,91.55,-0.0,93.78,ASK
286,1712178680.6609814,21444830.90814897,91.55,-2.9048233755960527e-06,93.78,ASK
287,1712178690.4662335,21444830.90814897,91.55,-0.0,93.78,ASK
288,1712178720.6841643,21444830.90814897,91.55,-0.0,93.78,ASK
289,1712178722.359967,21445917.5103439,91.55,-4.914914527915758e-07,93.78,ASK
290,1712178750.6907954,21445917.5103439,91.55,-0.0,93.78,ASK
291,1712178780.4663162,21445917.5103439,91.55,-0.0,93.78,ASK
292,1712178805.7076323,21448101.87032642,91.56,-9.879843432262065e-07,93.78,ASK
293,1712178805.7108686,21450234.24424273,91.55,-9.6447108539044e-07,93.78,ASK
294,1712178805.714043,21451326.42423399,91.56,-4.939921716139456e-07,93.78,ASK
295,1712178810.4687192,21451326.42423399,91.56,-0.0,93.78,ASK
296,1712178840.666343,21451326.42423399,91.56,-0.0,93.78,ASK
297,1712178870.666248,21451326.42423399,91.56,-0.0,93.78,ASK
298,1712178900.4760356,21451326.42423399,91.56,-0.0,93.78,ASK
299,1712178930.4676535,21451326.42423399,91.56,-0.0,93.78,ASK
300,1712178960.64844,21451326.42423399,91.56,-0.0,93.78,ASK
301,1712178990.6453884,21451326.42423399,91.56,-0.0,93.78,ASK
302,1712179020.4625094,21451326.42423399,91.56,-0.0,93.78,ASK
303,1712179050.474798,21451326.42423399,91.56,-0.0,93.78,ASK
304,1712179080.6773355,21451326.42423399,91.56,-0.0,93.78,ASK
305,1712179110.6474078,21451326.42423399,91.56,-0.0,93.78,ASK
306,1712179140.458273,21451326.42423399,91.56,-0.0,93.78,ASK
307,1712179146.414366,21451397.20333399,91.56,-3.200850152890189e-08,93.78,ASK
308,1712179146.419951,21456342.94136058,91.56,-2.236615938775129e-06,93.78,ASK
309,1712179170.457071,21456342.94136058,91.56,-0.0,93.78,ASK
310,1712179179.0040212,21458342.94136058,91.56,-9.042741220761736e-07,93.78,ASK
311,1712179200.4837525,21458342.94136058,91.56,-0.0,93.78,ASK
312,1712179230.4364648,21458342.94136058,91.56,-0.0,93.78,ASK
313,1712179260.6814027,21458342.94136058,91.56,-0.0,93.78,ASK
314,1712179290.6730704,21458342.94136058,91.56,-0.0,93.78,ASK
315,1712179296.853295,21458435.99896705,91.56,-4.207874415019248e-08,93.78,ASK
316,1712179320.463173,21458435.99896705,91.56,-0.0,93.78,ASK
317,1712179350.4555457,21458435.99896705,91.56,-0.0,93.78,ASK
318,1712179380.4842882,21458435.99896705,91.56,-0.0,93.78,ASK
319,1712179410.454711,21458435.99896705,91.56,-0.0,93.78,ASK
320,1712179437.7523253,21458908.13209609,91.56,-2.134881107978665e-07,93.78,ASK
321,1712179437.7557845,21462567.35136994,91.56,-1.654617652782226e-06,93.78,ASK
322,1712179440.6672702,21462567.35136994,91.56,-0.0,93.78,ASK
323,1712179454.8722155,21462725.89346775,91.81,-7.167695414516341e-08,93.78,ASK
324,1712179461.0326371,21464676.68436883,91.86,8.819534489223784e-07,93.78,BID
325,1712179461.0358949,21466647.78856871,91.86,8.911371004992535e-07,93.78,BID
326,1712179461.0524652,21467555.7594378,91.87,4.104940406847777e-07,93.78,BID
327,1712179461.0540142,21471434.53310607,91.86,1.7535953301950698e-06,93.78,BID
328,1712179461.0722022,21473412.33838086,91.9,8.9416665949739e-07,93.78,BID
329,1712179461.172336,21475391.01058713,91.83,8.945585996131246e-07,93.78,BID
330,1712179461.2321615,21477934.35059588,91.83,1.1498451685715028e-06,93.78,BID
331,1712179461.2526147,21479353.06148881,91.83,6.413998365234053e-07,93.78,BID
332,1712179461.3400283,21480960.51243085,91.83,7.267292981121404e-07,93.78,BID
333,1712179461.7803774,21488175.36137591,91.83,3.261836472082486e-06,93.78,BID
334,1712179461.783775,21488229.52188902,91.89,2.448599247963251e-08,93.78,BID
335,1712179461.7853444,21490649.28409331,91.87,1.093975587267625e-06,93.78,BID
336,1712179470.681982,21490649.28409331,91.87,0.0,93.78,BID
337,1712179500.4527986,21490649.28409331,91.87,0.0,93.78,BID
338,1712179530.4707315,21490649.28409331,91.87,0.0,93.78,BID
339,1712179560.6700509,21490649.28409331,91.87,0.0,93.78,BID
340,1712179590.6518266,21490649.28409331,91.87,0.0,93.78,BID
341,1712179620.444729,21490649.28409331,91.87,0.0,93.78,BID
342,1712179650.4579086,21490649.28409331,91.87,0.0,93.78,BID
343,1712179675.886923,21490876.02863067,91.57,-1.025621298716534e-07,93.78,ASK
344,1712179675.891263,21495436.02863067,91.58,-2.062600129899538e-06,93.78,ASK
345,1712179680.639289,21495436.02863067,91.58,-0.0,93.78,ASK
346,1712179710.644907,21495436.02863067,91.58,-0.0,93.78,ASK
347,1712179740.444065,21495436.02863067,91.58,-0.0,93.78,ASK
348,1712179770.456118,21495436.02863067,91.58,-0.0,93.78,ASK
349,1712179800.5544596,21495436.02863067,91.58,-0.0,93.78,ASK
350,1712179830.4602878,21495436.02863067,91.58,-0.0,93.78,ASK
351,1712179860.6701212,21495436.02863067,91.58,-0.0,93.78,ASK
352,1712179885.2644916,21500283.43152325,91.57,-2.194438318123715e-06,93.78,ASK
353,1712179885.268043,21500392.64952237,91.56,-4.9443416942161744e-08,93.78,ASK
354,1712179885.2718923,21508496.41113146,91.55,-3.6686046920405407e-06,93.78,ASK
355,1712179885.2738178,21513056.41113146,91.54,-2.064329900443139e-06,93.78,ASK
356,1712179885.2754316,21522123.97288889,91.55,-4.104920802626839e-06,93.78,ASK
357,1712179885.277059,21522233.20281789,91.55,-4.9448817644357146e-08,93.78,ASK
358,1712179885.2786667,21539960.72300159,91.5,-8.025317977176177e-06,93.78,ASK
359,1712179890.6331856,21539960.72300159,91.5,-0.0,93.78,ASK
360,1712179920.452585,21539960.72300159,91.5,-0.0,93.78,ASK
361,1712179932.7303288,21545080.72300159,91.9,2.3135756663727832e-06,93.78,BID
362,1712179932.7340372,21550841.48896829,91.91,2.603118742230898e-06,93.78,BID
363,1712179950.4698143,21550841.48896829,91.91,0.0,93.78,BID
364,1712179980.4697185,21550841.48896829,91.91,0.0,93.78,BID
365,1712180010.469576,21550841.48896829,91.91,0.0,93.78,BID
366,1712180040.6829717,21550841.48896829,91.91,0.0,93.78,BID
367,1712180069.4894505,21551146.1679672,91.9,1.3761319128945385e-07,93.78,BID
368,1712180070.6526098,21551146.1679672,91.9,0.0,93.78,BID
369,1712180100.4325905,21551146.1679672,91.9,0.0,93.78,BID
370,1712180130.4492254,21551146.1679672,91.9,0.0,93.78,BID
371,1712180160.5091152,21551146.1679672,91.9,0.0,93.78,BID
372,1712180190.4613922,21551146.1679672,91.9,0.0,93.78,BID
373,1712180220.6488266,21551146.1679672,91.9,0.0,93.78,BID
374,1712180250.669093,21551146.1679672,91.9,0.0,93.78,BID
375,1712180280.4611552,21551146.1679672,91.9,0.0,93.78,BID
376,1712180310.4407885,21551146.1679672,91.9,0.0,93.78,BID
377,1712180314.9710505,21551254.98189538,91.89,4.92999678696799e-08,93.78,BID
378,1712180330.8316605,21556071.67247271,91.89,2.182282127606487e-06,93.78,BID
379,1712180340.6557453,21556071.67247271,91.89,0.0,93.78,BID
380,1712180370.6727834,21556071.67247271,91.89,0.0,93.78,BID
381,1712180400.5033152,21556071.67247271,91.89,0.0,93.78,BID
382,1712180430.4855952,21556071.67247271,91.89,0.0,93.78,BID
383,1712180460.6545262,21556071.67247271,91.89,0.0,93.78,BID
384,1712180473.194951,21556180.5337834,91.86,-4.950520539550482e-08,93.78,ASK
385,1712180490.67849,21556180.5337834,91.86,-0.0,93.78,ASK
386,1712180497.0353014,21557655.37142807,91.86,6.706864728983827e-07,93.78,BID
387,1712180520.472682,21557655.37142807,91.86,0.0,93.78,BID
388,1712180550.4613955,21557655.37142807,91.86,0.0,93.78,BID
389,1712180580.6694195,21557655.37142807,91.86,0.0,93.78,BID
390,1712180610.661008,21557655.37142807,91.86,0.0,93.78,BID
391,1712180640.4777548,21557655.37142807,91.86,0.0,93.78,BID
392,1712180670.4327736,21557655.37142807,91.86,0.0,93.78,BID
393,1712180700.4627943,21557655.37142807,91.86,0.0,93.78,BID
394,1712180730.4493449,21557655.37142807,91.86,0.0,93.78,BID
395,1712180760.6604142,21557655.37142807,91.86,0.0,93.78,BID
396,1712180790.670013,21557655.37142807,91.86,0.0,93.78,BID
397,1712180820.487122,21557655.37142807,91.86,0.0,93.78,BID
398,1712180830.040357,21559405.1552353,91.86,-7.956699754487694e-07,93.78,ASK
399,1712180830.0442631,21561413.87953271,91.86,-9.134166208392494e-07,93.78,ASK
400,1712180850.447898,21561413.87953271,91.86,-0.0,93.78,ASK
401,1712180880.6647434,21561413.87953271,91.86,-0.0,93.78,ASK
402,1712180910.6751993,21561413.87953271,91.86,-0.0,93.78,ASK
403,1712180940.4618511,21561413.87953271,91.86,-0.0,93.78,ASK
404,1712180970.4236312,21561413.87953271,91.86,-0.0,93.78,ASK
405,1712181000.586196,21561413.87953271,91.86,-0.0,93.78,ASK
406,1712181030.4325418,21561413.87953271,91.86,-0.0,93.78,ASK
407,1712181060.6772642,21561413.87953271,91.86,-0.0,93.78,ASK
408,1712181065.162275,21562416.27256696,91.87,-4.574556579707881e-07,93.78,ASK
409,1712181090.6501677,21562416.27256696,91.87,-0.0,93.78,ASK
410,1712181120.4826765,21562416.27256696,91.87,-0.0,93.78,ASK
411,1712181150.5626242,21562416.27256696,91.87,-0.0,93.78,ASK
412,1712181180.6628735,21562416.27256696,91.87,-0.0,93.78,ASK
413,1712181210.6733184,21562416.27256696,91.87,-0.0,93.78,ASK
414,1712181240.4643357,21562416.27256696,91.87,-0.0,93.78,ASK
415,1712181270.473601,21562416.27256696,91.87,-0.0,93.78,ASK
416,1712181300.5253356,21562416.27256696,91.87,-0.0,93.78,ASK
417,1712181330.4635706,21562416.27256696,91.87,-0.0,93.78,ASK
418,1712181360.6736574,21562416.27256696,91.87,-0.0,93.78,ASK
419,1712181389.4441652,21564416.27256696,91.93,-9.145690171418004e-07,93.78,ASK
420,1712181390.6970625,21564416.27256696,91.93,-0.0,93.78,ASK
421,1712181408.8241255,21565147.49030498,91.97,3.343464333683525e-07,93.78,BID
422,1712181420.4838336,21565147.49030498,91.97,0.0,93.78,BID
423,1712181450.4439993,21565147.49030498,91.97,0.0,93.78,BID
424,1712181461.3152778,21570672.25973365,92.52,2.5261014040739145e-06,93.78,BID
425,1712181461.318677,21575792.25973365,92.3,2.341027866564028e-06,93.78,BID
426,1712181461.3226118,21589061.07024596,92.51,6.066924837006018e-06,93.78,BID
427,1712181461.3262398,21594770.32386296,92.47,2.6104534794293125e-06,93.78,BID
428,1712181461.3279588,21603781.52514127,92.31,4.120209629637056e-06,93.78,BID
429,1712181462.458115,21604758.93604127,92.08,-4.469035457001087e-07,93.78,ASK
430,1712181463.094176,21605736.34694127,92.09,-4.469035457001087e-07,93.78,ASK
431,1712181463.884611,21605899.27742229,92.1,-7.449703054323182e-08,93.78,ASK
432,1712181480.6811671,21605899.27742229,92.1,-0.0,93.78,ASK
433,1712181510.6686733,21605899.27742229,92.1,-0.0,93.78,ASK
434,1712181540.488337,21605899.27742229,92.1,-0.0,93.78,ASK
435,1712181570.5048702,21605899.27742229,92.1,-0.0,93.78,ASK
436,1712181600.6402516,21605899.27742229,92.1,-0.0,93.78,ASK
437,1712181617.5545368,21606881.98952943,92.4,4.504031162375364e-07,93.78,BID
438,1712181630.4473047,21606881.98952943,92.4,0.0,93.78,BID
439,1712181652.8148916,21611310.53283354,92.4,2.0296348060901936e-06,93.78,BID
440,1712181652.818495,21616430.53283354,92.39,2.346534626305231e-06,93.78,BID
441,1712181660.685006,21616430.53283354,92.39,0.0,93.78,BID
442,1712181673.1154044,21617407.94373354,92.41,4.477737388425677e-07,93.78,BID
443,1712181676.548494,21618434.48952458,92.41,-4.702835286033234e-07,93.78,ASK
444,1712181690.677459,21618434.48952458,92.41,-0.0,93.78,ASK
445,1712181720.4566774,21618434.48952458,92.41,-0.0,93.78,ASK
446,1712181721.4751492,21618489.48952458,92.52,2.5194589572389475e-08,93.78,BID
447,1712181745.7851522,21621732.03167762,92.52,1.48535488576303e-06,93.78,BID
448,1712181750.0153646,21623690.99052491,92.52,8.97366620849405e-07,93.78,BID
449,1712181750.146556,21626106.17770071,92.53,1.1063572660865152e-06,93.78,BID
450,1712181750.3999202,21636106.17770071,92.58,4.580834467707178e-06,93.78,BID
451,1712181750.503899,21636106.17770071,92.58,0.0,93.78,BID
452,1712181756.5450869,21638266.47150067,92.58,9.888539357687445e-07,93.78,BID
453,1712181756.62487,21646106.17770071,92.58,3.5885509328998384e-06,93.78,BID
454,1712181758.8548942,21647194.83906571,92.73,4.98324383247629e-07,93.78,BID
455,1712181780.6712868,21647194.83906571,92.73,0.0,93.78,BID
456,1712181810.6857364,21647194.83906571,92.73,0.0,93.78,BID
457,1712181840.492144,21647194.83906571,92.73,0.0,93.78,BID
458,1712181870.4565415,21647194.83906571,92.73,0.0,93.78,BID
459,1712181900.677592,21647194.83906571,92.73,0.0,93.78,BID
460,1712181913.4021811,21648271.14947363,92.91,4.926023165117433e-07,93.78,BID
461,1712181922.9855886,21648379.37458185,92.55,-4.953212253835591e-08,93.78,ASK
462,1712181930.6572337,21648379.37458185,92.55,-0.0,93.78,ASK
463,1712181960.4368453,21648379.37458185,92.55,-0.0,93.78,ASK
464,1712181990.4887626,21648379.37458185,92.55,-0.0,93.78,ASK
465,1712182020.6687474,21648379.37458185,92.55,-0.0,93.78,ASK
466,1712182050.6857104,21648379.37458185,92.55,-0.0,93.78,ASK
467,1712182080.4685462,21648379.37458185,92.55,-0.0,93.78,ASK
468,1712182110.4996698,21648379.37458185,92.55,-0.0,93.78,ASK
469,1712182140.6758232,21648379.37458185,92.55,-0.0,93.78,ASK
470,1712182159.4958808,21648487.37458185,92.57,-4.942660700272984e-08,93.78,ASK
471,1712182159.59617,21654626.69656659,92.57,2.809683842619166e-06,93.78,BID
472,1712182159.695723,21659722.92932269,92.57,2.3323101262057665e-06,93.78,BID
473,1712182170.6799817,21659722.92932269,92.57,0.0,93.78,BID
474,1712182200.5159752,21659722.92932269,92.57,0.0,93.78,BID
475,1712182230.4888234,21659722.92932269,92.57,0.0,93.78,BID
476,1712182246.076022,21661765.83592161,92.56,-9.38362534422994e-07,93.78,ASK
477,1712182246.156087,21664393.69781892,92.56,1.2070484041577178e-06,93.78,BID
478,1712182246.2160313,21664819.1620788,92.56,1.954273002101659e-07,93.78,BID
479,1712182260.6813197,21664819.1620788,92.56,0.0,93.78,BID
480,1712182273.8162107,21664883.77547531,92.86,2.9672260410776323e-08,93.78,BID
481,1712182290.660498,21664883.77547531,92.86,0.0,93.78,BID
482,1712182320.468463,21664883.77547531,92.86,0.0,93.78,BID
483,1712182350.483325,21664883.77547531,92.86,0.0,93.78,BID
484,1712182380.6677303,21664883.77547531,92.86,0.0,93.78,BID
485,1712182410.7282948,21664883.77547531,92.86,0.0,93.78,BID
486,1712182440.480286,21664883.77547531,92.86,0.0,93.78,BID
487,1712182470.4545949,21664883.77547531,92.86,0.0,93.78,BID
488,1712182500.5119035,21664883.77547531,92.86,0.0,93.78,BID
489,1712182530.471207,21664883.77547531,92.86,0.0,93.78,BID
490,1712182532.9212763,21666472.27276572,92.84,7.311905834067193e-07,93.78,BID
491,1712182532.931474,21667242.27213695,92.86,3.544332702812213e-07,93.78,BID
492,1712182560.6795614,21667242.27213695,92.86,0.0,93.78,BID
493,1712182572.198608,21672602.27213695,92.85,2.466977155778207e-06,93.78,BID
494,1712182572.336198,21689818.90362521,92.85,-7.924073988990464e-06,93.78,ASK
495,1712182590.6834354,21689818.90362521,92.85,-0.0,93.78,ASK
496,1712182591.3952234,21690472.54632521,92.57,-3.0055360690380404e-07,93.78,ASK
497,1712182591.520157,21691071.29372521,92.57,-2.75312017856304e-07,93.78,ASK
498,1712182591.9407375,21696031.29372521,92.82,2.2806739679632693e-06,93.78,BID
499,1712182591.944332,21701231.29372521,92.84,2.391029159961492e-06,93.78,BID
500,1712182591.9471352,21701420.44952521,92.83,8.697635261066249e-08,93.78,BID
501,1712182591.9497511,21701841.35296053,92.85,1.935369975725535e-07,93.78,BID
502,1712182602.348829,21703995.3648076,92.85,9.904432956233084e-07,93.78,BID
503,1712182620.4521475,21703995.3648076,92.85,0.0,93.78,BID
504,1712182650.479241,21703995.3648076,92.85,0.0,93.78,BID
505,1712182680.6744168,21703995.3648076,92.85,0.0,93.78,BID
506,1712182710.671194,21703995.3648076,92.85,0.0,93.78,BID
507,1712182740.4708295,21703995.3648076,92.85,0.0,93.78,BID
508,1712182766.8246248,21707217.7713572,92.83,1.4808095148815274e-06,93.78,BID
509,1712182770.4683988,21707217.7713572,92.83,0.0,93.78,BID
510,1712182800.5946934,21707217.7713572,92.83,0.0,93.78,BID
511,1712182830.4635365,21707217.7713572,92.83,0.0,93.78,BID
512,1712182860.492396,21707217.7713572,92.83,0.0,93.78,BID
513,1712182890.4762957,21707217.7713572,92.83,0.0,93.78,BID
514,1712182920.6658192,21707217.7713572,92.83,0.0,93.78,BID
515,1712182950.667652,21707217.7713572,92.83,0.0,93.78,BID
516,1712182979.445948,21708337.622892,92.84,5.159534165352809e-07,93.78,BID
517,1712182980.432694,21708337.622892,92.84,0.0,93.78,BID
518,1712182996.3654776,21713697.622892,92.58,-2.4694147054441954e-06,93.78,ASK
519,1712182996.4656763,21732615.76557,92.58,8.715809650885208e-06,93.78,BID
520,1712182996.546926,21733047.82433,92.58,1.990545252903647e-07,93.78,BID
521,1712183010.465247,21733047.82433,92.58,0.0,93.78,BID
522,1712183040.659232,21733047.82433,92.58,0.0,93.78,BID
523,1712183070.674881,21733047.82433,92.58,0.0,93.78,BID
524,1712183100.465643,21733047.82433,92.58,0.0,93.78,BID
525,1712183128.594144,21733648.51771845,92.58,2.7645755397701856e-07,93.78,BID
526,1712183130.478383,21733648.51771845,92.58,0.0,93.78,BID
527,1712183160.5338666,21733648.51771845,92.58,0.0,93.78,BID
528,1712183186.684105,21735808.8115184,92.58,9.942081366699997e-07,93.78,BID
529,1712183190.4098916,21735808.8115184,92.58,0.0,93.78,BID
530,1712183220.6633945,21735808.8115184,92.58,0.0,93.78,BID
531,1712183250.6787105,21735808.8115184,92.58,0.0,93.78,BID
532,1712183280.480614,21735808.8115184,92.58,0.0,93.78,BID
533,1712183310.4328692,21735808.8115184,92.58,0.0,93.78,BID
534,1712183338.46281,21735837.622892,92.58,1.325831965792042e-08,93.78,BID
535,1712183340.6671188,21735837.622892,92.58,0.0,93.78,BID
536,1712183369.8727508,21736007.622892,92.77,-7.822992428792178e-08,93.78,ASK
537,1712183369.9538865,21736038.96308818,92.77,-1.4422006908324609e-08,93.78,ASK
538,1712183370.651137,21736038.96308818,92.77,-0.0,93.78,ASK
539,1712183400.7421756,21736038.96308818,92.77,-0.0,93.78,ASK
540,1712183402.8013046,21736137.8572651,92.77,4.553137825732788e-08,93.78,BID
541,1712183430.645745,21736137.8572651,92.77,0.0,93.78,BID
542,1712183460.4756737,21736137.8572651,92.77,0.0,93.78,BID
543,1712183490.4753268,21736137.8572651,92.77,0.0,93.78,BID
544,1712183520.654564,21736137.8572651,92.77,0.0,93.78,BID
545,1712183550.6580806,21736137.8572651,92.77,0.0,93.78,BID
546,1712183580.4982512,21736137.8572651,92.77,0.0,93.78,BID
547,1712183610.453704,21736137.8572651,92.77,0.0,93.78,BID
548,1712183640.6440787,21736137.8572651,92.77,0.0,93.78,BID
549,1712183670.720954,21736137.8572651,92.77,0.0,93.78,BID
550,1712183700.4586756,21736137.8572651,92.77,0.0,93.78,BID
551,1712183728.3209476,21743876.54603556,92.77,3.5644310602811588e-06,93.78,BID
552,1712183728.3269897,21744347.00151736,92.77,2.166912485483401e-07,93.78,BID
553,1712183728.4605467,21746917.20403669,92.77,-1.1838322954768511e-06,93.78,ASK
554,1712183730.4776468,21746917.20403669,92.77,-0.0,93.78,ASK
555,1712183760.6621506,21746917.20403669,92.77,-0.0,93.78,ASK
556,1712183790.6615796,21746917.20403669,92.77,-0.0,93.78,ASK
557,1712183820.483114,21746917.20403669,92.77,-0.0,93.78,ASK
558,1712183850.445115,21746917.20403669,92.77,-0.0,93.78,ASK
559,1712183863.620029,21750177.20403669,92.61,-1.5008609191742918e-06,93.78,ASK
560,1712183880.6746397,21750177.20403669,92.61,-0.0,93.78,ASK
561,1712183910.663253,21750177.20403669,92.61,-0.0,93.78,ASK
562,1712183920.5899754,21750393.23341668,92.61,-9.944324963643417e-08,93.78,ASK
563,1712183920.594344,21751719.59755347,92.61,-6.105556566873284e-07,93.78,ASK
564,1712183920.6700864,21754440.78374058,92.61,1.2526240519908282e-06,93.78,BID
565,1712183940.4851377,21754440.78374058,92.61,0.0,93.78,BID
566,1712183970.4611545,21754440.78374058,92.61,0.0,93.78,BID
567,1712184000.4827003,21754440.78374058,92.61,0.0,93.78,BID
568,1712184030.450595,21754440.78374058,92.61,0.0,93.78,BID
569,1712184060.6713026,21754440.78374058,92.61,0.0,93.78,BID
570,1712184063.579176,21756599.44537037,92.65,9.935005940547725e-07,93.78,BID
571,1712184063.7209122,21757150.07662309,92.65,2.53422059823692e-07,93.78,BID
572,1712184090.6681876,21757150.07662309,92.65,0.0,93.78,BID
573,1712184120.4391062,21757150.07662309,92.65,0.0,93.78,BID
574,1712184150.4632094,21757150.07662309,92.65,0.0,93.78,BID
575,1712184162.445994,21757573.24722309,92.65,-1.947371798553845e-07,93.78,ASK
576,1712184180.673514,21757573.24722309,92.65,-0.0,93.78,ASK
577,1712184210.6584148,21757573.24722309,92.65,-0.0,93.78,ASK
578,1712184211.745622,21759730.74452622,92.7,9.928321109024188e-07,93.78,BID
579,1712184227.1788316,21763937.73058502,92.65,-1.935961098649207e-06,93.78,ASK
580,1712184227.1840703,21764730.74452622,92.61,-3.649273183672857e-07,93.78,ASK
581,1712184227.8384993,21766637.18654686,92.7,8.77302072600716e-07,93.78,BID
582,1712184235.9498997,21779957.64830427,92.55,-6.129779233387311e-06,93.78,ASK
583,1712184235.9550395,21784106.57612584,92.57,-1.9092439935388973e-06,93.78,ASK
584,1712184235.9600866,21788474.89408439,92.61,-2.010202438533951e-06,93.78,ASK
585,1712184235.9640746,21788725.94936688,92.7,-1.1553003830170269e-07,93.78,ASK
586,1712184235.9662323,21793685.94936688,92.6,-2.2824813096803606e-06,93.78,ASK
587,1712184235.968429,21793901.97874687,92.57,-9.941189963082697e-08,93.78,ASK
588,1712184235.970603,21794117.96146825,92.6,-9.939042838019776e-08,93.78,ASK
589,1712184235.9728224,21799774.01418511,92.57,-2.6027892364509623e-06,93.78,ASK
590,1712184235.9750683,21826637.18654686,92.6,-1.2361832426293702e-05,93.78,ASK
591,1712184236.068946,21827637.18654686,92.55,-4.6017768340329853e-07,93.78,ASK
592,1712184236.0739634,21840319.50814979,92.55,-5.836121375413366e-06,93.78,ASK
593,1712184237.2485788,21843104.21744979,92.52,-1.2814610746257225e-06,93.78,ASK
594,1712184237.2537773,21848042.9864025,92.52,-2.2727112555216204e-06,93.78,ASK
595,1712184240.4627528,21848042.9864025,92.52,-0.0,93.78,ASK
596,1712184270.4659147,21848042.9864025,92.52,-0.0,93.78,ASK
597,1712184286.1290305,21848167.4991922,92.55,-5.7078004931945053e-08,93.78,ASK
598,1712184286.134698,21890601.57841305,92.47,-1.9452239315193147e-05,93.78,ASK
599,1712184286.1396058,21892922.9864025,92.55,-1.0641584450073597e-06,93.78,ASK
600,1712184286.141807,21898042.9864025,92.5,-2.347063188892116e-06,93.78,ASK
601,1712184300.494671,21898042.9864025,92.5,-0.0,93.78,ASK
602,1712184330.4976995,21898042.9864025,92.5,-0.0,93.78,ASK
603,1712184360.6661255,21898042.9864025,92.5,-0.0,93.78,ASK
604,1712184390.6697888,21898042.9864025,92.5,-0.0,93.78,ASK
605,1712184420.4776947,21898042.9864025,92.5,-0.0,93.78,ASK
606,1712184427.03945,21898203.40017388,92.55,-7.338501743900152e-08,93.78,ASK
607,1712184427.0426817,21898419.45289074,92.46,-9.883834946368465e-08,93.78,ASK
608,1712184427.0459254,21901081.42074664,92.35,-1.2177792208680343e-06,93.78,ASK
609,1712184427.0494192,21901205.93349265,92.55,-5.696125687170348e-08,93.78,ASK
610,1712184427.05286,21901265.3929521,92.5,-2.7201115160677604e-08,93.78,ASK
611,1712184450.458536,21901265.3929521,92.5,-0.0,93.78,ASK
612,1712184478.199411,21901373.27945549,92.69,4.934847450290497e-08,93.78,BID
613,1712184480.6516745,21901373.27945549,92.69,0.0,93.78,BID
614,1712184505.019944,21901589.05246228,92.69,9.869649756057145e-08,93.78,BID
615,1712184510.644429,21901589.05246228,92.69,0.0,93.78,BID
616,1712184540.4601145,21901589.05246228,92.69,0.0,93.78,BID
617,1712184545.6804385,21937007.29570247,92.68,-1.6200472111740734e-05,93.78,ASK
618,1712184570.470297,21937007.29570247,92.68,-0.0,93.78,ASK
619,1712184582.450591,21944990.03572347,92.7,3.645868946730272e-06,93.78,BID
620,1712184600.5106013,21944990.03572347,92.7,0.0,93.78,BID
621,1712184630.4520814,21944990.03572347,92.7,0.0,93.78,BID
622,1712184660.682291,21944990.03572347,92.7,0.0,93.78,BID
623,1712184674.252911,21947350.58144845,92.7,-1.078258757247922e-06,93.78,ASK
624,1712184682.870872,21958138.06796409,92.7,4.9275477619803015e-06,93.78,BID
625,1712184690.6336164,21958138.06796409,92.7,0.0,93.78,BID
626,1712184701.41112,21972490.03572309,92.7,6.552096809825936e-06,93.78,BID
627,1712184720.4409423,21972490.03572309,92.7,0.0,93.78,BID
628,1712184750.4573977,21972490.03572309,92.7,0.0,93.78,BID
629,1712184780.6627183,21972490.03572309,92.7,0.0,93.78,BID
630,1712184810.6612265,21972490.03572309,92.7,0.0,93.78,BID
631,1712184840.466531,21972490.03572309,92.7,0.0,93.78,BID
632,1712184870.4466405,21972490.03572309,92.7,0.0,93.78,BID
633,1712184900.6304784,21972490.03572309,92.7,0.0,93.78,BID
634,1712184930.662779,21972490.03572309,92.7,0.0,93.78,BID
635,1712184960.4547698,21972490.03572309,92.7,0.0,93.78,BID
636,1712184990.4720435,21972490.03572309,92.7,0.0,93.78,BID
637,1712185020.6372416,21972490.03572309,92.7,0.0,93.78,BID
638,1712185050.6826591,21972490.03572309,92.7,0.0,93.78,BID
639,1712185061.1931276,21972490.03572347,92.7,1.7401254973868268e-16,93.78,BID
640,1712185061.1987605,21972597.91058824,92.7,4.940154617545377e-08,93.78,BID
641,1712185080.4678905,21972597.91058824,92.7,0.0,93.78,BID
642,1712185110.422789,21972597.91058824,92.7,0.0,93.78,BID
643,1712185140.6497917,21972597.91058824,92.7,0.0,93.78,BID
644,1712185149.923103,21981205.26956461,92.7,3.941742087482014e-06,93.78,BID
645,1712185170.657888,21981205.26956461,92.7,0.0,93.78,BID
646,1712185200.6581771,21981205.26956461,92.7,0.0,93.78,BID
647,1712185225.973483,22007265.7369097,92.7,-1.19376149626911e-05,93.78,ASK
648,1712185230.4350884,22007265.7369097,92.7,-0.0,93.78,ASK
649,1712185260.648574,22007265.7369097,92.7,-0.0,93.78,ASK
650,1712185265.7228203,22008344.48556126,92.7,-4.936001707494163e-07,93.78,ASK
651,1712185271.9855893,22008888.48556126,92.68,-2.489166429077561e-07,93.78,ASK
652,1712185290.6726644,22008888.48556126,92.68,-0.0,93.78,ASK
653,1712185320.436097,22008888.48556126,92.68,-0.0,93.78,ASK
654,1712185333.8330443,22026967.62045689,92.68,-8.27185267303125e-06,93.78,ASK
655,1712185333.8866746,22037737.67969221,92.68,-4.927688398183011e-06,93.78,ASK
656,1712185333.9628208,22042808.89246726,92.68,-2.320261737687453e-06,93.78,ASK
657,1712185333.9827323,22047338.75552929,92.68,-2.072574826971245e-06,93.78,ASK
658,1712185333.9925442,22047727.90313395,92.68,-1.7804898699067545e-07,93.78,ASK
659,1712185350.4671116,22047727.90313395,92.68,-0.0,93.78,ASK
660,1712185380.673391,22047727.90313395,92.68,-0.0,93.78,ASK
661,1712185410.669015,22047727.90313395,92.68,-0.0,93.78,ASK
662,1712185440.442956,22047727.90313395,92.68,-0.0,93.78,ASK
663,1712185470.4560752,22047727.90313395,92.68,-0.0,93.78,ASK
664,1712185500.6597395,22047727.90313395,92.68,-0.0,93.78,ASK
665,1712185530.6742735,22047727.90313395,92.68,-0.0,93.78,ASK
666,1712185560.4533498,22047727.90313395,92.68,-0.0,93.78,ASK
667,1712185582.3336864,22055546.82178571,92.39,-3.573066061106108e-06,93.78,ASK
668,1712185582.3437133,22060986.82178571,92.47,-2.4859549303589287e-06,93.78,ASK
669,1712185582.3483317,22062607.90313395,92.5,-7.407969062814451e-07,93.78,ASK
670,1712185582.3527386,22067727.90313395,92.4,-2.3397222873966387e-06,93.78,ASK
671,1712185588.8839283,22070048.56806942,92.37,-1.0604905216988611e-06,93.78,ASK
672,1712185588.888466,22086007.6047457,92.33,-7.29291285095179e-06,93.78,ASK
673,1712185588.8928173,22091422.37624234,92.34,-2.474426084344828e-06,93.78,ASK
674,1712185588.897209,22097603.45759058,92.39,-2.8246120684940766e-06,93.78,ASK
675,1712185588.9009118,22097727.90313395,92.37,-5.686875222512569e-08,93.78,ASK
676,1712185590.4685571,22097727.90313395,92.37,-0.0,93.78,ASK
677,1712185606.9433725,22115258.39707642,92.33,-7.994159217619896e-06,93.78,ASK
678,1712185608.503928,22115312.32869113,92.71,2.459359766217716e-08,93.78,BID
679,1712185616.733704,22124077.57566237,92.33,-3.9970796088133456e-06,93.78,ASK
680,1712185620.6785562,22124077.57566237,92.33,-0.0,93.78,ASK
681,1712185624.343621,22127104.97842447,92.33,-1.3790096039780976e-06,93.78,ASK
682,1712185624.3484452,22132842.82263361,92.33,-2.613640434496706e-06,93.78,ASK
683,1712185650.6632326,22132842.82263361,92.33,-0.0,93.78,ASK
684,1712185680.4732444,22132842.82263361,92.33,-0.0,93.78,ASK
685,1712185710.4617052,22132842.82263361,92.33,-0.0,93.78,ASK
686,1712185724.4335043,22135645.79204311,92.33,-1.276307662557213e-06,93.78,ASK
687,1712185740.664486,22135645.79204311,92.33,-0.0,93.78,ASK
688,1712185770.677624,22135645.79204311,92.33,-0.0,93.78,ASK
689,1712185800.4773724,22135645.79204311,92.33,-0.0,93.78,ASK
690,1712185830.459273,22135645.79204311,92.33,-0.0,93.78,ASK
691,1712185852.0839844,22136000.08022629,92.5,-1.6451002199607668e-07,93.78,ASK
692,1712185860.6735165,22136000.08022629,92.5,-0.0,93.78,ASK
693,1712185890.6777802,22136000.08022629,92.5,-0.0,93.78,ASK
694,1712185920.4366589,22136000.08022629,92.5,-0.0,93.78,ASK
695,1712185946.9633408,22136064.8750427,92.6,3.008633924325431e-08,93.78,BID
696,1712185950.4674091,22136064.8750427,92.6,0.0,93.78,BID
697,1712185980.673333,22136064.8750427,92.6,0.0,93.78,BID
698,1712186010.6431954,22136064.8750427,92.6,0.0,93.78,BID
699,1712186040.4777918,22136064.8750427,92.6,0.0,93.78,BID
700,1712186056.0333824,22136280.85776408,92.6,1.0028751808621448e-07,93.78,BID
701,1712186070.4871624,22136280.85776408,92.6,0.0,93.78,BID
702,1712186100.4834085,22136280.85776408,92.6,0.0,93.78,BID
703,1712186130.5133748,22136280.85776408,92.6,0.0,93.78,BID
704,1712186160.6576405,22136280.85776408,92.6,0.0,93.78,BID
705,1712186190.678873,22136280.85776408,92.6,0.0,93.78,BID
706,1712186220.443325,22136280.85776408,92.6,0.0,93.78,BID
707,1712186250.4533503,22136280.85776408,92.6,0.0,93.78,BID
708,1712186280.6433766,22136280.85776408,92.6,0.0,93.78,BID
709,1712186310.6774485,22136280.85776408,92.6,0.0,93.78,BID
710,1712186340.4922297,22136280.85776408,92.6,0.0,93.78,BID
711,1712186346.7334423,22136388.84912477,92.6,5.021906109869908e-08,93.78,BID
712,1712186370.4597774,22136388.84912477,92.6,0.0,93.78,BID
713,1712186400.5643013,22136388.84912477,92.6,0.0,93.78,BID
714,1712186425.4942162,22141320.85776408,92.6,2.3066460636028587e-06,93.78,BID
715,1712186425.576292,22142063.13243234,92.6,-3.471536785257917e-07,93.78,ASK
716,1712186430.4770331,22142063.13243234,92.6,-0.0,93.78,ASK
717,1712186460.6701338,22142063.13243234,92.6,-0.0,93.78,ASK
718,1712186490.6767318,22142063.13243234,92.6,-0.0,93.78,ASK
719,1712186520.4757092,22142063.13243234,92.6,-0.0,93.78,ASK
720,1712186550.4636953,22142063.13243234,92.6,-0.0,93.78,ASK
721,1712186580.697331,22142063.13243234,92.6,-0.0,93.78,ASK
722,1712186610.6632516,22142063.13243234,92.6,-0.0,93.78,ASK
723,1712186640.463806,22142063.13243234,92.6,-0.0,93.78,ASK
724,1712186670.4787102,22142063.13243234,92.6,-0.0,93.78,ASK
725,1712186700.6759603,22142063.13243234,92.6,-0.0,93.78,ASK
726,1712186727.7998185,22143036.10540234,92.61,4.560848843830071e-07,93.78,BID
727,1712186730.686944,22143036.10540234,92.61,0.0,93.78,BID
728,1712186760.4892523,22143036.10540234,92.61,0.0,93.78,BID
729,1712186790.49328,22143036.10540234,92.61,0.0,93.78,BID
730,1712186820.700717,22143036.10540234,92.61,0.0,93.78,BID
731,1712186850.6770089,22143036.10540234,92.61,0.0,93.78,BID
732,1712186880.478964,22143036.10540234,92.61,0.0,93.78,BID
733,1712186910.4717016,22143036.10540234,92.61,0.0,93.78,BID
734,1712186910.7092853,22143309.58050234,92.8,1.2818710814724122e-07,93.78,BID
735,1712186910.7120323,22143506.38052709,92.8,9.224688483982557e-08,93.78,BID
736,1712186910.761789,22149703.36188981,92.8,-2.904736556018759e-06,93.78,ASK
737,1712186914.9920805,22150050.04188981,92.8,-1.625007419415352e-07,93.78,ASK
738,1712186928.46336,22150105.54188981,92.82,2.60147432149618e-08,93.78,BID
739,1712186928.4690716,22150902.85098981,92.81,3.7372597296406553e-07,93.78,BID
740,1712186928.473776,22154528.73118329,92.89,1.6995737326411089e-06,93.78,BID
741,1712186928.478475,22156493.42096598,92.86,9.209171206080384e-07,93.78,BID
742,1712186928.4820251,22161428.4218433,92.9,2.313203253857854e-06,93.78,BID
743,1712186928.4850252,22161971.7732433,92.81,2.546873359723764e-07,93.78,BID
744,1712186928.487755,22162241.6789433,92.82,1.2651400860731777e-07,93.78,BID
745,1712186928.4904766,22164215.97258151,92.89,9.254187752970304e-07,93.78,BID
746,1712186928.493219,22168775.97258151,92.96,2.137427550634699e-06,93.78,BID
747,1712186928.4959846,22174295.97258151,92.93,2.587412298136741e-06,93.78,BID
748,1712186928.4987288,22179015.97258151,92.9,2.212425008551706e-06,93.78,BID
749,1712186928.501496,22181015.97258151,92.87,9.374682239625872e-07,93.78,BID
750,1712186928.50428,22181071.75147598,92.92,2.6145470566291548e-08,93.78,BID
751,1712186928.507075,22181181.01209645,92.99,5.121417991104157e-08,93.78,BID
752,1712186940.5064034,22181181.01209645,92.99,0.0,93.78,BID
753,1712186970.521186,22181181.01209645,92.99,0.0,93.78,BID
754,1712187000.5728266,22181181.01209645,92.99,0.0,93.78,BID
755,1712187030.5154138,22181181.01209645,92.99,0.0,93.78,BID
756,1712187060.676262,22181181.01209645,92.99,0.0,93.78,BID
757,1712187090.6925824,22181181.01209645,92.99,0.0,93.78,BID
758,1712187096.593818,22184121.01209645,92.95,1.384604137055186e-06,93.78,BID
759,1712187106.3040192,22189478.52356152,92.95,2.523140319338435e-06,93.78,BID
760,1712187118.1298814,22190574.91356151,92.95,-5.1634902374709e-07,93.78,ASK
761,1712187120.5592363,22190574.91356151,92.95,-0.0,93.78,ASK
762,1712187143.4043057,22192465.65294104,92.99,8.900848528871186e-07,93.78,BID
763,1712187143.4142356,22196090.64924104,92.99,1.706503991685193e-06,93.78,BID
764,1712187143.484486,22201525.43184973,93.0,2.558479360562477e-06,93.78,BID
765,1712187143.5842872,22207200.11012373,93.03,2.671412692507208e-06,93.78,BID
766,1712187150.4645934,22207200.11012373,93.03,0.0,93.78,BID
767,1712187180.638719,22208041.03822373,93.03,3.955875276648405e-07,93.78,BID
768,1712187180.694708,22208041.03822373,93.03,0.0,93.78,BID
769,1712187203.7951388,22212574.72046448,93.03,-2.1326462380543816e-06,93.78,ASK
770,1712187203.801457,22217854.72046448,93.03,-2.4837144596756647e-06,93.78,ASK
771,1712187203.8548057,22217985.27326448,93.02,-6.14120979375823e-08,93.78,ASK
772,1712187203.8947349,22226965.89730383,93.03,4.22448973171388e-06,93.78,BID
773,1712187203.9347422,22228248.84359517,93.03,6.034985331032346e-07,93.78,BID
774,1712187203.954926,22228379.39639517,93.11,-6.14120979375823e-08,93.78,ASK
775,1712187203.974676,22230259.69689517,93.11,-8.844942311344222e-07,93.78,ASK
776,1712187205.0350196,22233929.16689517,93.03,-1.726120397413466e-06,93.78,ASK
777,1712187210.644824,22233929.16689517,93.03,-0.0,93.78,ASK
778,1712187230.9254105,22234144.1513088,93.03,1.0101432165578177e-07,93.78,BID
779,1712187236.7650652,22235239.86236974,93.03,5.148396931750582e-07,93.78,BID
780,1712187236.8858118,22237153.93309962,93.03,8.993608099971344e-07,93.78,BID
781,1712187236.8974426,22237210.25079962,93.03,2.6461891662209906e-08,93.78,BID
782,1712187240.4768555,22237210.25079962,93.03,0.0,93.78,BID
783,1712187264.8054657,22238750.39683075,93.03,-7.235617410221948e-07,93.78,ASK
784,1712187270.489958,22238750.39683075,93.03,-0.0,93.78,ASK
785,1712187300.4358134,22258827.64940219,93.02,-9.43167318790787e-06,93.78,ASK
786,1712187300.6630447,22258827.64940219,93.02,-0.0,93.78,ASK
787,1712187330.6853428,22258827.64940219,93.02,-0.0,93.78,ASK
788,1712187348.246411,22266321.88206719,93.02,-3.5508864288272163e-06,93.78,ASK
789,1712187348.3459506,22266321.88206784,93.02,-3.0889279626391123e-16,93.78,ASK
790,1712187348.465967,22277073.41416116,93.01,-5.094246616811894e-06,93.78,ASK
791,1712187348.5660264,22281782.66792588,92.95,-2.2313192064535986e-06,93.78,ASK
792,1712187360.4843743,22281782.66792588,92.95,-0.0,93.78,ASK
793,1712187390.4726946,22281782.66792588,92.95,-0.0,93.78,ASK
794,1712187420.666638,22281782.66792588,92.95,-0.0,93.78,ASK
795,1712187450.656993,22281782.66792588,92.95,-0.0,93.78,ASK
796,1712187480.4746504,22281782.66792588,92.95,-0.0,93.78,ASK
797,1712187503.5773995,22282945.35286783,92.95,-5.503419043173622e-07,93.78,ASK
798,1712187510.4777312,22282945.35286783,92.95,-0.0,93.78,ASK
799,1712187540.704631,22282945.35286783,92.95,-0.0,93.78,ASK
800,1712187567.3476353,22292541.14022183,92.95,-4.541809707172996e-06,93.78,ASK
801,1712187570.6723723,22292541.14022183,92.95,-0.0,93.78,ASK
802,1712187574.8681152,22292541.14022281,92.95,-4.635332424764296e-16,93.78,ASK
803,1712187574.875136,22297785.82798283,92.95,-2.481330724282675e-06,93.78,ASK
804,1712187600.5380638,22297785.82798283,92.95,-0.0,93.78,ASK
805,1712187600.8199604,22299211.25397421,92.95,-6.789632525668933e-07,93.78,ASK
806,1712187630.462062,22299211.25397421,92.95,-0.0,93.78,ASK
807,1712187652.931238,22302837.13416769,92.95,-1.7269813154039244e-06,93.78,ASK
808,1712187660.6614182,22302837.13416769,92.95,-0.0,93.78,ASK
809,1712187690.661581,22302837.13416769,92.95,-0.0,93.78,ASK
810,1712187703.6282823,22303446.16191042,92.96,-2.900290877037082e-07,93.78,ASK
811,1712187720.4445438,22303446.16191042,92.96,-0.0,93.78,ASK
812,1712187750.4583366,22303446.16191042,92.96,-0.0,93.78,ASK
813,1712187766.5983784,22303579.41981042,92.96,-6.345790589356311e-08,93.78,ASK
814,1712187780.690909,22303579.41981042,92.96,-0.0,93.78,ASK
815,1712187810.6885204,22303579.41981042,92.96,-0.0,93.78,ASK
816,1712187830.7487736,22303692.35946837,92.97,5.378196645662012e-08,93.78,BID
817,1712187840.4739912,22303692.35946837,92.97,0.0,93.78,BID
818,1712187855.7963364,22303799.92104737,92.97,5.1220664326541364e-08,93.78,BID
819,1712187857.8589766,22303907.48262637,92.97,5.1220664326541364e-08,93.78,BID
820,1712187868.2595558,22313923.66928057,92.96,-4.769693223318422e-06,93.78,ASK
821,1712187868.266455,22314968.02571621,92.96,-4.973209850997269e-07,93.78,ASK
822,1712187870.5188727,22314968.02571621,92.96,-0.0,93.78,ASK
823,1712187900.5163555,22314968.02571621,92.96,-0.0,93.78,ASK
824,1712187910.2997117,22315075.77272623,92.81,-5.216748768618872e-08,93.78,ASK
825,1712187910.3044915,22315183.48491925,92.84,-5.215063046327661e-08,93.78,ASK
826,1712187910.3083055,22321747.13463866,92.8,-3.177899004848548e-06,93.78,ASK
827,1712187930.4792447,22321747.13463866,92.8,-0.0,93.78,ASK
828,1712187960.679286,22321747.13463866,92.8,-0.0,93.78,ASK
829,1712187990.6745858,22321747.13463866,92.8,-0.0,93.78,ASK
830,1712188020.5197132,22321747.13463866,92.8,-0.0,93.78,ASK
831,1712188050.482037,22321747.13463866,92.8,-0.0,93.78,ASK
832,1712188080.7013133,22321747.13463866,92.8,-0.0,93.78,ASK
833,1712188110.68999,22321747.13463866,92.8,-0.0,93.78,ASK
834,1712188128.4011018,22325483.01114648,92.97,1.8082353038192085e-06,93.78,BID
835,1712188140.4900172,22325483.01114648,92.97,0.0,93.78,BID
836,1712188170.480279,22325483.01114648,92.97,0.0,93.78,BID
837,1712188200.5125358,22325483.01114648,92.97,0.0,93.78,BID
838,1712188223.111729,22326561.75979804,92.97,5.244407608147809e-07,93.78,BID
839,1712188223.1188064,22326672.66538341,92.98,5.3917480672092784e-08,93.78,BID
840,1712188223.125392,22328417.46396951,93.15,8.482453226146959e-07,93.78,BID
841,1712188223.1287282,22330641.15485071,93.02,1.081061965515882e-06,93.78,BID
842,1712188223.135306,22330748.68173244,93.0,5.227490164652559e-08,93.78,BID
843,1712188223.1382856,22330856.44624982,92.99,5.239042978435468e-08,93.78,BID
844,1712188230.4773002,22330856.44624982,92.99,0.0,93.78,BID
845,1712188235.9106965,22337023.06738027,93.18,2.9972149135935178e-06,93.78,BID
846,1712188235.9165497,22339023.06738027,93.18,9.72076879765773e-07,93.78,BID
847,1712188235.9217162,22346950.4519625,93.2,3.85301363469821e-06,93.78,BID
848,1712188260.6936164,22346950.4519625,93.2,0.0,93.78,BID
849,1712188276.2136807,22352150.4519625,93.18,2.5255588573195188e-06,93.78,BID
850,1712188276.2906718,22359905.65690563,93.18,-3.7665820258547807e-06,93.78,ASK
851,1712188276.411027,22367096.04110803,93.18,-3.492257405751333e-06,93.78,ASK
852,1712188280.7651968,22367237.99188625,93.18,-6.894327793010346e-08,93.78,ASK
853,1712188290.6909304,22367237.99188625,93.18,-0.0,93.78,ASK
854,1712188295.040745,22416768.41870069,93.18,-2.4034088890087752e-05,93.78,ASK
855,1712188307.061559,22416868.41870069,93.17,4.8523888114528816e-08,93.78,BID
856,1712188320.5057025,22416868.41870069,93.17,0.0,93.78,BID
857,1712188350.4858532,22416868.41870069,93.17,0.0,93.78,BID
858,1712188380.701652,22416868.41870069,93.17,0.0,93.78,BID
859,1712188410.6938748,22416868.41870069,93.17,0.0,93.78,BID
860,1712188435.2616343,22418737.69433972,92.84,-9.050143517053442e-07,93.78,ASK
861,1712188440.465995,22418737.69433972,92.84,-0.0,93.78,ASK
862,1712188470.4812112,22418737.69433972,92.84,-0.0,93.78,ASK
863,1712188500.7050152,22418737.69433972,92.84,-0.0,93.78,ASK
864,1712188530.6911712,22418737.69433972,92.84,-0.0,93.78,ASK
865,1712188560.4835677,22418737.69433972,92.84,-0.0,93.78,ASK
866,1712188576.0937784,22423777.69433972,92.86,-2.452903547851477e-06,93.78,ASK
867,1712188576.214137,22424123.30399074,92.86,1.6820379745292445e-07,93.78,BID
868,1712188587.3089962,22434894.52329277,92.85,-5.242214690601551e-06,93.78,ASK
869,1712188590.4683275,22434894.52329277,92.85,-0.0,93.78,ASK
870,1712188593.427996,22445664.5825281,92.85,-5.237825777582717e-06,93.78,ASK
871,1712188615.4874263,22445986.64371972,93.15,1.5662870320191002e-07,93.78,BID
872,1712188620.6672049,22445986.64371972,93.15,0.0,93.78,BID
873,1712188635.847485,22450944.5825281,93.15,2.409997687533629e-06,93.78,BID
874,1712188635.8547804,22460476.9672281,93.16,4.633583828195348e-06,93.78,BID
875,1712188635.8602529,22473419.46656865,93.18,6.291201785089047e-06,93.78,BID
876,1712188635.8656545,22473527.46656865,93.17,5.249757213901392e-08,93.78,BID
877,1712188650.6866193,22473527.46656865,93.17,0.0,93.78,BID
878,1712188674.0160391,22478327.46656865,93.16,2.3303189117234352e-06,93.78,BID
879,1712188674.0259776,22478347.97746271,93.17,9.957692567643376e-09,93.78,BID
880,1712188680.458212,22478347.97746271,93.17,0.0,93.78,BID
881,1712188685.1861317,22482987.97746271,93.17,2.2521506001884845e-06,93.78,BID
882,1712188689.9104843,22516107.08207316,93.17,-1.607526106166626e-05,93.78,ASK
883,1712188692.5758502,22540946.41053099,93.17,-1.2056445796246985e-05,93.78,ASK
884,1712188696.7655623,22541652.79203099,93.17,-3.428615343067132e-07,93.78,ASK
885,1712188697.1160405,22548666.44064176,93.17,-3.404265717297062e-06,93.78,ASK
886,1712188710.4809475,22548666.44064176,93.17,-0.0,93.78,ASK
887,1712188737.5446548,22548881.14810284,93.15,1.0388377569629937e-07,93.78,BID
888,1712188740.694533,22548881.14810284,93.15,0.0,93.78,BID
889,1712188763.7441957,22552961.27658395,93.15,1.974104897272904e-06,93.78,BID
890,1712188770.7106683,22552961.27658395,93.15,0.0,93.78,BID
891,1712188800.6248507,22552961.27658395,93.15,0.0,93.78,BID
892,1712188816.1539638,2147.30513205,93.14,1.0506465715906191e-06,93.14,BID
893,1712188816.1605816,3350.72616784,93.14,5.888171953585936e-07,93.14,BID
894,1712188816.1660223,4840.96206784,93.15,7.291517240968448e-07,93.15,BID
895,1712188816.171215,7006.59557726,93.14,1.0596143920271242e-06,93.15,BID
896,1712188816.1743248,10748.313012,93.14,1.8307703623459185e-06,93.15,BID
897,1712188818.2731988,20206.13954965,93.15,-4.627583140452054e-06,93.15,ASK
898,1712188818.2837844,24926.13954965,93.01,-2.309430431609592e-06,93.15,ASK
899,1712188818.2892468,28938.37650493,92.88,-1.963131805794966e-06,93.15,ASK
900,1712188830.528725,28938.37650493,92.88,-0.0,93.15,ASK
901,1712188855.5927262,30015.38242846,92.88,5.262703991012512e-07,93.15,BID
902,1712188860.316645,30015.38242846,92.88,0.0,93.15,BID
903,1712188860.76006,30015.38242846,92.88,0.0,93.15,BID
904,1712188867.6523657,30122.79381406,92.87,-5.248315594858043e-08,93.15,ASK
905,1712188868.7284503,40891.69298268,92.85,-5.261879932970713e-06,93.15,ASK
906,1712188868.7318535,41878.46809433,92.87,-4.821562610109804e-07,93.15,ASK
907,1712188878.852741,45110.87839494,92.81,-1.579414444279472e-06,93.15,ASK
908,1712188878.8600466,54012.82205793,92.84,-4.349651528098153e-06,93.15,ASK
909,1712188878.952092,55435.43763248,92.8,-6.951158355971041e-07,93.15,ASK
910,1712188880.2638843,56141.81913248,92.8,-3.4515084426666056e-07,93.15,ASK
911,1712188880.2673275,57336.73013248,92.8,-5.838552403673115e-07,93.15,ASK
912,1712188881.0620408,57930.24351222,92.81,2.900014285493328e-07,93.15,BID
913,1712188890.6946118,57930.24351222,92.81,0.0,93.15,BID
1114,1712188898.0541768,58038.02536175,92.78,-5.2597569259059293e-08,93.15,ASK
914,1712188898.0541768,58038.02536175,92.78,-5.259756925905929e-08,93.15,ASK
915,1712188898.063291,58145.78398243,92.8,-5.258623357450872e-08,93.15,ASK
916,1712188898.068154,58730.84814589,92.8,-2.855114566392266e-07,93.15,ASK
917,1712188898.0736678,59808.70860089,92.73,-5.259961689345754e-07,93.15,ASK
918,1712188898.0782676,59916.69996158,92.6,-5.269981075701702e-08,93.15,ASK
919,1712188898.081539,60078.51225931,92.7,-7.896444135941625e-08,93.15,ASK
920,1712188898.0848043,60186.34059659,92.74,-5.2620255292569385e-08,93.15,ASK
921,1712188898.0880506,60294.18056208,92.73,-5.262592986192817e-08,93.15,ASK
922,1712188898.0913403,60509.93029238,92.7,-1.052859218093002e-07,93.15,ASK
923,1712188898.0946002,65897.92165307,92.6,-2.6293411181649942e-06,93.15,ASK
924,1712188911.8316495,66006.02976117,92.5,-5.2756783521998494e-08,93.15,ASK
925,1712188911.8375895,71680.70803517,92.47,-2.769244402848294e-06,93.15,ASK
926,1712188911.843169,77087.28242963,92.48,-2.638409643246189e-06,93.15,ASK
927,1712188920.2600574,77087.28242963,92.48,-0.0,93.15,ASK
928,1712188920.706774,77087.28242963,92.48,-0.0,93.15,ASK
929,1712188948.2480874,77195.50753785,92.4,-5.276822558279499e-08,93.15,ASK
930,1712188949.3345203,77322.50970235,92.4,6.192351272326932e-08,93.15,BID
931,1712188950.4879596,77322.50970235,92.4,0.0,93.15,BID
932,1712188964.9615638,80595.24785942,92.33,-1.595699538216985e-06,93.15,ASK
933,1712188964.9756088,80811.86217762,92.33,-1.0561534437951937e-07,93.15,ASK
934,1712188966.011466,81395.86521022,92.33,2.847442492226257e-07,93.15,BID
935,1712188980.3751426,81395.86521022,92.33,0.0,93.15,BID
936,1712188980.9760923,81395.86521022,92.33,0.0,93.15,BID
937,1712188998.2207038,81558.37875301,92.3,-7.922272687372783e-08,93.15,ASK
938,1712188998.2295842,82213.77472796,92.3,-3.194949505512932e-07,93.15,ASK
939,1712189009.4904785,86131.42588193,92.3,-1.9097916520014325e-06,93.15,ASK
940,1712189010.7245264,86131.42588193,92.3,-0.0,93.15,ASK
941,1712189014.104679,86239.88575177,92.2,-5.286117107542319e-08,93.15,ASK
942,1712189014.1116228,89039.16676305,92.2,-1.364313571865387e-06,93.15,ASK
943,1712189017.1433778,89427.47748197,92.3,1.892548771590125e-07,93.15,BID
944,1712189017.1495852,89589.95480911,92.3,7.918819927126897e-08,93.15,BID
945,1712189032.1106122,91674.17349783,92.2,-1.015806498989513e-06,93.15,ASK
946,1712189032.1182792,92441.97319351,92.01,-3.7421021364745133e-07,93.15,ASK
947,1712189032.1228905,93526.45426931,92.21,-5.28554383851786e-07,93.15,ASK
948,1712189032.1262438,99075.03190231,92.1,-2.704265752079373e-06,93.15,ASK
949,1712189032.129596,99283.72755448,92.0,-1.017140864020083e-07,93.15,ASK
950,1712189032.1329887,99392.26983169,92.13,-5.290133477919849e-08,93.15,ASK
951,1712189032.136387,104672.26983169,92.05,-2.573366386019e-06,93.15,ASK
952,1712189032.139814,108000.28443169,92.2,-1.622007746935692e-06,93.15,ASK
953,1712189032.1432354,108109.00371849,91.98,-5.29876057127036e-08,93.15,ASK
954,1712189032.1467607,118939.71962881,91.95,-5.278674291692926e-06,93.15,ASK
955,1712189032.1510112,123293.69807661,91.93,-2.1220420043597955e-06,93.15,ASK
956,1712189032.1544266,123353.69807661,92.0,-2.9242799841125e-08,93.15,ASK
957,1712189032.1578467,142668.74665589,91.9,-9.41376832542484e-06,93.15,ASK
958,1712189032.1612906,143212.52044599,91.95,-2.650244683790739e-07,93.15,ASK
959,1712189032.1647215,154090.36228216,91.93,-5.301642525308917e-06,93.15,ASK
960,1712189032.1681583,159908.41798816,91.91,-2.83560397458456e-06,93.15,ASK
961,1712189036.8571315,176897.43338612,91.9,-8.280106279672248e-06,93.15,ASK
962,1712189037.329705,179253.62338762,91.9,-1.1483598766920677e-06,93.15,ASK
963,1712189040.270314,179253.62338762,91.9,-0.0,93.15,ASK
964,1712189040.781458,179253.62338762,91.9,-0.0,93.15,ASK
965,1712189067.2100651,194819.76293727,91.91,-7.555090276592744e-06,93.15,ASK
966,1712189067.213663,199459.76293727,91.92,-2.2520432103012062e-06,93.15,ASK
967,1712189070.475701,199459.76293727,91.92,-0.0,93.15,ASK
968,1712189071.8309753,205682.74594958,91.92,-3.0176304885824404e-06,93.15,ASK
969,1712189100.2977157,205682.74594958,91.92,-0.0,93.15,ASK
970,1712189100.758916,205682.74594958,91.92,-0.0,93.15,ASK
971,1712189115.5412955,206176.52774947,92.21,2.427702882773452e-07,93.15,BID
972,1712189115.5469196,236109.70793762,92.21,1.471679755097083e-05,93.15,BID
973,1712189115.643958,240810.01471933,92.21,2.310929306511373e-06,93.15,BID
974,1712189115.6474924,252334.90825827,92.21,5.666271473427239e-06,93.15,BID
975,1712189115.7192166,254500.54176769,92.21,1.0647445319007537e-06,93.15,BID
976,1712189115.7230265,255703.96280348,92.21,5.916679631425308e-07,93.15,BID
977,1712189115.7265782,276402.15503041,92.21,1.0176369592543208e-05,93.15,BID
978,1712189115.8040397,279309.89591153,92.25,1.4296053279051798e-06,93.15,BID
979,1712189115.859676,282045.61616438,92.33,1.345030526800572e-06,93.15,BID
980,1712189115.8640163,286605.61616353,92.4,2.2419467760557123e-06,93.15,BID
981,1712189115.947398,286605.61616438,92.4,4.1790992776274446e-16,93.15,BID
982,1712189116.2288513,291725.61616438,92.45,2.517273573584418e-06,93.15,BID
983,1712189122.2043624,297434.86978138,92.47,2.806983057610425e-06,93.15,BID
984,1712189122.210544,409807.5422742,92.47,5.5248585714693845e-05,93.15,BID
985,1712189123.0494952,420638.25818452,92.47,-5.324975575009537e-06,93.15,ASK
986,1712189130.6896956,420638.25818452,92.47,-0.0,93.15,ASK
987,1712189155.238844,421719.69000024,93.01,5.265507208167115e-07,93.15,BID
988,1712189160.292884,421719.69000024,93.01,0.0,93.15,BID
989,1712189160.7244222,421719.69000024,93.01,0.0,93.15,BID
990,1712189190.516304,421719.69000024,93.01,0.0,93.15,BID
991,1712189204.884038,426999.69000024,92.98,2.5707137647602296e-06,93.15,BID
992,1712189204.890202,431719.69000024,92.97,2.2980623048614174e-06,93.15,BID
993,1712189204.8952007,438938.61719154,92.98,3.5147339957342583e-06,93.15,BID
994,1712189204.8986838,443222.75418688,92.99,2.0858503681892176e-06,93.15,BID
995,1712189220.3336723,443222.75418688,92.99,0.0,93.15,BID
996,1712189220.8423414,443222.75418688,92.99,0.0,93.15,BID
997,1712189250.7019413,443222.75418688,92.99,0.0,93.15,BID
998,1712189280.3211684,443222.75418688,92.99,0.0,93.15,BID
999,1712189280.749332,443222.75418688,92.99,0.0,93.15,BID
1000,1712189310.5080068,443222.75418688,92.99,0.0,93.15,BID
1201,1712189340.3146634,443222.75418688,92.99,0.0,93.15,BID
1202,1712189340.8194757,443222.75418688,92.99,0.0,93.15,BID
1203,1712189365.037542,448599.67643658,92.94,2.615357147080911e-06,93.15,BID
1204,1712189370.6955366,448599.67643658,92.94,0.0,93.15,BID
1205,1712189400.3311143,448599.67643658,92.94,0.0,93.15,BID
1206,1712189400.7958827,448599.67643658,92.94,0.0,93.15,BID
1207,1712189427.8272302,448692.69650359,92.63,-4.6071057600312894e-08,93.15,ASK
1208,1712189430.504295,448692.69650359,92.63,-0.0,93.15,ASK
1209,1712189460.343815,448692.69650359,92.63,-0.0,93.15,ASK
1210,1712189460.76743,448692.69650359,92.63,-0.0,93.15,ASK
1211,1712189477.5572507,462543.71552159,92.71,6.860115158598642e-06,93.15,BID
1212,1712189477.5773177,462543.71552214,92.71,2.7237654868824085e-16,93.15,BID
1213,1712189489.1312685,471604.64765504,92.93,4.487686992210652e-06,93.15,BID
1214,1712189489.1325345,527795.83291948,92.93,2.783029907844779e-05,93.15,BID
1215,1712189489.2671623,533470.51119269,93.03,2.810547468863336e-06,93.15,BID
1216,1712189489.2684083,533470.51119348,93.03,3.9126741308179563e-16,93.15,BID
1217,1712189489.2695916,543470.51119348,93.03,4.952787336212304e-06,93.15,BID
1218,1712189489.2707715,543858.68074227,93.03,1.9225212255502105e-07,93.15,BID
1219,1712189490.7050009,543858.68074227,93.03,0.0,93.15,BID
1220,1712189520.3473227,543858.68074227,93.03,0.0,93.15,BID
1221,1712189520.7354012,543858.68074227,93.03,0.0,93.15,BID
1222,1712189533.0790274,544626.70074227,93.14,3.787254322735902e-07,93.15,BID
1223,1712189533.082165,546774.00587432,93.14,1.0588774567836002e-06,93.15,BID
1224,1712189537.147256,547868.19237157,93.16,5.395644047797164e-07,93.16,BID
1225,1712189537.1524649,578113.53644756,93.17,1.4914560831023242e-05,93.17,BID
1226,1712189550.4678826,578113.53644756,93.17,0.0,93.17,BID
1227,1712189580.3220472,578113.53644756,93.17,0.0,93.17,BID
1228,1712189580.7336173,578113.53644756,93.17,0.0,93.17,BID
1229,1712189607.3065815,639202.64356194,93.18,3.00768799572822e-05,93.18,BID
1230,1712189610.2659383,641275.25897894,93.2,1.0204405996309697e-06,93.2,BID
1231,1712189610.6763248,641275.25897894,93.2,0.0,93.2,BID
1232,1712189640.3211565,641275.25897894,93.2,0.0,93.2,BID
1233,1712189640.68321,641275.25897894,93.2,0.0,93.2,BID
1234,1712189670.4601576,641275.25897894,93.2,0.0,93.2,BID
1235,1712189699.2069197,641275.25897971,93.2,3.7805272675276093e-16,93.2,BID
1236,1712189699.2091358,641331.05720218,93.24,2.7392567929220683e-08,93.24,BID
1237,1712189699.211831,644034.34439941,93.23,1.3271028162617838e-06,93.24,BID
1238,1712189699.2163124,648737.57045294,93.24,2.308916547065864e-06,93.24,BID
1239,1712189699.3061378,661539.08864479,93.24,6.284545298124209e-06,93.24,BID
1240,1712189699.307775,668998.46085079,93.24,3.661968980680805e-06,93.24,BID
1241,1712189699.3279068,679693.49976079,93.27,5.250428541974555e-06,93.27,BID
1242,1712189700.363807,679693.49976079,93.27,0.0,93.27,BID
1243,1712189700.766919,679693.49976079,93.27,0.0,93.27,BID
1244,1712189720.0225396,693870.12969579,93.35,7.06266415559927e-06,93.35,BID
1245,1712189720.0364034,693870.12969654,93.35,3.7361681681621663e-16,93.35,BID
1246,1712189720.1235611,693925.62969654,93.38,2.7649579796678256e-08,93.38,BID
1247,1712189720.1264284,695925.62969654,93.38,9.963812539343516e-07,93.38,BID
1248,1712189730.5714183,695925.62969654,93.38,0.0,93.38,BID
1249,1712189760.6791604,695925.62969654,93.38,0.0,93.38,BID
1250,1712189790.675755,695925.62969654,93.38,0.0,93.38,BID
1251,1712189818.2358594,700908.24119654,93.19,-2.480417820924372e-06,93.38,ASK
1252,1712189820.456815,700908.24119654,93.19,-0.0,93.38,ASK
1253,1712189825.3555417,717843.28057954,93.19,8.428565229500968e-06,93.38,BID
1254,1712189825.450751,737949.755284,93.19,1.0006987863988745e-05,93.38,BID
1255,1712189850.4478867,737949.755284,93.19,0.0,93.38,BID
1256,1712189880.697561,737949.755284,93.19,0.0,93.38,BID
1257,1712189889.7157128,747949.755284,93.24,-4.968461850826064e-06,93.38,ASK
1258,1712189897.035986,748004.98411205,93.4,2.7440232523265374e-08,93.4,BID
1259,1712189898.8671813,748060.2129401,93.41,2.744023252320753e-08,93.41,BID
1260,1712189900.5960891,748086.34585063,93.41,1.2984036901918913e-08,93.41,BID
1261,1712189900.5990927,748115.44176815,93.43,1.4456195621288618e-08,93.43,BID
1262,1712189903.385671,748170.6705962,93.49,2.7440232523265374e-08,93.49,BID
1263,1712189910.725773,748170.6705962,93.49,0.0,93.49,BID
1264,1712189940.3012753,753155.44176815,93.49,2.4754923591095186e-06,93.49,BID
1265,1712189940.305154,758195.44176815,93.46,2.5029196044382275e-06,93.49,BID
1266,1712189940.309613,763155.44176815,93.48,2.4631907218280968e-06,93.49,BID
1267,1712189940.3109806,764189.25365504,93.49,5.134023886901763e-07,93.49,BID
1268,1712189940.3123176,764302.19331299,93.47,5.6087080159027766e-08,93.49,BID
1269,1712189940.4334574,764302.19331299,93.47,0.0,93.49,BID
1270,1712189951.1974545,766392.1966261,93.49,1.0371420333117686e-06,93.49,BID
1271,1712189951.1989374,766543.73078759,93.49,7.519722451066896e-08,93.49,BID
1272,1712189958.745294,768785.66567291,93.46,-1.1125364686879035e-06,93.49,ASK
1273,1712189970.4479997,768785.66567291,93.46,-0.0,93.49,ASK
1274,1712190000.5037415,768785.66567291,93.46,-0.0,93.49,ASK
1275,1712190009.155442,769510.67639792,93.24,-3.629337161081951e-07,93.49,ASK
1276,1712190009.1652143,774630.67639792,93.23,-2.5630250179381105e-06,93.49,ASK
1277,1712190009.1677265,781814.98860977,93.17,-3.596400768681588e-06,93.49,ASK
1278,1712190011.6529846,783990.7535051,93.15,-1.089167941383292e-06,93.49,ASK
1279,1712190011.658032,784205.46096577,93.15,-1.074805846162033e-07,93.49,ASK
1280,1712190020.365414,789325.46096577,93.37,2.5630250179381105e-06,93.49,BID
1281,1712190020.368527,803155.78105448,93.17,6.923331326846855e-06,93.49,BID
1282,1712190020.471217,804522.74005448,93.26,-6.842871319327623e-07,93.49,ASK
1283,1712190020.4735813,806457.5547828,93.26,-9.68550498781108e-07,93.49,ASK
1284,1712190020.5856123,809730.5957828,93.26,-1.6384542905736506e-06,93.49,ASK
1285,1712190030.4927237,809730.5957828,93.26,-0.0,93.49,ASK
1286,1712190060.6888242,809730.5957828,93.26,-0.0,93.49,ASK
1287,1712190090.6858344,809730.5957828,93.26,-0.0,93.49,ASK
1288,1712190120.4679668,809730.5957828,93.26,-0.0,93.49,ASK
1289,1712190126.9646325,809837.54765445,93.5,5.34370164169742e-08,93.5,BID
1290,1712190129.455119,812205.9839313,93.27,-1.183356272835416e-06,93.5,ASK
1291,1712190146.1352804,812410.1833313,93.5,1.0202539256013388e-07,93.5,BID
1292,1712190146.138692,825257.64595965,93.5,6.419056167935821e-06,93.5,BID
1293,1712190150.4899895,825257.64595965,93.5,0.0,93.5,BID
1294,1712190172.0948255,826352.77595965,93.5,-5.467700290611295e-07,93.5,ASK
1295,1712190180.679448,826352.77595965,93.5,-0.0,93.5,ASK
1296,1712190188.4646122,829262.90595965,93.51,-1.45287821843471e-06,93.51,ASK
1297,1712190203.1780365,829832.90595965,93.52,-2.8457168047744136e-07,93.52,ASK
1298,1712190206.2953098,830153.55581002,93.56,1.60083976780061e-07,93.56,BID
1299,1712190206.297886,833931.10681002,93.53,1.885936905542572e-06,93.56,BID
1300,1712190206.3010364,839571.62599702,93.59,2.816021094403229e-06,93.59,BID
1301,1712190207.6746638,843295.59599702,93.53,-1.859186668329069e-06,93.59,ASK
1302,1712190209.764515,843431.06510239,93.53,-6.763275608406075e-08,93.59,ASK
1303,1712190210.6876118,843431.06510239,93.53,-0.0,93.59,ASK
1304,1712190214.1045458,844302.30702309,93.53,-4.346196202934166e-07,93.59,ASK
1305,1712190240.4686792,844302.30702309,93.53,-0.0,93.59,ASK
1306,1712190259.0155756,891659.09213352,93.52,-2.362300394716944e-05,93.59,ASK
1307,1712190259.018838,931120.10540162,93.5,-1.968435293945496e-05,93.59,ASK
1308,1712190259.022046,936624.31260786,93.53,-2.7456658693329805e-06,93.59,ASK
1309,1712190259.0252285,1008428.18909515,93.51,-3.5817956259613885e-05,93.59,ASK
1310,1712190270.4936476,1008428.18909515,93.51,-0.0,93.59,ASK
1311,1712190289.404709,1012707.63704636,93.47,2.118499807352285e-06,93.59,BID
1312,1712190291.0746002,1013868.18909515,93.47,5.745201997582052e-07,93.59,BID
1313,1712190291.1594944,1016987.08499715,93.47,-1.5439796073862074e-06,93.59,ASK
1314,1712190291.1771889,1016987.08499757,93.47,-2.0793009508408527e-16,93.59,ASK
1315,1712190295.3752007,1021173.18315589,93.48,2.072287884574263e-06,93.59,BID
1316,1712190295.3778126,1021266.07515589,93.48,4.5985296783177866e-08,93.59,BID
1317,1712190300.656259,1021266.07515589,93.48,0.0,93.59,BID
1318,1712190330.674633,1021266.07515589,93.48,0.0,93.59,BID
1319,1712190360.4783278,1021266.07515589,93.48,0.0,93.59,BID
1320,1712190390.4792018,1021266.07515589,93.48,0.0,93.59,BID
1321,1712190392.064593,1022335.82269547,93.48,5.661395396454827e-07,93.59,BID
1322,1712190420.6901274,1022335.82269547,93.48,0.0,93.59,BID
1323,1712190450.2393844,1027684.56039337,93.48,2.8305478979218343e-06,93.59,BID
1324,1712190450.6779006,1027684.56039337,93.48,0.0,93.59,BID
1325,1712190459.284382,1033033.29809127,93.48,2.8297991341533422e-06,93.59,BID
1326,1712190480.467245,1033033.29809127,93.48,0.0,93.59,BID
1327,1712190500.464881,1038940.9016314,93.3,-3.124645713973718e-06,93.59,ASK
1328,1712190500.4683323,1056014.1209402,93.27,-9.030355739783083e-06,93.59,ASK
1329,1712190500.4712193,1060574.1209402,93.29,-2.411872150683745e-06,93.59,ASK
1330,1712190510.4944909,1060574.1209402,93.29,-0.0,93.59,ASK
1331,1712190540.4980972,1060574.1209402,93.29,-0.0,93.59,ASK
1332,1712190549.6074429,1064138.50534734,93.27,-1.8827135966239448e-06,93.59,ASK
1333,1712190561.9355876,1065252.44285579,93.27,-5.883835898135669e-07,93.59,ASK
1334,1712190562.155867,1069541.52713629,93.26,-2.2655012393691214e-06,93.59,ASK
1335,1712190562.1574385,1071347.61441914,93.26,-9.539782177533718e-07,93.59,ASK
1336,1712190562.3558156,1073792.6959467,93.22,-1.291496009120174e-06,93.59,ASK
1337,1712190562.3593557,1078085.00198812,93.19,-2.267202978686866e-06,93.59,ASK
1338,1712190562.3628404,1078894.93311319,93.19,-4.278069274582506e-07,93.59,ASK
1339,1712190570.4892695,1078894.93311319,93.19,-0.0,93.59,ASK
1340,1712190600.5818748,1078894.93311319,93.19,-0.0,93.59,ASK
1341,1712190630.477083,1078894.93311319,93.19,-0.0,93.59,ASK
1342,1712190640.2770672,1078959.26937739,93.26,3.4704993616692045e-08,93.59,BID
1343,1712190660.6830592,1078959.26937739,93.26,0.0,93.59,BID
1344,1712190688.839327,1079780.18920199,93.19,-4.428284019404008e-07,93.59,ASK
1345,1712190688.9380972,1079780.1892024,93.15,-2.2117407454478398e-16,93.59,ASK
1346,1712190688.948315,1080853.61127195,93.15,-5.790355713458592e-07,93.59,ASK
1347,1712190689.8532195,1089274.93685969,93.14,4.542711773413228e-06,93.59,BID
1348,1712190690.691708,1089274.93685969,93.14,0.0,93.59,BID
1349,1712190691.0569167,1089360.78298051,93.19,4.6283943768871584e-08,93.59,BID
1350,1712190720.5157535,1089360.78298051,93.19,0.0,93.59,BID
1351,1712190725.838884,1090261.68388141,93.24,4.857187068256195e-07,93.59,BID
1352,1712190726.1464045,1091505.78512551,93.24,6.707544046641002e-07,93.59,BID
1353,1712190726.1531017,1095799.01918009,93.03,-2.314687543332746e-06,93.59,ASK
1354,1712190735.2601728,1095854.32392049,93.24,2.981742715720226e-08,93.59,BID
1355,1712190750.4546106,1095854.32392049,93.24,0.0,93.59,BID
1356,1712190780.4996507,1095854.32392049,93.24,0.0,93.59,BID
1357,1712190810.4559734,1095854.32392049,93.24,0.0,93.59,BID
1358,1712190831.4746594,1096068.82413499,93.24,1.1560962875564405e-07,93.59,BID
1359,1712190840.6707623,1096068.82413499,93.24,0.0,93.59,BID
1360,1712190870.6808298,1096068.82413499,93.24,0.0,93.59,BID
1361,1712190900.528473,1096068.82413499,93.24,0.0,93.59,BID
1362,1712190908.6320567,1096283.32434949,93.24,1.2242070819630294e-07,93.59,BID
1363,1712190930.5021608,1096283.32434949,93.24,0.0,93.59,BID
1364,1712190935.2522292,1096369.13363834,93.23,4.8972976690055954e-08,93.59,BID
1365,1712190954.3820665,1097141.41723803,93.23,4.407567902329604e-07,93.59,BID
1366,1712190960.6964445,1097141.41723803,93.23,0.0,93.59,BID
1367,1712190966.9167905,1112406.24507038,93.23,8.711526890350845e-06,93.59,BID
1368,1712190990.6873703,1112406.24507038,93.23,0.0,93.59,BID
1369,1712190999.4231343,1114019.35862506,93.24,9.198451681722776e-07,93.59,BID
1370,1712190999.426051,1124770.89071838,93.23,6.130842319064977e-06,93.59,BID
1371,1712191020.445359,1124770.89071838,93.23,0.0,93.59,BID
1372,1712191050.526014,1124770.89071838,93.23,0.0,93.59,BID
1373,1712191080.6759424,1124770.89071838,93.23,0.0,93.59,BID
1374,1712191110.68686,1124770.89071838,93.23,0.0,93.59,BID
1375,1712191134.1144347,1126118.1758508,93.03,-7.677572403321122e-07,93.59,ASK
1376,1712191134.124624,1126332.86026471,93.16,-1.2233899803357042e-07,93.59,ASK
1377,1712191134.133087,1128586.93648469,93.01,-1.2844967234528058e-06,93.59,ASK
1378,1712191134.1359773,1128801.6208986,93.03,-1.2233899803357042e-07,93.59,ASK
1379,1712191140.4797494,1128801.6208986,93.03,-0.0,93.59,ASK
1380,1712191165.8846323,1128964.40333888,92.94,-9.274257944914537e-08,93.59,ASK
1381,1712191165.8876472,1131824.66853376,92.9,-1.6295883734471634e-06,93.59,ASK
1382,1712191170.4984884,1131830.62625454,93.19,3.3943120144202022e-09,93.59,BID
1383,1712191170.50711,1137190.62625454,93.18,3.0537705725023594e-06,93.59,BID
1384,1712191170.5224426,1137190.62625454,93.18,0.0,93.59,BID
1385,1712191200.5644605,1137190.62625454,93.18,0.0,93.59,BID
1386,1712191230.499466,1137190.62625454,93.18,0.0,93.59,BID
1387,1712191260.69759,1137190.62625454,93.18,0.0,93.59,BID
1388,1712191273.0265226,1141830.62625454,92.83,-2.684232024843795e-06,93.59,ASK
1389,1712191273.0300534,1142907.98027307,92.82,-6.232474479811803e-07,93.59,ASK
1390,1712191273.0338097,1147935.04767733,92.81,-2.9081498529230314e-06,93.59,ASK
1391,1712191290.6951218,1147935.04767733,92.81,-0.0,93.59,ASK
1392,1712191310.025916,1153295.04767733,93.14,3.0989628949871214e-06,93.59,BID
1393,1712191314.279071,1158655.04767733,93.15,-3.0989628949871214e-06,93.59,ASK
1394,1712191314.282889,1158722.78223002,93.15,-3.916172863713592e-08,93.59,ASK
1395,1712191319.242183,1158777.78223002,93.15,3.179905955677083e-08,93.59,BID
1396,1712191320.5079026,1158777.78223002,93.15,0.0,93.59,BID
1397,1712191322.935419,1158862.74443871,92.91,-4.909348506962219e-08,93.59,ASK
1398,1712191323.496361,1158947.7066474,93.06,4.909348506975674e-08,93.59,BID
1399,1712191350.4853487,1158947.7066474,93.06,0.0,93.59,BID
1400,1712191380.681184,1158947.7066474,93.06,0.0,93.59,BID
1401,1712191407.2964144,1159015.44120009,93.16,3.9138517498564856e-08,93.59,BID
1402,1712191407.3004577,1160020.80496306,93.19,5.809213417185873e-07,93.59,BID
1403,1712191410.6861951,1160020.80496306,93.19,0.0,93.59,BID
1404,1712191440.5017152,1160020.80496306,93.19,0.0,93.59,BID
1405,1712191470.5168867,1160020.80496306,93.19,0.0,93.59,BID
1406,1712191500.5197089,1160020.80496306,93.19,0.0,93.59,BID
1407,1712191530.4886675,1160020.80496306,93.19,0.0,93.59,BID
1408,1712191560.7111726,1160020.80496306,93.19,0.0,93.59,BID
1409,1712191590.687009,1160020.80496306,93.19,0.0,93.59,BID
1410,1712191606.398327,1160436.78047718,93.19,2.5447827617535904e-07,93.59,BID
1411,1712191620.4855475,1160436.78047718,93.19,0.0,93.59,BID
1412,1712191649.3878243,1163654.62880918,93.23,1.968512688280598e-06,93.59,BID
1413,1712191649.4919286,1163654.62880926,93.23,4.885476254162726e-17,93.59,BID
1414,1712191649.4950445,1166060.990782,93.24,1.472087428368632e-06,93.59,BID
1415,1712191649.49805,1167431.36992749,93.27,8.383268747708131e-07,93.59,BID
1416,1712191649.6887314,1169380.63246949,93.27,1.1924577080151008e-06,93.59,BID
1417,1712191649.7080305,1178882.09454271,93.27,5.8125016217668135e-06,93.59,BID
1418,1712191649.7191598,1181398.30847678,93.29,1.5392891598984351e-06,93.59,BID
1419,1712191650.516944,1181398.30847678,93.29,0.0,93.59,BID
1420,1712191680.712227,1181398.30847678,93.29,0.0,93.59,BID
1421,1712191710.670785,1181398.30847678,93.29,0.0,93.59,BID
1422,1712191740.4679084,1181398.30847678,93.29,0.0,93.59,BID
1423,1712191770.5095062,1181398.30847678,93.29,0.0,93.59,BID
1424,1712191800.5573907,1181398.30847678,93.29,0.0,93.59,BID
1425,1712191815.9091954,1189956.28879342,93.48,5.290007988626524e-06,93.59,BID
1426,1712191815.9124358,1202790.51339235,93.5,7.933314654178074e-06,93.59,BID
1427,1712191830.4451888,1202790.51339235,93.5,0.0,93.59,BID
1428,1712191860.7086372,1202790.51339235,93.5,0.0,93.59,BID
1429,1712191863.5342848,1203854.68451534,93.5,6.569917843087377e-07,93.59,BID
1430,1712191877.4587662,1204924.20323191,93.5,6.602932505597194e-07,93.59,BID
1431,1712191877.8087642,1205993.72194848,93.5,6.602932505597194e-07,93.59,BID
1432,1712191890.6888654,1205993.72194848,93.5,0.0,93.59,BID
1433,1712191920.448695,1205993.72194848,93.5,0.0,93.59,BID
1434,1712191926.3997197,1216688.90911425,93.5,6.601711825557867e-06,93.59,BID
1435,1712191950.536234,1216688.90911425,93.5,0.0,93.59,BID
1436,1712191956.7492146,1216753.08023724,93.5,3.958583619509242e-08,93.59,BID
1437,1712191980.5342577,1216753.08023724,93.5,0.0,93.59,BID
1438,1712191984.1995463,1218782.48130675,93.5,1.2518908385210977e-06,93.59,BID
1439,1712191998.9328773,1225830.40672136,93.5,4.347703068502106e-06,93.59,BID
1440,1712192010.5222845,1225830.40672136,93.5,0.0,93.59,BID
1441,1712192025.5595307,1227969.44415451,93.59,1.318832498721548e-06,93.59,BID
1442,1712192027.5508163,1228845.29757385,93.5,-5.400110982821516e-07,93.59,ASK
1443,1712192027.5594587,1229059.76235451,93.5,-1.3222915979965726e-07,93.59,ASK
1444,1712192040.6927075,1229059.76235451,93.5,-0.0,93.59,ASK
1445,1712192070.714028,1229059.76235451,93.5,-0.0,93.59,ASK
1446,1712192100.513825,1229059.76235451,93.5,-0.0,93.59,ASK
1447,1712192130.5080714,1229059.76235451,93.5,-0.0,93.59,ASK
1448,1712192160.71568,1229059.76235451,93.5,-0.0,93.59,ASK
1449,1712192190.7040632,1229059.76235451,93.5,-0.0,93.59,ASK
1450,1712192220.5005214,1229059.76235451,93.5,-0.0,93.59,ASK
1451,1712192221.8105192,1232561.24410836,93.59,2.180990566595017e-06,93.59,BID
1452,1712192226.2882402,1238114.42650836,93.64,3.4589466061515853e-06,93.64,BID
1453,1712192228.451485,1238114.42650904,93.64,4.2347220448763445e-16,93.64,BID
1454,1712192228.4535143,1245625.95664836,93.66,4.678755317384542e-06,93.66,BID
1455,1712192236.307072,1249869.20347055,93.66,2.6430185679976024e-06,93.66,BID
1456,1712192236.3113368,1286519.1484709,93.66,2.282838807430525e-05,93.66,BID
1457,1712192250.5123827,1286519.1484709,93.66,0.0,93.66,BID
1458,1712192273.5218525,1291159.1484709,93.67,-2.8804917244292084e-06,93.67,ASK
1459,1712192273.5323403,1291857.60672415,93.66,-4.335998315400606e-07,93.67,ASK
1460,1712192280.5770586,1291857.60672415,93.66,-0.0,93.67,ASK
1461,1712192310.5275147,1291857.60672415,93.66,-0.0,93.67,ASK
1462,1712192340.7037623,1291857.60672415,93.66,-0.0,93.67,ASK
1463,1712192370.7053404,1291857.60672415,93.66,-0.0,93.67,ASK
1464,1712192400.806746,1291857.60672415,93.66,-0.0,93.67,ASK
1465,1712192430.7012956,1291857.60672415,93.66,-0.0,93.67,ASK
1466,1712192460.469664,1291857.60672415,93.66,-0.0,93.67,ASK
1467,1712192485.3716338,1295845.96422816,93.51,-2.4828991760065687e-06,93.67,ASK
1468,1712192485.3753543,1297186.96080643,93.52,-8.348196709715388e-07,93.67,ASK
1469,1712192490.501591,1297186.96080643,93.52,-0.0,93.67,ASK
1470,1712192520.706592,1297186.96080643,93.52,-0.0,93.67,ASK
1471,1712192550.7190237,1297186.96080643,93.52,-0.0,93.67,ASK
1472,1712192580.5015678,1297186.96080643,93.52,-0.0,93.67,ASK
1473,1712192605.491254,1309113.77553274,93.66,7.42257780819934e-06,93.67,BID
1474,1712192610.4813335,1309113.77553274,93.66,0.0,93.67,BID
1475,1712192640.6616569,1309113.77553274,93.66,0.0,93.67,BID
1476,1712192670.721022,1309113.77553274,93.66,0.0,93.67,BID
1477,1712192700.4803133,1309113.77553274,93.66,0.0,93.67,BID
1478,1712192730.4772403,1309113.77553274,93.66,0.0,93.67,BID
1479,1712192760.7786517,1309113.77553274,93.66,0.0,93.67,BID
1480,1712192790.7013364,1309113.77553274,93.66,0.0,93.67,BID
1481,1712192820.5291245,1309113.77553274,93.66,0.0,93.67,BID
1482,1712192850.469659,1309113.77553274,93.66,0.0,93.67,BID
1483,1712192880.708941,1309113.77553274,93.66,0.0,93.67,BID
1484,1712192895.889712,1319951.53428423,93.66,6.788768716147681e-06,93.67,BID
1485,1712192895.8971572,1321904.71101638,93.66,1.223469298438082e-06,93.67,BID
1486,1712192910.6804452,1321904.71101638,93.66,0.0,93.67,BID
1487,1712192940.5019336,1321904.71101638,93.66,0.0,93.67,BID
1488,1712192970.4890125,1321904.71101638,93.66,0.0,93.67,BID
1489,1712193000.512473,1321904.71101638,93.66,0.0,93.67,BID
1490,1712193030.503271,1321904.71101638,93.66,0.0,93.67,BID
1491,1712193060.6647496,1321904.71101638,93.66,0.0,93.67,BID
1492,1712193090.7032516,1321904.71101638,93.66,0.0,93.67,BID
1493,1712193120.4787302,1321904.71101638,93.66,0.0,93.67,BID
1494,1712193150.5198786,1321904.71101638,93.66,0.0,93.67,BID
1495,1712193168.9882376,1323254.71101638,93.66,-8.596522116396304e-07,93.67,ASK
1496,1712193180.6983554,1323254.71101638,93.66,-0.0,93.67,ASK
1497,1712193187.5409229,1324597.06496827,93.69,8.547145482250315e-07,93.69,BID
1498,1712193187.5455525,1331676.37805744,93.71,4.50759792544586e-06,93.71,BID
1499,1712193187.550098,1331776.80695744,93.7,6.394590768800369e-08,93.71,BID
1500,1712193187.5545127,1333924.85260883,93.77,1.3677211333937013e-06,93.77,BID
1501,1712193210.6875525,1333924.85260883,93.77,0.0,93.77,BID
1502,1712193240.4376285,1333924.85260883,93.77,0.0,93.77,BID
1503,1712193270.4546232,1333924.85260883,93.77,0.0,93.77,BID
1504,1712193277.0884376,1338478.80354082,93.77,2.8977836509914963e-06,93.77,BID
1505,1712193277.099414,1344030.8001242,93.78,3.532863039138793e-06,93.78,BID
1506,1712193277.1030018,1356828.07003995,93.77,8.143196993776199e-06,93.78,BID
1507,1712193277.106505,1358924.85260883,93.78,1.3342309433116594e-06,93.78,BID
1508,1712193300.5493543,1358924.85260883,93.78,0.0,93.78,BID
1509,1712193324.4781575,1380149.16182169,93.78,1.360933788204168e-05,93.78,BID
1510,1712193324.4826996,1381778.99067962,93.78,1.04507013137718e-06,93.78,BID
1511,1712193330.4829495,1381778.99067962,93.78,0.0,93.78,BID
1512,1712193360.6736448,1381778.99067962,93.78,0.0,93.78,BID
1513,1712193385.7027364,1383068.23678753,93.78,-8.255489405044914e-07,93.78,ASK
1514,1712193390.7012534,1383068.23678753,93.78,-0.0,93.78,ASK
1515,1712193394.1080632,1383174.86933178,93.78,6.82752258129033e-08,93.78,BID
1516,1712193420.5029278,1383174.86933178,93.78,0.0,93.78,BID
1517,1712193450.5270717,1383174.86933178,93.78,0.0,93.78,BID
1518,1712193455.798453,1383510.7431948,93.78,2.1505364216233226e-07,93.78,BID
1519,1712193480.6492796,1383510.7431948,93.78,0.0,93.78,BID
1520,1712193507.7281196,1384645.72257255,93.8,7.266910390104672e-07,93.8,BID
1521,1712193507.7308495,1385643.15202837,93.78,6.38622217988212e-07,93.8,BID
1522,1712193510.6640978,1385643.15202837,93.78,0.0,93.8,BID
1523,1712193540.4946108,1385643.15202837,93.78,0.0,93.8,BID
1524,1712193543.1188018,1386508.17265062,93.8,5.537741588316401e-07,93.8,BID
1525,1712193570.513108,1386508.17265062,93.8,0.0,93.8,BID
1526,1712193600.4845045,1386508.17265062,93.8,0.0,93.8,BID
1527,1712193626.1283383,1386738.48181906,93.8,-1.4780924870333817e-07,93.8,ASK
1528,1712193626.131949,1387006.88737853,93.8,-1.7225898717728245e-07,93.8,ASK
1529,1712193630.488516,1387006.88737853,93.8,-0.0,93.8,ASK
1530,1712193660.5663676,1387006.88737853,93.8,-0.0,93.8,ASK
1531,1712193690.4813168,1387006.88737853,93.8,-0.0,93.8,ASK
1532,1712193720.6812758,1387006.88737853,93.8,-0.0,93.8,ASK
1533,1712193746.383817,1387256.24474248,93.8,-1.6002931347295269e-07,93.8,ASK
1534,1712193750.6921108,1387256.24474248,93.8,-0.0,93.8,ASK
1535,1712193780.489107,1387256.24474248,93.8,-0.0,93.8,ASK
1536,1712193787.3883097,1387447.38373483,93.8,-1.226648457442438e-07,93.8,ASK
1537,1712193810.5081594,1387447.38373483,93.8,-0.0,93.8,ASK
1538,1712193840.6681814,1387447.38373483,93.8,-0.0,93.8,ASK
1539,1712193865.6284518,1387572.06241681,93.81,-8.00125350565852e-08,93.81,ASK
1540,1712193870.6879947,1387572.06241681,93.81,-0.0,93.81,ASK
1541,1712193900.5332215,1387572.06241681,93.81,-0.0,93.81,ASK
1542,1712193909.9281032,1388317.84162423,93.81,-4.78670810605591e-07,93.81,ASK
1543,1712193930.473751,1388317.84162423,93.81,-0.0,93.81,ASK
1544,1712193960.6929886,1388317.84162423,93.81,-0.0,93.81,ASK
1545,1712193983.0181246,1391445.74727423,93.81,-2.007524330267827e-06,93.81,ASK
1546,1712193983.0413043,1391445.74727427,93.81,-2.570252312384561e-17,93.81,ASK
1547,1712193985.0481598,1391508.08661526,93.8,-4.001007631741407e-08,93.81,ASK
1548,1712193985.488189,1391570.42595625,93.8,-4.001007631741407e-08,93.81,ASK
1549,1712193990.693635,1391570.42595625,93.8,-0.0,93.81,ASK
1550,1712194000.4983232,1391932.59499078,93.8,-2.323985681343345e-07,93.81,ASK
1551,1712194000.508191,1414386.75899025,93.78,-1.4408508361019331e-05,93.81,ASK
1552,1712194000.5182245,1414386.75899163,93.78,-8.855176023951102e-16,93.81,ASK
1553,1712194020.496462,1414386.75899163,93.78,-0.0,93.81,ASK
1554,1712194050.54872,1414386.75899163,93.78,-0.0,93.81,ASK
1555,1712194080.6583576,1414386.75899163,93.78,-0.0,93.81,ASK
1556,1712194110.6874423,1414386.75899163,93.78,-0.0,93.81,ASK
1557,1712194119.4787505,1415453.08443415,93.78,-6.833072273366151e-07,93.81,ASK
1558,1712194119.4836097,1426256.99150172,93.78,-6.923203262690033e-06,93.81,ASK
1559,1712194140.520217,1426256.99150172,93.78,-0.0,93.81,ASK
1560,1712194168.079024,1465500.63855064,93.66,-2.5129619640986544e-05,93.81,ASK
1561,1712194168.088169,1479573.26362797,93.66,-9.011387629255468e-06,93.81,ASK
1562,1712194168.2780013,1483877.40953563,93.66,-2.7561543758655624e-06,93.81,ASK
1563,1712194170.4849331,1483877.40953563,93.66,-0.0,93.81,ASK
1564,1712194174.5806086,1485890.28945857,93.44,-1.28450612598768e-06,93.81,ASK
1565,1712194174.5857472,1486050.54586882,93.6,-1.0226657752848309e-07,93.81,ASK
1566,1712194174.5908165,1491170.54586882,93.44,-3.26729443227321e-06,93.81,ASK
1567,1712194174.5952413,1491812.11986368,93.52,-4.094162385346743e-07,93.81,ASK
1568,1712194174.5975246,1493202.34550799,93.51,-8.871633803237334e-07,93.81,ASK
1569,1712194174.5997922,1610218.63404735,93.39,-7.467317734959487e-05,93.81,ASK
1570,1712194200.6372683,1610218.63404735,93.39,-0.0,93.81,ASK
1571,1712194230.505773,1610218.63404735,93.39,-0.0,93.81,ASK
1572,1712194260.7017877,1610218.63404735,93.39,-0.0,93.81,ASK
1573,1712194290.679387,1610218.63404735,93.39,-0.0,93.81,ASK
1574,1712194320.512911,1610218.63404735,93.39,-0.0,93.81,ASK
1575,1712194321.5491185,1613218.63404735,93.41,-1.9028636536344728e-06,93.81,ASK
1576,1712194321.5527463,1618258.63404735,93.42,-3.196810938105914e-06,93.81,ASK
1577,1712194321.5576658,1631330.41369083,93.39,-8.291271457299153e-06,93.81,ASK
1578,1712194328.9786842,1635634.55959849,93.5,2.730067602541785e-06,93.81,BID
1579,1712194328.998451,1636597.12643849,93.5,6.105444846767345e-07,93.81,BID
1580,1712194338.8899243,1645794.348151,93.39,-5.83368630371761e-06,93.81,ASK
1581,1712194338.895244,1647940.73149506,93.18,-1.3614249507260905e-06,93.81,ASK
1582,1712194338.897551,1649551.2103441,93.14,-1.021507222261688e-06,93.81,ASK
1583,1712194338.9029355,1654351.2103441,93.37,-3.0445818458151563e-06,93.81,ASK
1584,1712194338.9051795,1699327.47988478,93.39,-2.85279028616758e-05,93.81,ASK
1585,1712194338.9074602,1704447.47988478,93.27,-3.2475539688695e-06,93.81,ASK
1586,1712194338.909712,1704554.72999203,93.24,-6.80274436447722e-08,93.81,ASK
1587,1712194338.912018,1704930.32118775,93.39,-2.3823294498690945e-07,93.81,ASK
1588,1712194338.91428,1722099.83399462,93.11,-1.0890413956934866e-05,93.81,ASK
1589,1712194350.481787,1722099.83399462,93.11,-0.0,93.81,ASK
1590,1712194380.6904898,1722099.83399462,93.11,-0.0,93.81,ASK
1591,1712194410.6849113,1722099.83399462,93.11,-0.0,93.81,ASK
1592,1712194440.4920058,1722099.83399462,93.11,-0.0,93.81,ASK
1593,1712194470.511786,1722099.83399462,93.11,-0.0,93.81,ASK
1594,1712194473.2993252,1725039.83399462,93.12,-1.8525354431447835e-06,93.81,ASK
1595,1712194500.672128,1726111.1860409,93.13,-6.750740264691395e-07,93.81,ASK
1596,1712194500.6838434,1726111.1860409,93.13,-0.0,93.81,ASK
1597,1712194527.4690847,1731311.1860409,93.14,-3.296003060185081e-06,93.81,ASK
1598,1712194527.4715693,1732487.90193245,93.13,-7.458575345225809e-07,93.81,ASK
1599,1712194527.4738212,1736882.40534292,93.13,-2.7854416709428474e-06,93.81,ASK
1600,1712194530.678758,1736882.40534292,93.13,-0.0,93.81,ASK
1601,1712194560.5443032,1736882.40534292,93.13,-0.0,93.81,ASK
1602,1712194590.4998584,1736882.40534292,93.13,-0.0,93.81,ASK
1603,1712194594.8089533,1758385.46952956,93.13,-1.3620125332476946e-05,93.81,ASK
1604,1712194610.1501691,1763118.45247079,93.13,-2.99788998891038e-06,93.81,ASK
1605,1712194610.1556797,1763389.92681091,93.13,-1.71952913542642e-07,93.81,ASK
1606,1712194620.693935,1763389.92681091,93.13,-0.0,93.81,ASK
1607,1712194639.1614723,1765265.98817357,93.13,-1.1864494460093851e-06,93.81,ASK
1608,1712194639.1668477,1766242.31696128,93.13,-6.174450219790183e-07,93.81,ASK
1609,1712194639.2487545,1771811.25239865,93.13,3.521878599515113e-06,93.81,BID
1610,1712194650.7216623,1771811.25239865,93.13,0.0,93.81,BID
1611,1712194680.4847016,1771811.25239865,93.13,0.0,93.81,BID
1612,1712194681.8189275,1772183.26268378,93.13,-2.351482731548383e-07,93.81,ASK
1613,1712194681.8231106,1775404.91216831,93.12,-2.036409592096857e-06,93.81,ASK
1614,1712194681.8271878,1780880.39530416,93.11,-3.4610613081130302e-06,93.81,ASK
1615,1712194691.2193103,1781599.55146816,93.39,4.54579716886513e-07,93.81,BID
1616,1712194691.223591,1782562.11830816,93.31,6.08439979402738e-07,93.81,BID
1617,1712194691.2276433,1784880.39530416,93.41,1.465386453262909e-06,93.81,BID
1618,1712194710.4835706,1784880.39530416,93.41,0.0,93.81,BID
