,time,acc_trade_volume,trade_price,dev,high,ask_bid
0,1712173460.2315378,35279213.83319336,185.6,0.0,190.2,BID
1,1712173470.1624055,35279213.83319336,185.6,0.0,190.2,BID
2,1712173494.0524323,35279267.88724741,185.3,-7.21590186660953e-09,190.2,ASK
3,1712173499.6725037,35283250.72507567,185.3,-5.316856880311307e-07,190.2,ASK
4,1712173499.673661,35284165.60677985,185.3,-1.2213138704865934e-07,190.2,ASK
5,1712173499.7723017,35287833.00717923,185.3,-4.895766256903876e-07,190.2,ASK
6,1712173499.8145149,35291497.68753106,185.3,-4.892135151610069e-07,190.2,ASK
7,1712173499.8321674,35295162.99326293,185.3,-4.892969997593684e-07,190.2,ASK
8,1712173499.9122078,35297230.86202247,185.3,-2.760484537862687e-07,190.2,ASK
9,1712173499.9322684,35299055.3831063,185.3,-2.435629542589575e-07,190.2,ASK
10,1712173500.1335514,35299055.3831063,185.3,-0.0,190.2,ASK
11,1712173501.45255,35302235.32800717,185.3,-4.2434647549904374e-07,190.2,ASK
12,1712173504.2224956,35303096.7398498,185.3,-1.1495075882379025e-07,190.2,ASK
13,1712173504.4922173,35303853.94488763,185.3,-1.0104492343445888e-07,190.2,ASK
14,1712173504.592548,35304488.89481578,185.3,-8.47306392179634e-08,190.2,ASK
15,1712173506.4945085,35305269.4923531,185.3,-1.041665261724445e-07,190.2,ASK
16,1712173511.0523517,35306499.38962478,185.3,-1.6412314953089524e-07,190.2,ASK
17,1712173511.7325287,35307434.2380603,185.3,-1.2475047559176626e-07,190.2,ASK
18,1712173511.734097,35308355.42590432,185.3,-1.2292754342178086e-07,190.2,ASK
19,1712173511.7965662,35309282.17290783,185.3,-1.236693832372342e-07,190.2,ASK
20,1712173511.8127482,35310182.76895159,185.3,-1.2017967887196248e-07,190.2,ASK
21,1712173511.814389,35310215.45858711,185.2,-4.362255338321763e-09,190.2,ASK
22,1712173525.6025262,35311406.76528257,185.2,-1.5897344552072134e-07,190.2,ASK
23,1712173530.1142485,35311406.76528257,185.2,-0.0,190.2,ASK
24,1712173552.4125726,35318026.74528257,185.0,-8.83130875484892e-07,190.2,ASK
25,1712173560.1775377,35318026.74528257,185.0,-0.0,190.2,ASK
26,1712173560.6024947,35319617.44296898,185.0,-2.121705448881671e-07,190.2,ASK
27,1712173561.7823267,35320800.0588235,185.0,-1.577397467735161e-07,190.2,ASK
28,1712173582.7522066,35321315.7885811,185.0,-6.878910092073433e-08,190.2,ASK
29,1712173589.6429358,35321412.87595974,185.4,1.2949715211716488e-08,190.2,BID
30,1712173590.162893,35321412.87595974,185.4,0.0,190.2,BID
31,1712173604.1954908,35323451.01629662,185.0,-2.7182865625698764e-07,190.2,ASK
32,1712173604.2122726,35325477.69610265,185.0,-2.703001546892363e-07,190.2,ASK
33,1712173605.011051,35325574.78348129,185.4,1.2948633221489113e-08,190.2,BID
34,1712173618.4243271,35329652.71222238,185.0,-5.438771167739623e-07,190.2,ASK
35,1712173618.4426775,35331726.4187909,185.0,-2.765721573689578e-07,190.2,ASK
36,1712173618.5233264,35336020.72359895,185.0,-5.727353923616455e-07,190.2,ASK
37,1712173618.5246909,35345470.7878813,185.0,-1.26036378797523e-06,190.2,ASK
38,1712173618.583094,35357584.33863138,185.0,-1.6155954343836386e-06,190.2,ASK
39,1712173618.603427,35369690.97062202,185.0,-1.6146726730574115e-06,190.2,ASK
40,1712173618.6245012,35371176.48307325,185.0,-1.9812416552714042e-07,190.2,ASK
41,1712173618.625898,35372830.96523541,185.0,-2.20659811694125e-07,190.2,ASK
42,1712173618.6273706,35372971.99473392,185.0,-1.880923427054016e-08,190.2,ASK
43,1712173620.104323,35372971.99473392,185.0,-0.0,190.2,ASK
44,1712173641.2025492,35373451.48685703,185.0,-6.38690552772732e-08,190.2,ASK
45,1712173641.2079718,35374298.53343662,185.0,-1.128278488999845e-07,190.2,ASK
46,1712173641.3047476,35375074.98533804,185.0,-1.0342453404845005e-07,190.2,ASK
47,1712173650.1133437,35375074.98533804,185.0,-0.0,190.2,ASK
48,1712173680.1647284,35375074.98533804,185.0,-0.0,190.2,ASK
49,1712173691.1791892,35375098.17430894,185.0,-3.08864493254083e-09,190.2,ASK
50,1712173691.1809058,35377179.97993263,185.0,-2.772851981042885e-07,190.2,ASK
51,1712173691.512112,35377220.52047318,185.0,-5.399779734841306e-09,190.2,ASK
52,1712173710.1619754,35377220.52047318,185.0,-0.0,190.2,ASK
53,1712173711.8621523,35377773.50860694,185.4,7.365112109736603e-08,190.2,BID
54,1712173736.5928023,35378209.77909549,185.0,-5.810578676476511e-08,190.2,ASK
55,1712173736.5942788,35378873.82225904,185.0,-8.844226569523171e-08,190.2,ASK
56,1712173736.6323211,35379976.911999,185.0,-1.4691779273299265e-07,190.2,ASK
57,1712173740.1033304,35379976.911999,185.0,-0.0,190.2,ASK
58,1712173770.1025257,35379976.911999,185.0,-0.0,190.2,ASK
59,1712173800.1245744,35379976.911999,185.0,-0.0,190.2,ASK
60,1712173830.1021495,35379976.911999,185.0,-0.0,190.2,ASK
61,1712173860.16189,35379976.911999,185.0,-0.0,190.2,ASK
62,1712173886.881749,35380073.99937764,185.4,1.2931819923762022e-08,190.2,BID
63,1712173890.1631458,35380073.99937764,185.4,0.0,190.2,BID
64,1712173896.312182,35380171.08675628,185.4,1.2931788920022158e-08,190.2,BID
65,1712173920.1034763,35380171.08675628,185.4,0.0,190.2,BID
66,1712173950.1047711,35380171.08675628,185.4,0.0,190.2,BID
67,1712173980.1631153,35380171.08675628,185.4,0.0,190.2,BID
68,1712174010.1577923,35380171.08675628,185.4,0.0,190.2,BID
69,1712174040.105103,35380171.08675628,185.4,0.0,190.2,BID
70,1712174048.3318734,35380268.0695149,185.6,1.2917822830882312e-08,190.2,BID
71,1712174057.7916486,35380365.05227352,185.6,1.2917822830882312e-08,190.2,BID
72,1712174070.111556,35380365.05227352,185.6,0.0,190.2,BID
73,1712174072.0216212,35381436.72392206,185.1,-1.427428782649409e-07,190.2,ASK
74,1712174100.1622474,35381436.72392206,185.1,-0.0,190.2,ASK
75,1712174130.1617692,35381436.72392206,185.1,-0.0,190.2,ASK
76,1712174160.1337087,35381436.72392206,185.1,-0.0,190.2,ASK
77,1712174190.1139636,35381436.72392206,185.1,-0.0,190.2,ASK
78,1712174220.1432114,35381436.72392206,185.1,-0.0,190.2,ASK
79,1712174234.73199,35381476.72392206,185.4,5.3284985477233184e-09,190.2,BID
80,1712174250.1223438,35381476.72392206,185.4,0.0,190.2,BID
81,1712174280.1725314,35381476.72392206,185.4,0.0,190.2,BID
82,1712174295.2826908,35381509.72392206,185.4,-4.3960069590405024e-09,190.2,ASK
83,1712174310.1545358,35381509.72392206,185.4,-0.0,190.2,ASK
84,1712174329.0425556,35384666.76768806,185.6,4.20556819823629e-07,190.2,BID
85,1712174329.0437489,35384666.76768903,185.6,1.2902609301955746e-16,190.2,BID
86,1712174340.102797,35384666.76768903,185.6,0.0,190.2,BID
87,1712174364.7546318,35384903.45485192,185.4,-3.1527162384160286e-08,190.2,ASK
88,1712174364.756402,35390462.76768903,185.4,-7.405106234704182e-07,190.2,ASK
89,1712174370.1080935,35390462.76768903,185.4,-0.0,190.2,ASK
90,1712174400.1480618,35390462.76768903,185.4,-0.0,190.2,ASK
91,1712174403.5028512,35393156.83844303,185.5,-3.59565263296178e-07,190.2,ASK
92,1712174403.943174,35393479.94022008,185.7,4.312291181015428e-08,190.2,BID
93,1712174425.782751,35393479.94022046,185.5,-5.071413528132898e-17,190.2,ASK
94,1712174426.1832948,35395187.94022046,185.4,-2.279589237946158e-07,190.2,ASK
95,1712174430.1150682,35395187.94022046,185.4,-0.0,190.2,ASK
96,1712174434.1731312,35395704.94022046,185.4,-6.899354779884724e-08,190.2,ASK
97,1712174442.0030022,35396204.94022046,185.4,-6.672490115942675e-08,190.2,ASK
98,1712174457.4360466,35398455.59839269,185.4,-3.0034988817106426e-07,190.2,ASK
99,1712174457.438164,35402256.59839269,185.4,-5.072426986139621e-07,190.2,ASK
100,1712174460.1561406,35402256.59839269,185.4,-0.0,190.2,ASK
101,1712174461.0873134,35403294.68928387,185.4,-1.385088004317457e-07,190.2,ASK
102,1712174461.1231573,35404522.42448821,185.4,-1.6381237119528848e-07,190.2,ASK
103,1712174461.1442134,35405578.812295,185.4,-1.4095009324499326e-07,190.2,ASK
104,1712174461.3427546,35407042.512295,185.4,-1.9529632030720945e-07,190.2,ASK
105,1712174490.174234,35407042.512295,185.4,-0.0,190.2,ASK
106,1712174512.153144,35416205.53596542,185.4,-1.222445153072727e-06,190.2,ASK
107,1712174512.2953095,35425307.56623355,185.4,-1.2143079822350808e-06,190.2,ASK
108,1712174512.3332148,35432148.7543326,185.4,-9.12687507284147e-07,190.2,ASK
109,1712174512.3935027,35438190.31454624,185.4,-8.060086130742351e-07,190.2,ASK
110,1712174512.395035,35438912.29047017,185.4,-9.631929378150797e-08,190.2,ASK
111,1712174512.4133997,35439666.41164697,185.4,-1.0060781359614052e-07,190.2,ASK
112,1712174512.4329913,35442467.71805866,185.4,-3.737241732003782e-07,190.2,ASK
113,1712174520.1050656,35442467.71805866,185.4,-0.0,190.2,ASK
114,1712174524.2330468,35443203.98893881,185.4,-9.814040102134261e-08,190.2,ASK
115,1712174541.5129802,35445469.46508777,185.2,-3.019741018670696e-07,190.2,ASK
116,1712174541.5362809,35446835.00769667,185.2,-1.820184701891969e-07,190.2,ASK
117,1712174541.5933623,35447252.14317957,185.2,-5.5601606250954015e-08,190.2,ASK
118,1712174541.5953465,35448607.80430974,185.2,-1.807013295663397e-07,190.2,ASK
119,1712174544.992992,35454133.60966633,185.1,-7.365560261638245e-07,190.2,ASK
120,1712174545.0730324,35459401.97502557,185.1,-7.022408505126415e-07,190.2,ASK
121,1712174545.0741696,35459612.85620489,185.1,-2.8109170230867666e-08,190.2,ASK
122,1712174545.193123,35462345.54505989,185.1,-3.642506953994924e-07,190.2,ASK
123,1712174545.4732862,35464367.48789785,185.1,-2.6951260237249624e-07,190.2,ASK
124,1712174550.1039884,35464367.48789785,185.1,-0.0,190.2,ASK
125,1712174550.2252295,35469727.75276604,185.1,-7.141045704651391e-07,190.2,ASK
126,1712174552.7023563,35469756.56476604,185.1,-3.838388846343776e-09,190.2,ASK
127,1712174552.7041135,35471642.13640891,185.1,-2.511994017500355e-07,190.2,ASK
128,1712174553.3231108,35472410.51432874,185.1,-1.0236475209487345e-07,190.2,ASK
129,1712174554.6032891,35482317.99677714,185.1,-1.3198934515694544e-06,190.2,ASK
130,1712174564.1934676,35487723.40218254,185.0,-7.201182777589816e-07,190.2,ASK
131,1712174564.1960957,35494411.03581288,185.0,-8.90939134250154e-07,190.2,ASK
132,1712174570.3833823,35497878.26443988,185.0,-4.619107208830697e-07,190.2,ASK
133,1712174570.483403,35500467.18864898,185.0,-3.449013539001518e-07,190.2,ASK
134,1712174576.223532,35507990.29407443,185.0,-1.0022422586404667e-06,190.2,ASK
135,1712174576.2256334,35508098.40218253,185.0,-1.44023655535518e-08,190.2,ASK
136,1712174580.1670952,35508098.40218253,185.0,-0.0,190.2,ASK
137,1712174587.8333955,35509827.87277315,185.0,-2.301552108892569e-07,190.2,ASK
138,1712174590.4831223,35515745.68694846,185.0,-7.87533350904719e-07,190.2,ASK
139,1712174590.6065006,35520182.18069589,185.0,-5.904015712006973e-07,190.2,ASK
140,1712174590.7532294,35530354.09188848,185.0,-1.3536618537329737e-06,190.2,ASK
141,1712174590.7931845,35533680.06262492,185.0,-4.426149252882541e-07,190.2,ASK
142,1712174591.3155713,35535204.14985583,185.0,-2.028231182112689e-07,190.2,ASK
143,1712174591.3933525,35544431.45005583,185.0,-1.2279545168251334e-06,190.2,ASK
144,1712174591.4134898,35546025.64396704,185.0,-2.121528043451967e-07,190.2,ASK
145,1712174591.4155552,35546154.47196704,184.9,-1.7144226487344318e-08,190.2,ASK
146,1712174591.417565,35546924.87886903,184.8,-1.0252453204960174e-07,190.2,ASK
147,1712174591.453032,35549427.8175665,184.8,-3.330871232408031e-07,190.2,ASK
148,1712174610.1632354,35549427.8175665,184.8,-0.0,190.2,ASK
149,1712174614.6634014,35549878.52229622,184.8,-5.99181106571486e-08,190.2,ASK
150,1712174614.666058,35551605.17669676,184.8,-2.295468909376785e-07,190.2,ASK
151,1712174640.1079445,35551605.17669676,184.8,-0.0,190.2,ASK
152,1712174644.7431755,35552236.72304929,184.8,-8.39552762859684e-08,190.2,ASK
153,1712174644.753087,35552269.19058175,184.8,-4.316105455679126e-09,190.2,ASK
154,1712174647.5932622,35552559.22413153,184.8,3.8555913919826575e-08,190.2,BID
155,1712174670.1046429,35552559.22413153,184.8,0.0,190.2,BID
156,1712174681.313821,35554479.22413153,184.8,2.552312302893375e-07,190.2,BID
157,1712174681.3169675,35607926.29501897,184.8,7.104875863522124e-06,190.2,BID
158,1712174681.516654,35608630.50706277,184.8,-9.361297204349217e-08,190.2,ASK
159,1712174681.9335008,35609630.50706277,184.8,-1.3293293244236328e-07,190.2,ASK
160,1712174681.9623597,35611753.20152679,184.8,-2.821759997814065e-07,190.2,ASK
161,1712174682.0412838,35613605.23544336,184.8,-2.46196299512398e-07,190.2,ASK
162,1712174682.0430927,35614905.85961228,184.8,-1.728957847796198e-07,190.2,ASK
163,1712174682.044555,35617022.24739992,184.8,-2.813376347962034e-07,190.2,ASK
164,1712174682.045574,35617587.76932,184.6,-7.517648719732866e-08,190.2,ASK
165,1712174682.2582362,35618927.0564804,184.6,-1.780353696139226e-07,190.2,ASK
166,1712174683.4433172,35619198.20615502,184.4,-3.604472137759776e-08,190.2,ASK
167,1712174683.4447544,35619728.66944326,184.4,-7.05160404587797e-08,190.2,ASK
168,1712174690.7434125,35623568.1842908,184.5,5.103979678394011e-07,190.2,BID
169,1712174700.1673412,35623568.1842908,184.5,0.0,190.2,BID
170,1712174724.2836442,35638834.81055075,184.3,-2.0295451033868955e-06,190.2,ASK
171,1712174724.2855418,35645128.52572246,184.3,-8.366864159347445e-07,190.2,ASK
172,1712174724.2874272,35645156.52572246,184.3,-3.7223196485723635e-09,190.2,ASK
173,1712174727.9177792,35645863.1220398,184.3,-9.393490555915224e-08,190.2,ASK
174,1712174730.1633315,35645863.1220398,184.3,-0.0,190.2,ASK
175,1712174737.383436,35646411.62416088,184.5,-7.28780558401693e-08,190.2,ASK
176,1712174738.8755145,35646541.78703863,184.7,1.7294404358216823e-08,190.2,BID
177,1712174758.383427,35648446.53953304,184.6,-2.530795293498226e-07,190.2,ASK
178,1712174758.3856418,35650132.78206117,184.6,-2.2404667621656122e-07,190.2,ASK
179,1712174758.5833397,35651182.11546467,184.6,-1.3942221084870873e-07,190.2,ASK
180,1712174759.163242,35652182.11546467,184.6,-1.328674093314454e-07,190.2,ASK
181,1712174759.266265,35653929.81235059,184.6,-2.322119575289661e-07,190.2,ASK
182,1712174759.4715405,35655354.15349278,184.6,-1.8924851756631725e-07,190.2,ASK
183,1712174759.9632576,35657212.11497302,184.6,-2.4686252851776984e-07,190.2,ASK
184,1712174759.985949,35659056.58090945,184.6,-2.450694105735258e-07,190.2,ASK
185,1712174760.1241426,35659056.58090945,184.6,-0.0,190.2,ASK
186,1712174760.3093688,35660580.43897155,184.6,-2.024055755323067e-07,190.2,ASK
187,1712174760.3329349,35662112.90706222,184.6,-2.035491976529557e-07,190.2,ASK
188,1712174761.1934142,35663611.34561379,184.6,-1.9902924358596065e-07,190.2,ASK
189,1712174761.478069,35664737.84243355,184.6,-1.496262957880774e-07,190.2,ASK
190,1712174762.4333577,35665584.84362281,184.6,-1.1250244852414873e-07,190.2,ASK
191,1712174762.4733093,35666424.83587402,184.6,-1.1157149033616265e-07,190.2,ASK
192,1712174769.303372,35668073.50222112,184.6,-2.1898316460446122e-07,190.2,ASK
193,1712174779.8535,35670788.51524548,184.6,3.6062005211787537e-07,190.2,BID
194,1712174782.043349,35670838.51524548,184.6,6.641221402665109e-09,190.2,BID
195,1712174790.1089551,35670838.51524548,184.6,0.0,190.2,BID
196,1712174820.1738522,35670838.51524548,184.6,0.0,190.2,BID
197,1712174823.6238315,35684917.02165275,184.6,1.869429509683252e-06,190.2,BID
198,1712174823.6331646,35704948.02165275,184.6,2.659837728889522e-06,190.2,BID
199,1712174823.7435558,35709506.32505695,184.6,-6.052791859721923e-07,190.2,ASK
200,1712174823.7458394,35714083.45704206,184.6,-6.077793591987727e-07,190.2,ASK
201,1712174823.7633486,35718019.05311517,184.6,-5.225923279375269e-07,190.2,ASK
202,1712174823.783342,35718730.60030519,184.6,-9.448355358768962e-08,190.2,ASK
203,1712174823.807897,35719852.399049,184.4,-1.4895924432120928e-07,190.2,ASK
204,1712174823.8098888,35720663.12201529,184.6,-1.0765271496271069e-07,190.2,ASK
205,1712174823.814421,35724226.12601529,184.6,-4.731172915673719e-07,190.2,ASK
206,1712174823.816433,35724677.62389421,184.5,-5.995262806928578e-08,190.2,ASK
207,1712174823.8255951,35725515.8251504,184.4,-1.1130144903526137e-07,190.2,ASK
208,1712174823.888897,35728100.87922351,184.4,3.4325916603654853e-07,190.2,BID
209,1712174823.890079,35734954.91999809,184.4,9.101211246350848e-07,190.2,BID
210,1712174850.1659014,35734954.91999809,184.4,0.0,190.2,BID
211,1712174880.123451,35734954.91999809,184.4,0.0,190.2,BID
212,1712174910.1036997,35734954.91999809,184.4,0.0,190.2,BID
213,1712174914.3139927,35735198.45818609,184.4,3.2287743626263225e-08,190.2,BID
214,1712174917.6104991,35740198.45818556,184.4,6.62888721633443e-07,190.2,BID
215,1712174917.6143208,35740198.45818609,184.4,7.013246303938905e-17,190.2,BID
216,1712174917.6232522,35740198.45818662,184.4,7.013246303938905e-17,190.2,BID
217,1712174940.170811,35740198.45818662,184.4,0.0,190.2,BID
218,1712174970.1635125,35740198.45818662,184.4,0.0,190.2,BID
219,1712175000.1372428,35740198.45818662,184.4,0.0,190.2,BID
220,1712175004.7334418,35740242.10236075,184.4,-5.786096434352078e-09,190.2,ASK
221,1712175030.1049862,35740242.10236075,184.4,-0.0,190.2,ASK
222,1712175060.1652508,35740242.10236075,184.4,-0.0,190.2,ASK
223,1712175084.1135504,35740301.69472544,184.5,-7.900408424346821e-09,190.2,ASK
224,1712175090.1678145,35740301.69472544,184.5,-0.0,190.2,ASK
225,1712175120.113737,35740301.69472544,184.5,-0.0,190.2,ASK
226,1712175145.4433916,35741415.14512544,184.8,1.4761455001091338e-07,190.2,BID
227,1712175150.1137562,35741415.14512544,184.8,0.0,190.2,BID
228,1712175156.2438765,35742415.14512544,184.6,-1.3257036264769398e-07,190.2,ASK
229,1712175158.9941893,35744455.14512544,185.0,2.704435398012957e-07,190.2,BID
230,1712175160.4049048,35746475.40443519,185.0,-2.678265093354503e-07,190.2,ASK
231,1712175160.4086032,35748926.86162544,185.0,-3.24990568727116e-07,190.2,ASK
232,1712175160.784214,35750950.8616176,184.8,-2.683224129598447e-07,190.2,ASK
233,1712175160.7868843,35750950.86162544,185.0,-1.0390879325969077e-15,190.2,ASK
234,1712175160.7897377,35752950.86162544,184.8,-2.65140725295388e-07,190.2,ASK
235,1712175164.293606,35753950.86162544,184.8,-1.3257036264769398e-07,190.2,ASK
236,1712175172.2526302,35754950.86162544,184.8,-1.3257036264769398e-07,190.2,ASK
237,1712175180.167832,35754950.86162544,184.8,-0.0,190.2,ASK
238,1712175180.4880896,35755491.69450807,184.9,-7.167463277063927e-08,190.2,ASK
239,1712175180.4895234,35755950.86162544,184.8,-6.085176322507102e-08,190.2,ASK
240,1712175203.173371,35756950.86162544,184.8,-1.325263959957103e-07,190.2,ASK
241,1712175210.1655464,35756950.86162544,184.8,-0.0,190.2,ASK
242,1712175240.1337135,35756950.86162544,184.8,-0.0,190.2,ASK
243,1712175270.1133535,35756950.86162544,184.8,-0.0,190.2,ASK
244,1712175300.1437025,35756950.86162544,184.8,-0.0,190.2,ASK
245,1712175330.1373885,35756950.86162544,184.8,-0.0,190.2,ASK
246,1712175337.3834877,35756981.74699666,184.9,-4.096007413875626e-09,190.2,ASK
247,1712175343.6538324,35757150.86162544,184.9,-2.2427924477952584e-08,190.2,ASK
248,1712175343.6573377,35757521.81730498,184.9,-4.919601589448078e-08,190.2,ASK
249,1712175351.3239577,35757575.92985909,184.8,-7.176388498610345e-09,190.2,ASK
250,1712175351.327554,35802937.89793268,184.8,-6.015888758316146e-06,190.2,ASK
251,1712175360.1735692,35802937.89793268,184.8,-0.0,190.2,ASK
252,1712175361.6436255,35817042.89793268,184.5,-1.868494385675986e-06,190.2,ASK
253,1712175361.8435285,35827055.5996106,184.5,1.3263861659439289e-06,190.2,BID
254,1712175367.9946144,35829720.65190829,184.5,3.530404293356075e-07,190.2,BID
255,1712175372.329039,35830615.9617811,184.5,1.1860201848836777e-07,190.2,BID
256,1712175386.2236574,35830887.11145572,184.4,-3.5919294201573685e-08,190.2,ASK
257,1712175386.2263937,35831429.41080496,184.4,-7.18385884011734e-08,190.2,ASK
258,1712175390.1690557,35831429.41080496,184.4,-0.0,190.2,ASK
259,1712175396.9309611,35836852.63516673,184.3,-7.179165504520682e-07,190.2,ASK
260,1712175396.9345038,35861852.63516673,184.3,-3.309454406463916e-06,190.2,ASK
261,1712175396.9834435,35888205.42332973,184.3,3.488534036346854e-06,190.2,BID
262,1712175396.9868598,35904020.62043473,184.3,2.093586949929232e-06,190.2,BID
263,1712175397.003271,35916442.94809288,184.3,1.6444450802716764e-06,190.2,BID
264,1712175408.9734995,35918362.94809288,184.6,2.541660984164288e-07,190.2,BID
265,1712175409.201677,35920322.94809288,184.7,2.59461225466771e-07,190.2,BID
266,1712175420.1135433,35920322.94809288,184.7,0.0,190.2,BID
267,1712175438.3535497,35920375.39697986,184.3,-6.928061441180697e-09,190.2,ASK
268,1712175450.1136613,35920375.39697986,184.3,-0.0,190.2,ASK
269,1712175480.163311,35920375.39697986,184.3,-0.0,190.2,ASK
270,1712175510.165136,35920375.39697986,184.3,-0.0,190.2,ASK
271,1712175539.0135272,35920407.16950453,184.3,-4.196880709097104e-09,190.2,ASK
272,1712175540.1047204,35920407.16950453,184.3,-0.0,190.2,ASK
273,1712175570.1134374,35920407.16950453,184.3,-0.0,190.2,ASK
274,1712175600.1316,35920407.16950453,184.3,-0.0,190.2,ASK
275,1712175630.1036737,35920407.16950453,184.3,-0.0,190.2,ASK
276,1712175660.173715,35920407.16950453,184.3,-0.0,190.2,ASK
277,1712175690.1779716,35920407.16950453,184.3,-0.0,190.2,ASK
278,1712175706.1735473,35920939.22118681,184.7,7.027945489532184e-08,190.2,BID
279,1712175706.1772604,35921489.46511904,184.7,7.26824947740671e-08,190.2,BID
280,1712175720.1139512,35921489.46511904,184.7,0.0,190.2,BID
281,1712175721.613881,35921518.39991904,184.4,-3.821937502104975e-09,190.2,ASK
282,1712175721.6157088,35921789.69671773,184.4,-3.5835029416295513e-08,190.2,ASK
283,1712175721.6188712,35925883.09822919,184.3,-5.406888849539537e-07,190.2,ASK
284,1712175721.6227107,35925933.45787321,184.5,-6.6519005513134995e-09,190.2,ASK
285,1712175721.6252024,35926489.46511904,184.4,-7.344183973477862e-08,190.2,ASK
286,1712175744.5037212,35926521.21674593,184.4,-4.194006302247854e-09,190.2,ASK
287,1712175744.6031497,35931912.45861093,184.4,7.121179157098421e-07,190.2,BID
288,1712175744.6231046,35931912.45861145,184.4,6.888921775086408e-17,190.2,BID
289,1712175750.1132772,35931912.45861145,184.4,0.0,190.2,BID
290,1712175753.186531,35932256.78505333,184.6,4.5469821837590736e-08,190.2,BID
291,1712175753.190302,35951272.09556945,184.6,2.5110554293831583e-06,190.2,BID
292,1712175753.2630994,35951272.09556981,184.6,4.8210215729112417e-17,190.2,BID
293,1712175780.1613245,35951272.09556981,184.6,0.0,190.2,BID
294,1712175808.063904,35951301.41930273,184.4,-3.870501346051831e-09,190.2,ASK
295,1712175808.0669878,35953115.53158876,184.4,-2.394485062366082e-07,190.2,ASK
296,1712175810.1645832,35953115.53158876,184.4,-0.0,190.2,ASK
297,1712175840.1149516,35953115.53158876,184.4,-0.0,190.2,ASK
298,1712175870.105181,35953115.53158876,184.4,-0.0,190.2,ASK
299,1712175871.5731423,35958256.91976356,184.5,-6.785922202673308e-07,190.2,ASK
300,1712175900.164566,35958256.91976356,184.5,-0.0,190.2,ASK
301,1712175912.7665546,35958902.80145256,184.8,8.528620965907246e-08,190.2,BID
302,1712175914.953246,35958902.80145305,184.8,6.394834584995474e-17,190.2,BID
303,1712175915.0930526,35963016.25995355,184.9,5.431664809054858e-07,190.2,BID
304,1712175930.16843,35963016.25995355,184.9,0.0,190.2,BID
305,1712175941.0333574,35977121.25995355,184.7,-1.8622949821117672e-06,190.2,ASK
306,1712175941.036621,35979081.25995355,184.7,-2.587804441644143e-07,190.2,ASK
307,1712175941.040194,35979835.65562156,184.6,-9.960349287891513e-08,190.2,ASK
308,1712175960.1033905,35979835.65562156,184.6,-0.0,190.2,ASK
309,1712175990.1154916,35979835.65562156,184.6,-0.0,190.2,ASK
310,1712176020.1658163,35979835.65562156,184.6,-0.0,190.2,ASK
311,1712176050.1630518,35979835.65562156,184.6,-0.0,190.2,ASK
312,1712176080.1055732,35979835.65562156,184.6,-0.0,190.2,ASK
313,1712176110.1054933,35979835.65562156,184.6,-0.0,190.2,ASK
314,1712176125.4631212,35979889.82680249,184.6,-7.149334165306505e-09,190.2,ASK
315,1712176125.6031325,35980330.70512649,184.6,5.8185670132139095e-08,190.2,BID
316,1712176125.6228812,35980330.70512651,184.6,2.949909314962318e-18,190.2,BID
317,1712176140.163099,35980330.70512651,184.6,0.0,190.2,BID
318,1712176146.1933355,35980601.12156782,184.9,3.56882414691635e-08,190.2,BID
319,1712176167.4636495,35983736.88975106,184.8,4.138433727290711e-07,190.2,BID
320,1712176167.4732916,35984422.94770525,184.8,9.054257874195205e-08,190.2,BID
321,1712176170.1698265,35984422.94770525,184.8,0.0,190.2,BID
322,1712176170.6939335,35988244.77384268,184.8,5.043356140976466e-07,190.2,BID
323,1712176200.2046056,35988244.77384268,184.8,0.0,190.2,BID
324,1712176224.224965,35991978.56619459,184.7,4.951155229681906e-07,190.2,BID
325,1712176230.1648583,35991978.56619459,184.7,0.0,190.2,BID
326,1712176235.4658432,35998763.03959459,184.7,8.995655421552238e-07,190.2,BID
327,1712176235.4694493,36001813.72064268,184.7,4.044952922896042e-07,190.2,BID
328,1712176235.5855525,36002362.01434268,184.7,-7.269924877329569e-08,190.2,ASK
329,1712176235.604934,36003166.57574268,184.7,-1.0667824447279449e-07,190.2,ASK
330,1712176235.649598,36004804.58391742,184.7,-2.1718645278549745e-07,190.2,ASK
331,1712176236.0854907,36006017.71482893,184.7,-1.608512115503058e-07,190.2,ASK
332,1712176237.5563536,36007585.32889087,184.7,-2.0785277063882334e-07,190.2,ASK
333,1712176239.3351934,36011078.29007114,184.7,-4.631380112500009e-07,190.2,ASK
334,1712176239.3450613,36012078.29007087,184.7,-1.3259180025871773e-07,190.2,ASK
335,1712176240.725395,36012078.29007114,184.7,-3.5563892205015856e-17,190.2,ASK
336,1712176240.8653443,36012607.29007087,184.7,7.01410623201111e-08,190.2,BID
337,1712176240.8690383,36013634.66957087,184.7,1.362220974906602e-07,190.2,BID
338,1712176240.985167,36013726.87387087,184.7,-1.2225534132041576e-08,190.2,ASK
339,1712176241.0053475,36013789.70937087,184.7,-8.331472066656346e-09,190.2,ASK
340,1712176241.0081024,36028252.03702887,184.7,-1.9175860606206726e-06,190.2,ASK
341,1712176241.0253117,36031178.01394769,184.7,-3.879605472854037e-07,190.2,ASK
342,1712176254.3156414,36036012.23576966,184.6,-6.409781743970686e-07,190.2,ASK
343,1712176260.1108472,36036012.23576966,184.6,-0.0,190.2,ASK
344,1712176269.331103,36039133.19656904,184.6,-4.133680731431402e-07,190.2,ASK
345,1712176273.3362088,36041255.96983881,184.6,-2.8115915343109494e-07,190.2,ASK
346,1712176274.4333076,36042612.09336929,184.6,-1.7961717777699308e-07,190.2,ASK
347,1712176275.198838,36044036.40369726,184.6,-1.8864844952470094e-07,190.2,ASK
348,1712176275.5260603,36045925.05528963,184.6,-2.5014997616538775e-07,190.2,ASK
349,1712176277.375975,36047043.84713232,184.6,-1.4818283791014457e-07,190.2,ASK
350,1712176280.4462245,36047098.0183124,184.6,-7.174917524051299e-09,190.2,ASK
351,1712176280.450709,36050331.90900432,184.6,-4.283255221725446e-07,190.2,ASK
352,1712176283.5143926,36050331.90900517,184.6,-1.1249768488489206e-16,190.2,ASK
353,1712176283.5164003,36071584.10877632,184.6,-2.8148321732191404e-06,190.2,ASK
354,1712176284.9960012,36078995.22292632,184.6,-9.81594506613101e-07,190.2,ASK
355,1712176285.0061052,36078995.22292716,184.6,-1.1151086308765614e-16,190.2,ASK
356,1712176285.1267412,36079195.22292716,184.5,-2.6489795913175724e-08,190.2,ASK
357,1712176285.1292148,36098294.94680316,184.5,-2.529738937366174e-06,190.2,ASK
358,1712176290.1331174,36098294.94680316,184.5,-0.0,190.2,ASK
359,1712176305.1166134,36098294.94680371,184.5,-7.291379723703481e-17,190.2,ASK
360,1712176305.1211538,36101285.34452361,184.5,-3.9547299444365467e-07,190.2,ASK
361,1712176311.0366762,36102516.71953377,184.6,1.6284641982966918e-07,190.2,BID
362,1712176311.0396757,36116109.91079999,184.6,1.7976672528630994e-06,190.2,BID
363,1712176320.0701923,36121527.02889316,184.7,7.164009988726459e-07,190.2,BID
364,1712176320.1666243,36121527.02889316,184.7,0.0,190.2,BID
365,1712176325.933475,36122729.07629353,184.5,-1.5887779843553654e-07,190.2,ASK
366,1712176326.0268185,36126103.56662196,184.5,-4.460153518555222e-07,190.2,ASK
367,1712176326.1433518,36140042.18401878,184.5,-1.8423040926344344e-06,190.2,ASK
368,1712176326.145006,36145873.63081469,184.5,-7.707578156582592e-07,190.2,ASK
369,1712176326.170144,36165693.57481679,184.5,-2.6196546552161264e-06,190.2,ASK
370,1712176326.2468295,36180516.32293146,184.5,-1.959161998518165e-06,190.2,ASK
371,1712176343.0671637,36186537.11205761,184.5,-7.95783694480557e-07,190.2,ASK
372,1712176344.099419,36188181.91631595,184.5,-2.173981486435753e-07,190.2,ASK
373,1712176344.3780017,36192279.62956372,184.5,-5.416056465203287e-07,190.2,ASK
374,1712176349.9781752,36194692.64322664,184.5,-3.189344265803679e-07,190.2,ASK
375,1712176350.0175023,36199012.00402664,184.5,-5.709013923586346e-07,190.2,ASK
376,1712176350.037498,36201955.56842664,184.5,-3.8905872703651353e-07,190.2,ASK
377,1712176350.1604583,36204515.85504234,184.5,-3.3839988401540786e-07,190.2,ASK
378,1712176350.1775937,36204515.85504234,184.5,-0.0,190.2,ASK
379,1712176355.7175488,36206082.90702837,184.4,-2.067031081075152e-07,190.2,ASK
380,1712176355.7198732,36207463.39074234,184.4,-1.8209368732686844e-07,190.2,ASK
381,1712176359.594559,36211488.66211714,184.4,-5.309562870689882e-07,190.2,ASK
382,1712176361.8560894,36249416.27811336,184.4,-5.002869196051394e-06,190.2,ASK
383,1712176361.861366,36251585.47551032,184.4,-2.861295273213858e-07,190.2,ASK
384,1712176367.6081269,36251640.47551032,184.3,-7.254814165231358e-09,190.2,ASK
385,1712176367.612066,36254386.00481032,184.3,-3.621509973940814e-07,190.2,ASK
386,1712176367.6278634,36254519.0660848,184.3,-1.7551542163069268e-08,190.2,ASK
387,1712176367.6308188,36254619.0660848,184.3,-1.3190571209511562e-08,190.2,ASK
388,1712176380.1303952,36254619.0660848,184.3,-0.0,190.2,ASK
389,1712176391.798079,36255259.33787797,184.2,-8.435271113144786e-08,190.2,ASK
390,1712176410.1183448,36255259.33787797,184.2,-0.0,190.2,ASK
391,1712176419.518355,36260528.33787797,184.2,-6.941544731056503e-07,190.2,ASK
392,1712176440.170621,36260528.33787797,184.2,-0.0,190.2,ASK
393,1712176464.2137015,36260719.43609523,184.2,-2.5172655761795184e-08,190.2,ASK
394,1712176464.2167947,36260752.00289523,184.2,-4.289903157433786e-09,190.2,ASK
395,1712176464.219976,36261838.95941696,184.0,-1.4318073052397756e-07,190.2,ASK
396,1712176464.2225978,36264554.8746804,184.1,-3.5775739294477786e-07,190.2,ASK
397,1712176464.2243526,36264720.2576979,184.0,-2.1785288361406845e-08,190.2,ASK
398,1712176464.2261205,36264774.5465144,184.2,-7.151263412891065e-09,190.2,ASK
399,1712176464.227891,36264801.75998533,184.1,-3.5847290758227606e-09,190.2,ASK
400,1712176464.2296612,36275350.57152199,184.0,-1.3895556186265396e-06,190.2,ASK
401,1712176470.169911,36275350.57152199,184.0,-0.0,190.2,ASK
402,1712176491.5415156,36277840.87279276,183.9,-3.279202812228529e-07,190.2,ASK
403,1712176491.5504718,36279189.21342999,184.0,-1.7754809272859377e-07,190.2,ASK
404,1712176500.1196592,36279189.21342999,184.0,-0.0,190.2,ASK
405,1712176506.8300498,36279269.59194655,183.9,-1.0585493918176552e-08,190.2,ASK
406,1712176506.8340583,36282468.60149599,183.9,-4.212953607265841e-07,190.2,ASK
407,1712176508.36011,36282701.28263447,183.9,-3.064307331831689e-08,190.2,ASK
408,1712176510.455243,36282973.87342521,183.8,-3.589899740567412e-08,190.2,ASK
409,1712176510.457106,36283517.94306612,183.8,-7.165155717295459e-08,190.2,ASK
410,1712176511.1906214,36284609.53385686,183.8,-1.4375766275276133e-07,190.2,ASK
411,1712176511.1953294,36285336.94306612,183.8,-9.579656467868148e-08,190.2,ASK
412,1712176513.6000457,36285445.7569943,183.8,-1.4330311434198427e-08,190.2,ASK
413,1712176513.6042292,36296218.94306612,183.8,-1.418780795167759e-06,190.2,ASK
414,1712176513.9426205,36296246.15198886,183.8,-3.5832943734729837e-09,190.2,ASK
415,1712176513.945478,36301001.42556114,183.8,-6.262484259664282e-07,190.2,ASK
416,1712176513.9475188,36301051.42556114,183.7,-6.584778104217779e-09,190.2,ASK
417,1712176513.9494057,36301084.06973959,183.8,-4.299093429768924e-09,190.2,ASK
418,1712176513.951351,36301484.3434454,183.8,-5.2714270674276566e-08,190.2,ASK
419,1712176513.9532895,36307100.94306612,183.7,-7.39681244053793e-07,190.2,ASK
420,1712176518.1597712,36308590.82641034,183.7,-1.962110244569267e-07,190.2,ASK
421,1712176520.0698397,36309689.40022013,183.7,-1.446772953721152e-07,190.2,ASK
422,1712176522.6199243,36310592.0948309,183.7,-1.188808741554874e-07,190.2,ASK
423,1712176523.300379,36312982.81848657,183.7,-3.148476956219421e-07,190.2,ASK
424,1712176523.3051236,36316372.85084851,183.7,-4.464522173897845e-07,190.2,ASK
425,1712176530.1213622,36316372.85084851,183.7,-0.0,190.2,ASK
426,1712176530.4406044,36317518.85084851,183.7,-1.507874200336261e-07,190.2,ASK
427,1712176530.823869,36321785.60512651,183.7,-5.614073904856564e-07,190.2,ASK
428,1712176530.8287108,36327229.26326477,183.7,-7.162610525421593e-07,190.2,ASK
429,1712176530.8346956,36328405.85084851,183.7,-1.5481204729163205e-07,190.2,ASK
430,1712176531.0839474,36339292.85084851,183.7,-1.4324804903194477e-06,190.2,ASK
431,1712176540.0805266,36339347.2578126,183.8,7.158713565784913e-09,190.2,BID
432,1712176546.3503382,36342599.2578126,183.7,-4.278889092053682e-07,190.2,ASK
433,1712176560.179688,36342599.2578126,183.7,-0.0,190.2,ASK
434,1712176572.081092,36354825.93313203,183.7,-1.607731997427889e-06,190.2,ASK
435,1712176572.08585,36385475.66388396,183.7,-4.030249561310375e-06,190.2,ASK
436,1712176572.2403746,36385529.66388396,183.7,-7.100665192533352e-09,190.2,ASK
437,1712176585.7207575,36387566.05966769,183.7,-2.677734196250413e-07,190.2,ASK
438,1712176586.010689,36388897.96959089,183.7,-1.7513789687456417e-07,190.2,ASK
439,1712176587.911041,36390984.04670797,183.7,-2.743062069301672e-07,190.2,ASK
440,1712176587.9341254,36393080.63238278,183.7,-2.756880171160956e-07,190.2,ASK
441,1712176590.172901,36393080.63238278,183.7,-0.0,190.2,ASK
442,1712176590.6245372,36394117.30225681,183.7,-1.3614964029099698e-07,190.2,ASK
443,1712176590.6523962,36395149.61684839,183.7,-1.3557764514234966e-07,190.2,ASK
444,1712176603.8211207,36396016.82198859,183.7,-1.1389321794264565e-07,190.2,ASK
445,1712176603.8341942,36397073.61684839,183.7,-1.3879272816497881e-07,190.2,ASK
446,1712176603.9053807,36397169.69678445,183.7,-1.2618528870316495e-08,190.2,ASK
447,1712176604.0914574,36397714.08689876,183.6,-7.14967417283805e-08,190.2,ASK
448,1712176604.0980842,36399192.85905168,183.6,-1.9421254705767619e-07,190.2,ASK
449,1712176604.2113256,36403211.98804187,183.6,-5.278468874294682e-07,190.2,ASK
450,1712176604.213536,36406463.01109073,183.6,-4.269687291681882e-07,190.2,ASK
451,1712176604.2712152,36407361.84355445,183.6,-1.1804694983735461e-07,190.2,ASK
452,1712176604.3516936,36408211.98804187,183.6,-1.116525801099054e-07,190.2,ASK
453,1712176604.3550138,36413788.63007381,183.6,-7.32400762964531e-07,190.2,ASK
454,1712176604.591794,36413843.09630474,183.6,-7.153249008931867e-09,190.2,ASK
455,1712176604.5960808,36415374.84207234,183.6,-2.0116976532357925e-07,190.2,ASK
456,1712176604.6001055,36418988.8504031,183.6,-4.7464091179809254e-07,190.2,ASK
457,1712176604.6076243,36419533.51271246,183.6,-7.153249009812527e-08,190.2,ASK
458,1712176605.8110971,36419560.75127455,183.6,-3.5773398299766353e-09,190.2,ASK
459,1712176605.8213155,36422316.85030599,183.6,-3.6196855058521547e-07,190.2,ASK
460,1712176605.8268554,36433395.2844319,183.6,-1.4549712102369986e-06,190.2,ASK
461,1712176605.9431565,36439835.91606857,183.6,-8.458716728914198e-07,190.2,ASK
462,1712176606.0010705,36446231.62400458,183.6,-8.399716792302733e-07,190.2,ASK
463,1712176606.160974,36452190.81259381,183.6,-7.82641999326085e-07,190.2,ASK
464,1712176606.3209956,36453491.75802181,183.6,-1.7085791388164788e-07,190.2,ASK
465,1712176608.637679,36454130.69289855,183.6,-8.391365063939705e-08,190.2,ASK
466,1712176608.6422942,36454785.50030728,183.6,-8.599824822902401e-08,190.2,ASK
467,1712176609.611564,36455536.37927105,183.6,-9.861567638983069e-08,190.2,ASK
468,1712176610.051026,36456803.02747725,183.6,-1.6635353449498177e-07,190.2,ASK
469,1712176610.450998,36456852.95258958,183.6,-6.556847319901136e-09,190.2,ASK
470,1712176610.7508962,36458046.85158368,183.6,-1.5679911480347009e-07,190.2,ASK
471,1712176611.9808674,36458759.94990887,183.6,-9.365380715553788e-08,190.2,ASK
472,1712176611.9829257,36459473.5539001,183.6,-9.372021812413729e-08,190.2,ASK
473,1712176615.9436553,36461407.0789001,183.6,-2.539368991410437e-07,190.2,ASK
474,1712176618.9921043,36464761.94199438,183.6,-4.406064215379979e-07,190.2,ASK
475,1712176620.1215827,36464761.94199438,183.6,-0.0,190.2,ASK
476,1712176620.6260686,36466789.29388543,183.6,-2.65800093256679e-07,190.2,ASK
477,1712176621.5013282,36467664.26419398,183.6,-1.1471476196874304e-07,190.2,ASK
478,1712176621.9714062,36472519.88954376,183.6,-6.366066376950528e-07,190.2,ASK
479,1712176624.4612591,36475430.87480334,183.6,-3.816506433244912e-07,190.2,ASK
480,1712176624.5421505,36476505.95325191,183.6,-1.409503466809042e-07,190.2,ASK
481,1712176624.6209917,36477906.25811882,183.6,-1.8358981775908574e-07,190.2,ASK
482,1712176624.741337,36482962.95590631,183.6,-6.629686486171514e-07,190.2,ASK
483,1712176643.5718548,36483060.72885579,184.1,1.28187214090911e-08,190.2,BID
484,1712176650.1117322,36483060.72885579,184.1,0.0,190.2,BID
485,1712176652.9919703,36483158.44872549,184.2,1.2806121422469769e-08,190.2,BID
486,1712176674.1616647,36483990.44872549,183.8,-1.090330252779882e-07,190.2,ASK
487,1712176680.174131,36483990.44872549,183.8,-0.0,190.2,ASK
488,1712176703.8661115,36484088.43457197,183.7,-1.2840689874037114e-08,190.2,ASK
489,1712176703.871751,36484847.29554678,183.7,-9.944597904317858e-08,190.2,ASK
490,1712176708.6219356,36485391.36518769,183.8,7.129835359059027e-08,190.2,BID
491,1712176710.166021,36485391.36518769,183.8,0.0,190.2,BID
492,1712176719.9822617,36485935.4348286,183.8,7.129594865714804e-08,190.2,BID
493,1712176723.2521942,36485965.35865885,183.8,3.921277175913702e-09,190.2,BID
494,1712176733.402521,36486604.67313258,183.7,-8.37770176234187e-08,190.2,ASK
495,1712176736.992808,36488389.63454558,183.7,-2.339048307172751e-07,190.2,ASK
496,1712176740.1226354,36488389.63454558,183.7,-0.0,190.2,ASK
497,1712176744.5923846,36488933.11280644,184.0,7.121331266339718e-08,190.2,BID
498,1712176770.114493,36488933.11280644,184.0,0.0,190.2,BID
499,1712176797.8226707,36488966.89058421,183.7,-4.425928512773314e-09,190.2,ASK
500,1712176800.138423,36488966.89058421,183.7,-0.0,190.2,ASK
501,1712176808.5928578,36489027.05814413,183.7,-7.88414536454164e-09,190.2,ASK
502,1712176808.732879,36490089.99940613,183.7,1.3928408322478193e-07,190.2,BID
503,1712176808.7375095,36490089.99940618,183.7,6.834085076235293e-18,190.2,BID
504,1712176813.6329992,36490169.99940618,183.6,-1.0482918535897232e-08,190.2,ASK
505,1712176820.8130798,36490197.18809568,183.9,3.562710214091052e-09,190.2,BID
506,1712176821.1611986,36494636.08719749,183.6,-5.816577209165957e-07,190.2,ASK
507,1712176821.1667926,36494950.25373312,183.6,-4.116727749653705e-08,190.2,ASK
508,1712176821.2730098,36495725.41181622,183.6,-1.0157398796923953e-07,190.2,ASK
509,1712176821.2773347,36498547.80457433,183.6,-3.6983641699547066e-07,190.2,ASK
510,1712176821.3405335,36498816.76638175,183.6,-3.5243808954974564e-08,190.2,ASK
511,1712176821.343161,36500693.04868697,183.6,-2.458614319493586e-07,190.2,ASK
512,1712176821.347607,36502114.46914234,183.6,-1.8625793548677178e-07,190.2,ASK
513,1712176822.5827038,36503883.83907836,183.6,-2.3185201123943482e-07,190.2,ASK
514,1712176825.5132906,36504594.56977094,183.6,-9.313164939101937e-08,190.2,ASK
515,1712176827.9633915,36505981.79227094,183.6,-1.817767557338039e-07,190.2,ASK
516,1712176830.121764,36505981.79227094,183.6,-0.0,190.2,ASK
517,1712176834.3152745,36507281.50243424,183.6,-1.702397567666986e-07,190.2,ASK
518,1712176834.320568,36507309.50243424,183.5,-3.6675201318593164e-09,190.2,ASK
519,1712176834.324938,36508426.28266286,183.6,-1.462790704048065e-07,190.2,ASK
520,1712176834.3292816,36508535.27448847,183.5,-1.4276061236937113e-08,190.2,ASK
521,1712176834.332626,36509304.36544706,183.6,-1.0073773478042249e-07,190.2,ASK
522,1712176834.3351765,36511925.53958266,183.5,-3.433288896940352e-07,190.2,ASK
523,1712176834.3418324,36512686.91780519,183.5,-9.972749853821929e-08,190.2,ASK
524,1712176834.3444257,36512716.91780519,183.5,-3.929485855563554e-09,190.2,ASK
525,1712176834.3469882,36514716.91780519,183.5,-2.6196572370423696e-07,190.2,ASK
526,1712176834.349536,36517443.19915742,183.4,-3.570961337290724e-07,190.2,ASK
527,1712176834.3521245,36553448.87626913,183.5,-4.71612663101576e-06,190.2,ASK
528,1712176834.3547077,36554707.02748611,183.4,-1.6479624704228728e-07,190.2,ASK
529,1712176834.3575025,36557676.89135525,183.5,-3.8900126889090883e-07,190.2,ASK
530,1712176834.3600883,36559770.60943343,183.4,-2.742411857916842e-07,190.2,ASK
531,1712176834.413223,36565967.68438343,183.5,8.117106120633536e-07,190.2,BID
532,1712176834.4189568,36565967.68438358,183.5,1.9517967380898964e-17,190.2,BID
533,1712176837.5232255,36566000.40219311,183.8,4.285472325524674e-09,190.2,BID
534,1712176852.8832886,36567000.40219311,183.8,1.3098286185211848e-07,190.2,BID
535,1712176860.174574,36567000.40219311,183.8,0.0,190.2,BID
536,1712176874.7327278,36567887.68438358,183.8,1.1604856298387757e-07,190.2,BID
537,1712176874.735076,36569000.40219311,183.8,1.4553352269319188e-07,190.2,BID
538,1712176876.793667,36569054.8091572,183.8,7.115943571460612e-09,190.2,BID
539,1712176890.183787,36569054.8091572,183.8,0.0,190.2,BID
540,1712176901.4235792,36570054.8091572,183.5,-1.3078458381981988e-07,190.2,ASK
541,1712176905.0538778,36570140.44001836,183.4,-1.1199196539353956e-08,190.2,ASK
542,1712176905.0584135,36572079.41117454,183.4,-2.5358753569962384e-07,190.2,ASK
543,1712176910.7442622,36572788.60015124,183.4,-9.275098516700266e-08,190.2,ASK
544,1712176911.5480416,36573807.8801104,183.4,-1.3330610525424554e-07,190.2,ASK
545,1712176914.8436775,36574557.09596854,183.4,-9.79858841979311e-08,190.2,ASK
546,1712176915.5292933,36576803.48254834,183.4,-2.937927339381108e-07,190.2,ASK
547,1712176920.1303604,36576803.48254834,183.4,-0.0,190.2,ASK
548,1712176942.3239222,36577348.73881878,183.5,7.129786213342804e-08,190.2,BID
549,1712176943.283838,36577840.80905266,183.3,-6.434324114610332e-08,190.2,ASK
550,1712176943.293941,36578658.69345832,183.4,-1.069467932001421e-07,190.2,ASK
551,1712176945.4581752,36578822.35957943,183.3,-2.14010276845668e-08,190.2,ASK
552,1712176945.4629471,36583380.82677856,183.3,-5.960664434764248e-07,190.2,ASK
553,1712176945.753839,36585634.52623327,183.3,-2.946943698288584e-07,190.2,ASK
554,1712176946.0034995,36587400.52804413,183.3,-2.309228897754131e-07,190.2,ASK
555,1712176946.7444868,36588875.84308259,183.3,-1.9291260627093545e-07,190.2,ASK
556,1712176946.7491844,36589947.9317607,183.3,-1.401866148279153e-07,190.2,ASK
557,1712176946.8438628,36590966.95055667,183.3,-1.332471822256085e-07,190.2,ASK
558,1712176946.8497927,36592510.87278459,183.3,-2.0188370151598405e-07,190.2,ASK
559,1712176947.2543666,36592560.87278459,183.3,-6.5380139577394e-09,190.2,ASK
560,1712176947.2591944,36592723.61176779,183.3,-2.1279794872467642e-08,190.2,ASK
561,1712176947.263276,36593769.97904364,183.3,-1.3682327708844832e-07,190.2,ASK
562,1712176948.9539754,36594629.23478633,183.3,-1.1235652077968968e-07,190.2,ASK
563,1712176948.9568243,36594715.30131371,183.3,-1.1254083146293291e-08,190.2,ASK
564,1712176948.97381,36595656.99192378,183.3,-1.2313572704968014e-07,190.2,ASK
565,1712176950.125702,36595656.99192378,183.3,-0.0,190.2,ASK
566,1712176953.414428,36595689.725148,183.3,-4.278272131471102e-09,190.2,ASK
567,1712176953.419401,36598050.67981742,183.3,-3.0857964060601215e-07,190.2,ASK
568,1712176959.4732437,36598270.62765473,183.2,-2.8747449270240853e-08,190.2,ASK
569,1712176959.479019,36598761.89403025,183.2,-6.42091114932747e-08,190.2,ASK
570,1712176961.5801969,36599307.74555863,183.2,-7.134345721756287e-08,190.2,ASK
571,1712176961.5898602,36605228.51005755,183.2,-7.738511055944322e-07,190.2,ASK
572,1712176961.5926104,36612538.78054325,183.2,-9.554612244040702e-07,190.2,ASK
573,1712176961.7543612,36612598.78054325,183.1,-7.84207281746856e-09,190.2,ASK
574,1712176961.7594695,36612698.78054325,183.1,-1.30701213624476e-08,190.2,ASK
575,1712176961.7645755,36612698.780544,183.2,-9.737999262249171e-17,190.2,ASK
576,1712176961.769639,36616011.87849839,183.1,-4.330259234958599e-07,190.2,ASK
577,1712176980.145673,36616011.87849839,183.1,-0.0,190.2,ASK
578,1712176981.584223,36618160.27699402,183.1,-2.806615039708468e-07,190.2,ASK
579,1712176981.5895114,36618227.8157973,183.1,-8.823103415567234e-09,190.2,ASK
580,1712177010.1183496,36618227.8157973,183.1,-0.0,190.2,ASK
581,1712177011.544211,36618325.85501298,183.6,1.2806923570567106e-08,190.2,BID
582,1712177020.6255472,36618353.08812844,183.6,3.557478768196133e-09,190.2,BID
583,1712177020.884459,36618451.12734412,183.6,1.2806923569593832e-08,190.2,BID
584,1712177028.7559216,36620147.8157973,183.6,2.216394653036089e-07,190.2,BID
585,1712177028.7583914,36621173.88003244,183.7,1.3403540763052488e-07,190.2,BID
586,1712177040.184492,36621173.88003244,183.7,0.0,190.2,BID
587,1712177070.184949,36621173.88003244,183.7,0.0,190.2,BID
588,1712177071.834534,36626612.74470462,183.4,7.104320594608524e-07,190.2,BID
589,1712177074.6247523,36626646.52248239,183.5,4.412100258160162e-09,190.2,BID
590,1712177084.0178611,36627192.67212739,183.3,-7.133882537224193e-08,190.2,ASK
591,1712177084.0232823,36627487.27114537,183.3,-3.8480933002988346e-08,190.2,ASK
592,1712177097.6748948,36627557.27114537,183.2,-9.14349724799431e-09,190.2,ASK
593,1712177098.9809165,36628033.42079037,183.2,-6.219532812327443e-08,190.2,ASK
594,1712177098.9854803,36628251.64228518,183.2,-2.8504394818650413e-08,190.2,ASK
595,1712177100.1405003,36628251.64228518,183.2,-0.0,190.2,ASK
596,1712177106.2548454,36628796.008099,183.2,7.116251631367196e-08,190.2,BID
597,1712177106.940099,36631100.08601927,183.2,3.012018360237941e-07,190.2,BID
598,1712177128.3053975,36631373.16084177,183.1,-3.569785430660823e-08,190.2,ASK
599,1712177128.3151991,36650160.08601927,183.1,-2.455930985196109e-06,190.2,ASK
600,1712177129.375204,36653618.24855158,183.2,4.52070172989737e-07,190.2,BID
601,1712177129.3807406,36654539.72480249,183.2,1.2046048277452132e-07,190.2,BID
602,1712177130.1220202,36654539.72480249,183.2,0.0,190.2,BID
603,1712177132.665101,36660857.81408968,183.2,8.254161968733496e-07,190.2,BID
604,1712177132.765095,36662122.43063798,183.2,1.652137116702091e-07,190.2,BID
605,1712177132.7848551,36666893.90431842,183.2,6.23361190348744e-07,190.2,BID
606,1712177132.8649526,36668966.48762455,183.2,2.707691760092838e-07,190.2,BID
607,1712177132.8850746,36672893.62037459,183.2,5.13053683132913e-07,190.2,BID
608,1712177132.8952415,36678913.48615843,183.2,7.864552865782974e-07,190.2,BID
609,1712177132.9249856,36709361.15010643,183.2,3.977784079529306e-06,190.2,BID
610,1712177132.935048,36720817.32128143,183.2,1.4966723026803444e-06,190.2,BID
611,1712177132.971575,36721932.67719921,183.2,1.4571380649457932e-07,190.2,BID
612,1712177160.1451602,36721932.67719921,183.2,0.0,190.2,BID
613,1712177167.1669338,36722478.98929921,183.3,-7.125709385223248e-08,190.2,ASK
614,1712177190.115406,36722478.98929921,183.3,-0.0,190.2,ASK
615,1712177220.1777756,36722478.98929921,183.3,-0.0,190.2,ASK
616,1712177242.065877,36724478.98929921,183.4,-2.608624745638676e-07,190.2,ASK
617,1712177242.0732117,36724608.91475181,183.4,-1.694633753767103e-08,190.2,ASK
618,1712177250.1747866,36724608.91475181,183.4,-0.0,190.2,ASK
619,1712177280.1400924,36724608.91475181,183.4,-0.0,190.2,ASK
620,1712177310.1261027,36724608.91475181,183.4,-0.0,190.2,ASK
621,1712177324.6060612,36724908.91475181,183.4,-3.912737763936263e-08,190.2,ASK
622,1712177324.611965,36728275.02635739,183.4,-4.390237332255309e-07,190.2,ASK
623,1712177324.7087004,36728275.02635793,183.4,6.996520335560314e-17,190.2,BID
624,1712177324.7179737,36729351.38126193,183.4,1.4038314934307524e-07,190.2,BID
625,1712177324.836062,36731311.38126193,183.6,2.556322005771692e-07,190.2,BID
626,1712177340.1784563,36731311.38126193,183.6,0.0,190.2,BID
627,1712177362.694424,36731611.38126193,183.8,3.912110366061526e-08,190.2,BID
628,1712177370.186186,36731611.38126193,183.8,0.0,190.2,BID
629,1712177389.9272938,36731911.38126193,183.9,3.9120822363951766e-08,190.2,BID
630,1712177400.1416986,36731911.38126193,183.9,0.0,190.2,BID
631,1712177414.696381,36732211.38126193,183.8,3.912827218346707e-08,190.2,BID
632,1712177430.1193745,36732211.38126193,183.8,0.0,190.2,BID
633,1712177460.1993868,36732211.38126193,183.8,0.0,190.2,BID
634,1712177490.18941,36732211.38126193,183.8,0.0,190.2,BID
635,1712177520.1168177,36732211.38126193,183.8,0.0,190.2,BID
636,1712177540.976863,36732511.38126193,183.8,3.9127990783705305e-08,190.2,BID
637,1712177550.1286209,36732511.38126193,183.8,0.0,190.2,BID
638,1712177580.179177,36732511.38126193,183.8,0.0,190.2,BID
639,1712177592.0767643,36738511.38126193,183.8,7.825541877598202e-07,190.2,BID
640,1712177610.1786027,36738511.38126193,183.8,0.0,190.2,BID
641,1712177612.6396582,36787328.60159202,183.8,6.366104375200378e-06,190.2,BID
642,1712177612.649074,36787546.36736853,183.8,2.8398168785926976e-08,190.2,BID
643,1712177612.7071445,36790332.16750641,183.9,3.632876744375363e-07,190.2,BID
644,1712177616.0003011,36794715.16750641,183.8,-5.715736227469098e-07,190.2,ASK
645,1712177617.693387,36795340.83481747,183.8,-8.159136016779e-08,190.2,ASK
646,1712177617.7318752,36796646.60664365,183.8,-1.7028170959829197e-07,190.2,ASK
647,1712177617.736345,36797535.39195737,183.8,-1.1590377403840221e-07,190.2,ASK
648,1712177617.80696,36798175.52569498,183.8,-8.347788260268678e-08,190.2,ASK
649,1712177617.8674123,36799850.68975962,183.8,-2.1845302147405e-07,190.2,ASK
650,1712177617.8718393,36801519.51736657,183.8,-2.176267034101235e-07,190.2,ASK
651,1712177619.1568148,36803219.51736657,183.8,-2.216917998333896e-07,190.2,ASK
652,1712177621.7270694,36805669.51736657,183.8,-3.19497005642238e-07,190.2,ASK
653,1712177640.1292613,36805669.51736657,183.8,-0.0,190.2,ASK
654,1712177670.1327343,36805669.51736657,183.8,-0.0,190.2,ASK
655,1712177685.4572046,36805751.08343508,183.9,1.0619686598304e-08,190.2,BID
656,1712177696.688208,36806295.74574444,183.6,-7.091359352107733e-08,190.2,ASK
657,1712177696.6931448,36808215.74574444,183.6,-2.4997892679860017e-07,190.2,ASK
658,1712177696.6974485,36810215.74574444,183.5,-2.603947154152085e-07,190.2,ASK
659,1712177696.702722,36811143.40977768,183.8,-1.2077940596843157e-07,190.2,ASK
660,1712177696.7057662,36811987.47941859,183.6,-1.0989563696796378e-07,190.2,ASK
661,1712177696.7088218,36812482.39593508,183.4,-6.443682273288648e-08,190.2,ASK
662,1712177700.1771886,36812482.39593508,183.4,-0.0,190.2,ASK
663,1712177701.4277809,36813027.65220552,183.4,-7.11918160543556e-08,190.2,ASK
664,1712177701.4336605,36813133.48226856,183.4,-1.3817785854592148e-08,190.2,ASK
665,1712177730.1791651,36813133.48226856,183.4,-0.0,190.2,ASK
666,1712177737.7274902,36813678.738539,183.5,-7.119070613804429e-08,190.2,ASK
667,1712177737.737339,36814156.60498166,183.4,-6.239203716938312e-08,190.2,ASK
668,1712177760.1244924,36814156.60498166,183.4,-0.0,190.2,ASK
669,1712177790.120553,36814156.60498166,183.4,-0.0,190.2,ASK
670,1712177820.008127,36814322.48614268,183.4,-2.1657536532163853e-08,190.2,ASK
671,1712177820.0118394,36814867.74241312,183.4,-7.118896156655493e-08,190.2,ASK
672,1712177820.0171068,36815512.99868356,183.5,-8.424501711806888e-08,190.2,ASK
673,1712177820.1169794,36839514.00321014,183.4,3.1335844839123605e-06,190.2,BID
674,1712177820.1237822,36841547.98664459,183.4,2.655580071098816e-07,190.2,BID
675,1712177820.143565,36842588.48839149,183.4,-1.3584848608978669e-07,190.2,ASK
676,1712177820.1469872,36843547.98664459,183.4,-1.252726249404924e-07,190.2,ASK
677,1712177820.1557212,36843547.98664459,183.4,-0.0,190.2,ASK
678,1712177826.7377396,36845587.98664459,183.7,2.661689557633613e-07,190.2,BID
679,1712177826.8177252,36847892.06456486,183.7,-3.006245166845429e-07,190.2,ASK
680,1712177850.1335526,36847892.06456486,183.7,-0.0,190.2,ASK
681,1712177853.298039,36854062.25231561,183.8,8.049327807593905e-07,190.2,BID
682,1712177854.9946225,36856512.25231561,183.8,-3.196151223471316e-07,190.2,ASK
683,1712177861.497824,36857226.02735761,183.8,-9.311563158217896e-08,190.2,ASK
684,1712177880.1808715,36857226.02735761,183.8,-0.0,190.2,ASK
685,1712177889.8679514,36860228.84890197,183.9,3.916458880160701e-07,190.2,BID
686,1712177890.0477366,36865233.1705942,183.9,-6.526934698298541e-07,190.2,ASK
687,1712177890.4677873,36868982.05257664,183.9,-4.889515382075118e-07,190.2,ASK
688,1712177890.7777271,36870404.48609166,183.9,-1.8552225928287417e-07,190.2,ASK
689,1712177890.9411762,36873762.85910042,183.9,-4.380190297264902e-07,190.2,ASK
690,1712177897.5078392,36874854.75862056,183.9,-1.424120450959486e-07,190.2,ASK
691,1712177910.188795,36874854.75862056,183.9,-0.0,190.2,ASK
692,1712177920.488021,36876044.66095056,183.9,-1.5512856266190848e-07,190.2,ASK
693,1712177920.6680284,36877607.30407276,183.9,-2.037230917110123e-07,190.2,ASK
694,1712177920.8202302,36879575.50279672,183.9,-2.565957149452852e-07,190.2,ASK
695,1712177921.2579136,36880176.62927253,183.9,-7.836936177011705e-08,190.2,ASK
696,1712177921.9183383,36881718.62132064,183.8,-2.010307938978983e-07,190.2,ASK
697,1712177925.218029,36882118.62132064,183.8,5.2148334783881015e-08,190.2,BID
698,1712177925.9180036,36883384.06857449,183.4,-1.649774176122122e-07,190.2,ASK
699,1712177940.1256487,36883384.06857449,183.4,-0.0,190.2,ASK
700,1712177953.1083264,36885918.12757383,183.5,3.302998846120961e-07,190.2,BID
701,1712177953.114533,36888717.44058888,183.5,3.648742062048217e-07,190.2,BID
702,1712177970.1243055,36888717.44058888,183.5,0.0,190.2,BID
703,1712178000.151554,36888717.44058888,183.5,0.0,190.2,BID
704,1712178025.318785,36896368.08671756,183.4,-9.978962830259497e-07,190.2,ASK
705,1712178025.3233223,36896397.18871756,183.2,-3.7958594788270686e-09,190.2,ASK
706,1712178025.32595,36898437.18871756,183.3,-2.6608320174952694e-07,190.2,ASK
707,1712178025.3285973,36935693.89177432,183.2,-4.859501390183394e-06,190.2,ASK
708,1712178025.398203,36938204.88815269,183.2,3.275166450676753e-07,190.2,BID
709,1712178025.438774,36953960.77535633,183.2,2.055086722328069e-06,190.2,BID
710,1712178025.4435558,36990972.5940904,183.2,4.8275604075171765e-06,190.2,BID
711,1712178025.448277,37000757.44058888,183.2,1.2762663161479103e-06,190.2,BID
712,1712178025.452221,37002717.44058888,183.4,2.556485663868005e-07,190.2,BID
713,1712178025.454845,37004025.42664981,183.7,1.70604470066967e-07,190.2,BID
714,1712178027.4401193,37004757.44058888,183.7,9.547873168256e-08,190.2,BID
715,1712178027.4430287,37005997.44058888,183.7,1.617368481222615e-07,190.2,BID
716,1712178027.4882662,37012325.42664981,183.7,-8.253778390780577e-07,190.2,ASK
717,1712178030.132886,37012325.42664981,183.7,-0.0,190.2,ASK
718,1712178060.1883996,37012325.42664981,183.7,-0.0,190.2,ASK
719,1712178062.0285585,37012488.73639395,183.7,2.1238220885181973e-08,190.2,BID
720,1712178090.1839757,37012488.73639395,183.7,0.0,190.2,BID
721,1712178092.7783327,37012870.83650781,183.7,4.9691431459563e-08,190.2,BID
722,1712178092.7882783,37013033.10220777,183.7,2.1102361960411552e-08,190.2,BID
723,1712178107.6989698,37013958.24755344,183.7,1.2031348556719768e-07,190.2,BID
724,1712178120.135322,37013958.24755344,183.7,0.0,190.2,BID
725,1712178138.6797326,37028063.24755344,183.7,1.8342654455671496e-06,190.2,BID
726,1712178138.686077,37029143.24755344,183.7,1.4044712380095865e-07,190.2,BID
727,1712178138.6895545,37043248.24755344,183.9,1.8342654455671496e-06,190.2,BID
728,1712178138.6923964,37044200.83650781,183.7,1.238781285244613e-07,190.2,BID
729,1712178138.6952472,37044411.83650781,183.9,2.7439206594446552e-08,190.2,BID
730,1712178138.698071,37046331.83650781,183.9,2.496837756461487e-07,190.2,BID
731,1712178138.7009506,37052052.66536151,184.0,7.439573687585375e-07,190.2,BID
732,1712178146.2486188,37052596.14362237,184.0,7.067588757973393e-08,190.2,BID
733,1712178150.1286783,37052596.14362237,184.0,0.0,190.2,BID
734,1712178158.0890768,37052867.8827528,184.0,3.530533267906832e-08,190.2,BID
735,1712178163.9190202,37052976.57840497,184.0,1.4122133071627328e-08,190.2,BID
736,1712178169.6249068,37053727.62188322,183.6,-9.757829067211425e-08,190.2,ASK
737,1712178180.1871066,37053727.62188322,183.6,-0.0,190.2,ASK
738,1712178183.717143,37054936.57840497,183.6,-1.57067770475166e-07,190.2,ASK
739,1712178183.7206986,37055314.62188322,183.6,-4.9115452212918446e-08,190.2,ASK
740,1712178187.6089592,37055480.05666583,183.6,-2.1493306000691312e-08,190.2,ASK
741,1712178187.6149335,37056280.05666583,183.6,-1.0393609209229206e-07,190.2,ASK
742,1712178187.620764,37062291.12885815,183.6,-7.809591911928204e-07,190.2,ASK
743,1712178187.6955066,37064802.12523652,183.6,-3.2622893853204706e-07,190.2,ASK
744,1712178187.7045608,37065462.26839221,183.6,-8.57658747803859e-08,190.2,ASK
745,1712178189.6027458,37066008.41803721,183.5,-7.095582474870624e-08,190.2,ASK
746,1712178189.683741,37067393.31514419,183.4,-1.799259915611693e-07,190.2,ASK
747,1712178189.6896038,37067556.89202521,183.4,-2.1251927212494643e-08,190.2,ASK
748,1712178192.8486812,37069516.89202507,183.3,-2.54643425607724e-07,190.2,ASK
749,1712178192.8545277,37069516.89202518,183.4,-1.4519704332429738e-17,190.2,ASK
750,1712178192.860016,37070132.88220521,183.3,-8.00295150994925e-08,190.2,ASK
751,1712178193.0254774,37070132.88220535,183.3,-1.8391625487744336e-17,190.2,ASK
752,1712178193.0390408,37072092.88220521,183.2,-2.54643425607724e-07,190.2,ASK
753,1712178202.618261,37072636.36046607,183.5,7.060875821360976e-08,190.2,BID
754,1712178210.181274,37072636.36046607,183.5,0.0,190.2,BID
755,1712178212.328005,37073154.36046607,183.3,-6.726829644126354e-08,190.2,ASK
756,1712178214.355406,37089275.42693755,183.1,-2.09350710106722e-06,190.2,ASK
757,1712178214.3586528,37089303.27846593,183.3,-3.616843372899538e-09,190.2,ASK
758,1712178214.3616476,37089303.27846607,183.2,-1.8383338650221174e-17,190.2,ASK
759,1712178214.5648048,37095887.85474144,183.1,-8.550834533431823e-07,190.2,ASK
760,1712178214.618265,37102459.29923931,183.1,-8.533781400191565e-07,190.2,ASK
761,1712178214.71814,37107371.34162376,183.1,-6.378855661186165e-07,190.2,ASK
762,1712178215.6873622,37109215.55615779,183.1,-2.394926061319961e-07,190.2,ASK
763,1712178215.6966553,37109927.1810415,183.1,-9.241272902022004e-08,190.2,ASK
764,1712178215.8778949,37110284.95683576,183.1,-4.646132854788399e-08,190.2,ASK
765,1712178215.884364,37110896.90872397,183.1,-7.946903672581723e-08,190.2,ASK
766,1712178215.9559045,37110924.27082118,183.1,-3.5532850694117398e-09,190.2,ASK
767,1712178215.9588456,37115913.53774827,183.1,-6.479140669426678e-07,190.2,ASK
768,1712178216.2408185,37117321.78404432,183.1,-1.8287708360015309e-07,190.2,ASK
769,1712178217.3520546,37118152.78404432,183.1,-1.0791496977353285e-07,190.2,ASK
770,1712178217.6876347,37119555.98579333,183.1,-1.8222199077110088e-07,190.2,ASK
771,1712178217.9178948,37121398.88861016,183.1,-2.3932226446930306e-07,190.2,ASK
772,1712178217.956342,37121427.2883917,183.1,-3.6880403928615427e-09,190.2,ASK
773,1712178217.961469,37124046.74067564,183.1,-3.401662022198882e-07,190.2,ASK
774,1712178218.0679617,37126827.34556468,183.1,-3.610937335166954e-07,190.2,ASK
775,1712178218.074355,37127207.01253201,183.1,-4.9304150786619544e-08,190.2,ASK
776,1712178222.2782383,37127590.99858376,183.1,-4.986503389602503e-08,190.2,ASK
777,1712178222.2835171,37129910.39369472,183.1,-3.012003048046252e-07,190.2,ASK
778,1712178229.7686958,37132177.08121387,183.1,2.943556138566783e-07,190.2,BID
779,1712178229.991541,37132231.72602261,183.0,-7.096260990848852e-09,190.2,ASK
780,1712178229.994694,37133286.37083135,183.0,-1.3695783713228425e-07,190.2,ASK
781,1712178229.997918,37134000.03051439,183.0,-9.267697126833713e-08,190.2,ASK
782,1712178230.011348,37136609.24919876,183.0,-3.388372508496896e-07,190.2,ASK
783,1712178240.1275556,37136609.24919876,183.0,-0.0,190.2,ASK
784,1712178240.8173802,37137154.20832682,183.1,7.06617689666645e-08,190.2,BID
785,1712178242.10722,37137254.20832682,183.1,1.2966434605524466e-08,190.2,BID
786,1712178246.5469854,37140254.20832682,183.1,3.88993038165734e-07,190.2,BID
787,1712178250.0673716,37141555.10346987,183.0,-1.686797180105961e-07,190.2,ASK
788,1712178252.9568193,37142101.5515573,183.1,7.085483390994339e-08,190.2,BID
789,1712178260.8531108,37144408.58923907,183.1,2.991405323309772e-07,190.2,BID
790,1712178267.5065138,37144463.20420357,183.1,7.0816136567319294e-09,190.2,BID
791,1712178270.1235788,37144463.20420357,183.1,0.0,190.2,BID
792,1712178272.6368072,37144517.55202966,183.1,7.0456616794651325e-09,190.2,BID
793,1712178272.759514,37145888.50632917,183.1,1.777307551500938e-07,190.2,BID
794,1712178272.7626765,37161688.51470466,183.1,2.048315849009683e-06,190.2,BID
795,1712178278.9068933,37161688.51470515,183.1,6.37490417251175e-17,190.2,BID
796,1712178300.191506,37161688.51470515,183.1,0.0,190.2,BID
797,1712178305.7857006,37162234.66435015,183.1,-7.077562721805113e-08,190.2,ASK
798,1712178305.791569,37164114.51470515,183.1,-2.4361013353946644e-07,190.2,ASK
799,1712178305.8653736,37164873.11328466,183.1,-9.830692148769685e-08,190.2,ASK
800,1712178321.6872478,37168073.14071108,183.0,-4.1469210919132186e-07,190.2,ASK
801,1712178321.6951263,37168283.41098135,183.0,-2.7248960793278683e-08,190.2,ASK
802,1712178321.6999438,37171230.10224176,183.0,-3.818622315013439e-07,190.2,ASK
803,1712178321.7570355,37171730.10224176,183.0,-6.47950867183672e-08,190.2,ASK
804,1712178321.7623785,37174091.31630479,183.0,-3.05990139948797e-07,190.2,ASK
805,1712178321.7662013,37174391.31630479,183.0,-3.887705203102031e-08,190.2,ASK
806,1712178322.0352955,37177632.31630479,183.0,-4.200017521084561e-07,190.2,ASK
807,1712178322.0452216,37178895.68368183,183.0,-1.637199975052848e-07,190.2,ASK
808,1712178325.455509,37179958.47834185,183.0,-1.3772774431922448e-07,190.2,ASK
809,1712178325.5352623,37180821.43309594,183.0,-1.1183045625081073e-07,190.2,ASK
810,1712178325.6960263,37180849.30194839,183.0,-3.6115294226653436e-09,190.2,ASK
811,1712178325.700366,37183858.75935365,183.0,-3.899961070983277e-07,190.2,ASK
812,1712178325.7099724,37188251.27288377,183.0,-5.69226590191486e-07,190.2,ASK
813,1712178325.715365,37192532.19104761,183.0,-5.54764927319974e-07,190.2,ASK
814,1712178325.722819,37192641.48066509,183.0,-1.4162860483918204e-08,190.2,ASK
815,1712178325.7266033,37195774.93560388,183.0,-4.060649689742073e-07,190.2,ASK
816,1712178325.826408,37196556.22401255,183.0,-1.012473003842127e-07,190.2,ASK
817,1712178325.86441,37198406.02756715,183.0,-2.397163634637912e-07,190.2,ASK
818,1712178325.9212863,37198606.02756715,183.0,-2.5918034687346883e-08,190.2,ASK
819,1712178325.927737,37210516.02756715,183.0,-1.5434189656315065e-06,190.2,ASK
820,1712178330.178418,37210516.02756715,183.0,-0.0,190.2,ASK
821,1712178330.8901937,37211948.60597197,183.0,-1.85433354746866e-07,190.2,ASK
822,1712178331.8049738,37220486.30597196,183.0,-1.1051223077856046e-06,190.2,ASK
823,1712178334.2582536,37236632.30597196,183.0,-2.0899428161602404e-06,190.2,ASK
824,1712178335.1866972,37237233.30597196,183.0,-7.779361033768763e-08,190.2,ASK
825,1712178336.0849848,37239219.30597196,183.0,-2.5706840287961337e-07,190.2,ASK
826,1712178337.815041,37248907.30597196,183.0,-1.2540174658095135e-06,190.2,ASK
827,1712178338.308004,37282176.62728196,183.0,-4.306390379682797e-06,190.2,ASK
828,1712178339.6046276,37282629.71190396,183.0,-5.8647401887039294e-08,190.2,ASK
829,1712178340.9009707,37282684.3567127,183.0,-7.073239530868884e-09,190.2,ASK
830,1712178340.9065478,37317533.03794653,183.0,-4.510823175851776e-06,190.2,ASK
831,1712178340.9097457,37350852.87928443,183.0,-4.312929706412524e-06,190.2,ASK
832,1712178341.6630747,37352820.11446602,183.0,-2.546394794665386e-07,190.2,ASK
833,1712178341.80286,37353490.95645605,183.0,-8.68339773222197e-08,190.2,ASK
834,1712178343.3121288,37354201.82318252,183.0,-9.201479055119152e-08,190.2,ASK
835,1712178343.3168027,37354313.62040405,183.0,-1.4471064040380969e-08,190.2,ASK
836,1712178343.3461075,37355234.61006776,183.0,-1.1921316310133482e-07,190.2,ASK
837,1712178343.3559763,37356275.41245572,183.0,-1.3472175608571528e-07,190.2,ASK
838,1712178343.4045253,37358229.73809008,183.0,-2.5296846401394413e-07,190.2,ASK
839,1712178343.4643366,37359290.27009308,183.0,-1.372755630483508e-07,190.2,ASK
840,1712178344.324594,37359992.19476721,183.0,-9.085732876068873e-08,190.2,ASK
841,1712178344.3282366,37361389.79926508,183.0,-1.809063223189297e-07,190.2,ASK
842,1712178344.75047,37362199.51689641,183.0,-1.048100796929149e-07,190.2,ASK
843,1712178344.758419,37362942.83586151,183.0,-9.62154175167776e-08,190.2,ASK
844,1712178344.763905,37363008.907097,183.0,-8.552279447385785e-09,190.2,ASK
845,1712178344.7843747,37363825.9819174,183.0,-1.057623963318763e-07,190.2,ASK
846,1712178345.2148385,37365023.53755698,183.0,-1.5501194140295913e-07,190.2,ASK
847,1712178345.974625,37370343.53755698,183.0,-6.886223078144729e-07,190.2,ASK
848,1712178346.397375,37371161.86611691,183.0,-1.0592468073080213e-07,190.2,ASK
849,1712178346.794253,37372372.6876999,183.0,-1.56729088877576e-07,190.2,ASK
850,1712178347.4846373,37373116.33351647,183.0,-9.625772526398425e-08,190.2,ASK
851,1712178347.6245642,37374200.7517085,183.0,-1.4036739812612928e-07,190.2,ASK
852,1712178347.6321008,37375266.72968947,183.0,-1.379804919804312e-07,190.2,ASK
853,1712178347.7445889,37376168.6205746,183.0,-1.1674101178848929e-07,190.2,ASK
1054,1712178347.754352,37376549.59952713,183.0,-4.9314023593593064e-08,190.2,ASK
854,1712178347.754352,37376549.59952713,183.0,-4.931402359359306e-08,190.2,ASK
855,1712178348.326124,37378360.80143851,183.0,-2.344424887470145e-07,190.2,ASK
856,1712178348.4045515,37380299.80143851,183.0,-2.509847095586961e-07,190.2,ASK
857,1712178349.0378287,37387644.3934737,183.0,-9.506860746668858e-07,190.2,ASK
858,1712178349.1343532,37391196.3934737,183.0,-4.597718867212421e-07,190.2,ASK
859,1712178349.319909,37393077.3934737,183.0,-2.4347717312011724e-07,190.2,ASK
860,1712178349.634392,37393820.95662645,183.0,-9.624702523579888e-08,190.2,ASK
861,1712178352.2104678,37394503.80937801,183.0,-8.838865369869566e-08,190.2,ASK
862,1712178352.9223228,37397285.70184541,183.0,-3.600889494339998e-07,190.2,ASK
863,1712178352.9258237,37402949.51618553,183.0,-7.331257334450278e-07,190.2,ASK
864,1712178355.3643236,37405440.58819893,183.0,-3.224450674435892e-07,190.2,ASK
865,1712178356.355204,37406992.39259237,183.0,-2.008660005051927e-07,190.2,ASK
866,1712178356.6302695,37413208.39259237,183.0,-8.046008017621736e-07,190.2,ASK
867,1712178356.6882527,37414162.04525589,183.0,-1.2344107105405504e-07,190.2,ASK
868,1712178357.2384305,37414927.55813686,183.0,-9.908820427679685e-08,190.2,ASK
869,1712178357.7742453,37421922.98514833,183.0,-9.054900550356378e-07,190.2,ASK
870,1712178358.0064096,37422687.41324169,183.0,-9.89477890614672e-08,190.2,ASK
871,1712178359.054141,37423543.72457668,183.0,-1.108411819000907e-07,190.2,ASK
872,1712178359.3102033,37425514.30984249,183.0,-2.5507311531687385e-07,190.2,ASK
873,1712178359.314608,37432784.01458357,183.0,-9.409926420929416e-07,190.2,ASK
874,1712178359.3183155,37432838.65939231,183.0,-7.073239530868884e-09,190.2,ASK
875,1712178359.3840127,37442250.32012276,183.0,-1.2182480324380177e-06,190.2,ASK
876,1712178359.3874304,37449830.35107176,183.0,-9.811613543990845e-07,190.2,ASK
877,1712178359.3936234,37452725.99762376,183.0,-3.748133103854944e-07,190.2,ASK
878,1712178359.396992,37456025.99762376,183.0,-4.2715293529845123e-07,190.2,ASK
879,1712178359.4003289,37459223.9226601,183.0,-4.139403230719527e-07,190.2,ASK
880,1712178359.424884,37464685.67265941,183.0,-7.069704679010675e-07,190.2,ASK
881,1712178359.430488,37468336.10691335,183.0,-4.725132444496488e-07,190.2,ASK
882,1712178359.436613,37468554.9662106,183.0,-2.8329209466380912e-08,190.2,ASK
883,1712178359.524652,37471287.20664775,183.0,-3.5366197656659e-07,190.2,ASK
884,1712178359.5302825,37499397.6651346,183.0,-3.638625713709759e-06,190.2,ASK
885,1712178359.6845112,37502895.6651346,183.0,-4.527821114163585e-07,190.2,ASK
886,1712178360.125767,37502895.6651346,183.0,-0.0,190.2,ASK
887,1712178360.3332512,37512074.51477133,183.0,-1.179940906609786e-06,190.2,ASK
888,1712178360.3895926,37514366.81066785,183.0,-2.946745840065454e-07,190.2,ASK
889,1712178360.4335215,37518250.43644328,183.0,-4.992400028054603e-07,190.2,ASK
890,1712178360.4374027,37522398.30409998,183.0,-5.332082904770251e-07,190.2,ASK
891,1712178360.53642,37527500.08152192,183.0,-6.558333685392957e-07,190.2,ASK
892,1712178360.5412974,37531197.0937375,183.0,-4.7525083404148564e-07,190.2,ASK
893,1712178362.2740643,37531912.24127848,183.0,-9.193219970466824e-08,190.2,ASK
894,1712178363.2241564,37532854.5817801,183.0,-1.2113784949361368e-07,190.2,ASK
895,1712178365.514453,37533873.50741688,183.0,-1.3098286683153465e-07,190.2,ASK
896,1712178365.5219252,37534354.5817801,183.0,-6.18420981654922e-08,190.2,ASK
897,1712178366.8618977,37534873.50741688,183.0,-6.670787849919238e-08,190.2,ASK
898,1712178366.8672988,37535531.57495405,183.0,-8.459456654649865e-08,190.2,ASK
899,1712178367.7736306,37536531.57495405,182.9,-1.2854997666468458e-07,190.2,ASK
900,1712178367.777254,37538225.15981825,182.9,-2.177102947724652e-07,190.2,ASK
901,1712178367.7807815,37539423.32821628,182.9,-1.5402451960713213e-07,190.2,ASK
902,1712178367.7842376,37540642.39483588,182.8,-1.567109855028963e-07,190.2,ASK
903,1712178367.7877223,37540723.78083916,182.9,-1.046216882224402e-08,190.2,ASK
904,1712178367.791299,37541901.59136561,182.8,-1.5140751569094766e-07,190.2,ASK
905,1712178367.7947233,37542572.33043866,182.8,-8.622349218809784e-08,190.2,ASK
906,1712178370.4575586,37542703.33480547,183.2,1.6840608297051618e-08,190.2,BID
907,1712178370.9340632,37544412.33480547,182.8,-2.196919101199461e-07,190.2,ASK
908,1712178374.6937642,37544471.60807813,182.8,-7.619577816755983e-09,190.2,ASK
909,1712178374.6972845,37548696.39492585,182.8,-5.430962506874229e-07,190.2,ASK
910,1712178374.7006578,37548860.5087114,182.8,-2.1096823302805325e-08,190.2,ASK
911,1712178387.3340795,37549338.5583114,183.0,6.145326492522381e-08,190.2,BID
912,1712178390.130489,37549338.5583114,183.0,0.0,190.2,BID
913,1712178420.154539,37549338.5583114,183.0,0.0,190.2,BID
914,1712178421.152956,37549366.42716385,183.0,-3.57863150762364e-09,190.2,ASK
1114,1712178421.152956,37549366.42716385,183.0,-3.5786315076236404e-09,190.2,ASK
915,1712178421.1605215,37549895.5583114,183.0,-6.794558190418503e-08,190.2,ASK
916,1712178450.1234398,37549895.5583114,183.0,-0.0,190.2,ASK
917,1712178451.6125138,37550441.40983978,183.2,7.00917238790187e-08,190.2,BID
918,1712178458.522586,37550458.72677966,183.0,-2.2236342770984028e-09,190.2,ASK
919,1712178458.53064,37550508.5434014,183.0,-6.396854664252674e-09,190.2,ASK
1119,1712178458.53064,37550508.5434014,183.0,-6.3968546642526745e-09,190.2,ASK
920,1712178459.171714,37551054.99148883,182.9,-7.016832685693001e-08,190.2,ASK
921,1712178459.1753812,37551542.5434014,182.9,-6.260558458833958e-08,190.2,ASK
922,1712178468.8347332,37552529.21013081,182.9,-1.266959390300501e-07,190.2,ASK
923,1712178468.8412778,37552656.5434014,182.9,-1.6350615467077838e-08,190.2,ASK
924,1712178480.1815803,37552656.5434014,182.9,-0.0,190.2,ASK
925,1712178481.391702,37552669.87667199,182.9,-1.711988069461173e-09,190.2,ASK
926,1712178482.281773,37553741.10399279,182.8,-1.3754527667398901e-07,190.2,ASK
927,1712178482.2897727,37554228.87667199,182.8,-6.262987025473277e-08,190.2,ASK
928,1712178485.0317175,37554328.87667199,182.9,1.2839970938340076e-08,190.2,BID
929,1712178486.4317267,37554898.78720676,182.8,-7.317634703891622e-08,190.2,ASK
930,1712178486.4420986,37555736.87667199,182.8,-1.0761044377291209e-07,190.2,ASK
931,1712178492.081761,37556513.87667199,182.8,-9.97665741909024e-08,190.2,ASK
932,1712178497.4912713,37557676.87667199,182.8,-1.493288620128951e-07,190.2,ASK
933,1712178498.5375984,37559229.70142861,182.8,-1.9938224747269854e-07,190.2,ASK
934,1712178502.811505,37559867.70142861,182.8,-8.191901458660968e-08,190.2,ASK
935,1712178510.1944067,37559867.70142861,182.8,-0.0,190.2,ASK
936,1712178540.119385,37559867.70142861,182.8,-0.0,190.2,ASK
937,1712178543.6306987,37560141.07485671,182.9,3.5095128593808046e-08,190.2,BID
938,1712178554.300577,37560688.12080857,182.9,7.02286544825362e-08,190.2,BID
939,1712178561.8404384,37561228.58321815,182.9,6.938347262080098e-08,190.2,BID
940,1712178568.3554857,37562244.77855446,182.9,1.304571049620484e-07,190.2,BID
941,1712178568.3615975,37562322.07693056,182.9,9.923409411270833e-09,190.2,BID
942,1712178570.1234455,37562322.07693056,182.9,0.0,190.2,BID
943,1712178582.136834,37562376.7217393,183.0,7.0147859260324516e-09,190.2,BID
944,1712178585.4521048,37562475.13617341,182.9,-1.2633518229033766e-08,190.2,ASK
945,1712178585.4591465,37563338.23114314,182.9,-1.1079600397801493e-07,190.2,ASK
946,1712178585.5105605,37565023.62486214,182.9,2.1635497337468845e-07,190.2,BID
947,1712178585.5173445,37565023.62486264,182.9,6.40811698473836e-17,190.2,BID
948,1712178600.138198,37565023.62486264,182.9,0.0,190.2,BID
949,1712178602.8933666,37591927.27108364,183.0,3.455194134082832e-06,190.2,BID
950,1712178602.9911184,37591927.27108398,183.0,4.401586682625637e-17,190.2,BID
951,1712178602.9958756,37614488.12966698,183.0,2.897456560181857e-06,190.2,BID
952,1712178604.4001682,37614556.66758861,182.8,-8.80222044374242e-09,190.2,ASK
953,1712178605.449623,37614604.68796673,182.8,-6.167183713113684e-09,190.2,ASK
954,1712178605.709681,37616564.68796673,182.9,2.517198021105777e-07,190.2,BID
955,1712178605.809893,37621264.94374073,182.9,6.036466598479351e-07,190.2,BID
956,1712178605.8161757,37621264.94374144,182.9,9.090233366292076e-17,190.2,BID
957,1712178626.0093029,37621297.65911766,183.4,4.201585728690555e-09,190.2,BID
958,1712178630.1218417,37621297.65911766,183.4,0.0,190.2,BID
959,1712178641.6495388,37621324.93680451,183.3,3.498604735048165e-09,190.2,BID
960,1712178660.1317024,37621324.93680451,183.3,0.0,190.2,BID
961,1712178684.788386,37623297.65911751,183.3,2.530189321874303e-07,190.2,BID
962,1712178690.115872,37623297.65911751,183.3,0.0,190.2,BID
963,1712178691.8784757,37623377.49333116,183.4,1.0238962967872866e-08,190.2,BID
964,1712178720.171427,37623377.49333116,183.4,0.0,190.2,BID
965,1712178750.187704,37623377.49333116,183.4,0.0,190.2,BID
966,1712178780.1177886,37623377.49333116,183.4,0.0,190.2,BID
967,1712178798.617093,37623570.15100678,183.4,-2.4708843638884533e-08,190.2,ASK
968,1712178798.6271737,37624171.89860216,183.4,-7.717568062680195e-08,190.2,ASK
969,1712178799.5476296,37626171.89860216,183.5,2.5650515671248024e-07,190.2,BID
970,1712178799.556074,37629377.49333116,183.4,4.111257891592741e-07,190.2,BID
971,1712178799.5636122,37639371.80865389,183.6,1.281796709045967e-06,190.2,BID
972,1712178799.6272724,37641291.80865389,183.6,-2.462449504439811e-07,190.2,ASK
973,1712178799.7676082,37642010.18112468,183.6,-9.213312159878814e-08,190.2,ASK
974,1712178800.3074987,37643263.39534562,183.6,-1.607279550683986e-07,190.2,ASK
975,1712178800.4754045,37646535.94632258,183.6,-4.1971310059759e-07,190.2,ASK
976,1712178801.616997,37647626.45886348,183.6,-1.3986104510013937e-07,190.2,ASK
977,1712178802.637164,37654171.89860148,183.6,-8.394695228736298e-07,190.2,ASK
978,1712178810.1071608,37654171.89860148,183.6,-0.0,190.2,ASK
979,1712178824.0470676,37654171.89860216,183.6,-8.689261510123647e-17,190.2,ASK
980,1712178840.1785364,37654171.89860216,183.6,-0.0,190.2,ASK
981,1712178852.067493,37654404.38362394,183.6,2.979520216167888e-08,190.2,BID
982,1712178870.166494,37654404.38362394,183.6,0.0,190.2,BID
983,1712178900.148791,37654404.38362394,183.6,0.0,190.2,BID
984,1712178916.756022,37654458.84985487,183.6,7.0599394945205825e-09,190.2,BID
985,1712178924.3029845,37657182.16140171,183.6,3.529969747772138e-07,190.2,BID
986,1712178930.109727,37657182.16140171,183.6,0.0,190.2,BID
987,1712178930.6467197,37659102.16140171,183.1,-2.488548882323468e-07,190.2,ASK
988,1712178930.6536634,37659781.39691976,183.0,-8.803702027432745e-08,190.2,ASK
989,1712178935.727666,37666008.23448137,183.4,8.070723778315795e-07,190.2,BID
990,1712178949.1455016,37666269.97657515,183.4,3.392489556932811e-08,190.2,BID
991,1712178960.1713948,37666269.97657515,183.4,0.0,190.2,BID
992,1712178971.5501058,37667550.7410571,183.0,-1.6596651013541374e-07,190.2,ASK
993,1712178971.5539143,37667705.38586515,183.0,-2.003948381225016e-08,190.2,ASK
994,1712178971.6861484,37667705.38586584,183.0,-8.882375545053415e-17,190.2,ASK
995,1712178984.4154365,37667736.32406143,183.0,-4.00909333834802e-09,190.2,ASK
996,1712178988.6957653,37667760.03067458,183.0,-3.071996379032076e-09,190.2,ASK
997,1712178988.7005484,37677510.63624543,183.0,-1.2635219051683088e-06,190.2,ASK
998,1712178988.7090197,37677510.6362461,183.0,-8.689280424508777e-17,190.2,ASK
999,1712178990.1576936,37677510.6362461,183.0,-0.0,190.2,ASK
1000,1712179009.364125,37677541.58944169,183.3,4.009968201689072e-09,190.2,BID
1201,1712179009.9950366,37704878.93225196,182.9,-3.541536610669531e-06,190.2,ASK
1202,1712179010.0053897,37706878.93225196,182.9,-2.590988184366367e-07,190.2,ASK
1203,1712179010.115254,37707042.95630882,182.8,-2.1249219663716043e-08,190.2,ASK
1204,1712179010.1255548,37707520.76606292,182.8,-6.18999713628483e-08,190.2,ASK
1205,1712179010.1281643,37708389.10605196,182.8,-1.124929325802965e-07,190.2,ASK
1206,1712179010.1351647,37708730.82289825,182.9,4.42692155564602e-08,190.2,BID
1207,1712179020.1100974,37708730.82289825,182.9,0.0,190.2,BID
1208,1712179026.838308,37726420.52968249,182.9,2.2899970802443763e-06,190.2,BID
1209,1712179026.844725,37729301.62068225,182.9,3.729677409489781e-07,190.2,BID
1210,1712179026.9151213,37729301.62068249,182.9,3.1828659722797826e-17,190.2,BID
1211,1712179040.9704375,37730550.69700139,182.9,-1.616974864628866e-07,190.2,ASK
1212,1712179048.595205,37730796.88114713,183.0,-3.18694358151802e-08,190.2,ASK
1213,1712179050.1156278,37730796.88114713,183.0,-0.0,190.2,ASK
1214,1712179054.734813,37730960.36888554,183.0,-2.115303251267341e-08,190.2,ASK
1215,1712179060.1347015,37737187.20644715,183.0,-8.056659091031363e-07,190.2,ASK
1216,1712179080.1668646,37737187.20644715,183.0,-0.0,190.2,ASK
1217,1712179083.103711,37737978.13012825,182.9,-1.023190083912858e-07,190.2,ASK
1218,1712179083.1063492,37753385.63360587,182.9,-1.993214409027768e-06,190.2,ASK
1219,1712179083.1092875,37758993.29654525,182.8,-7.254435858469323e-07,190.2,ASK
1220,1712179083.111886,37759053.29654525,182.7,-7.761988482780105e-09,190.2,ASK
1221,1712179083.1138785,37759600.34249711,182.8,-7.0769406297909e-08,190.2,ASK
1222,1712179083.1153812,37760092.77377892,182.7,-6.37040989664864e-08,190.2,ASK
1223,1712179083.1168995,37762187.4783741,182.8,-2.709845490433506e-07,190.2,ASK
1224,1712179083.118403,37767187.20644715,182.7,-6.467971953335401e-07,190.2,ASK
1225,1712179087.4214168,37769227.20644715,183.3,2.639076084145236e-07,190.2,BID
1226,1712179087.534565,37769227.20644758,183.3,-5.59036100905694e-17,190.2,ASK
1227,1712179087.537259,37772642.74381758,183.3,-4.418560288079039e-07,190.2,ASK
1228,1712179092.684063,37777593.94857523,182.8,-6.405199050788697e-07,190.2,ASK
1229,1712179110.1851315,37777593.94857523,182.8,-0.0,190.2,ASK
1230,1712179117.384311,37779593.94857523,183.3,2.58485827414199e-07,190.2,BID
1231,1712179119.756698,37780684.46111612,183.4,1.409410182189844e-07,190.2,BID
1232,1712179124.252424,37783369.69963388,183.4,3.470480500339945e-07,190.2,BID
1233,1712179136.5845602,37789374.95005237,183.4,-7.761360616266409e-07,190.2,ASK
1234,1712179140.1088176,37789374.95005237,183.4,-0.0,190.2,ASK
1235,1712179140.454358,37803387.20102837,183.4,-1.8104786200803445e-06,190.2,ASK
1236,1712179144.374388,37803387.20102887,183.4,-6.449861855661757e-17,190.2,ASK
1237,1712179144.376803,37803609.42325059,183.2,-2.8712630256802706e-08,190.2,ASK
1238,1712179161.9342277,37803663.88948152,183.6,7.037409391399893e-09,190.2,BID
1239,1712179170.1194105,37803663.88948152,183.6,0.0,190.2,BID
1240,1712179183.9738312,37804823.9467078,183.6,1.49836590531695e-07,190.2,BID
1241,1712179200.1368742,37804823.9467078,183.6,0.0,190.2,BID
1242,1712179218.5137036,37805913.27132653,183.5,1.4118373121723852e-07,190.2,BID
1243,1712179230.1141007,37805913.27132653,183.5,0.0,190.2,BID
1244,1712179260.163442,37805913.27132653,183.5,0.0,190.2,BID
1245,1712179266.7630994,37806413.27132653,183.4,6.480165379891607e-08,190.2,BID
1246,1712179273.4034271,37811865.834031,183.4,7.066701613843768e-07,190.2,BID
1247,1712179290.1783438,37811865.834031,183.4,0.0,190.2,BID
1248,1712179294.613412,37813665.834031,183.0,-2.332529511986554e-07,190.2,ASK
1249,1712179294.624008,37829459.74556962,182.8,-2.0466535985292425e-06,190.2,ASK
1250,1712179294.6271548,37830688.39940217,183.1,-1.592150735805276e-07,190.2,ASK
1251,1712179294.6296673,37830961.9223781,182.8,-3.5444467420053905e-08,190.2,ASK
1252,1712179294.6321826,37834923.4885663,183.0,-5.133594470926461e-07,190.2,ASK
1253,1712179294.635242,37837123.4885663,182.9,-2.8508694035391216e-07,190.2,ASK
1254,1712179294.6376626,37839178.19316148,182.8,-2.6625883925932906e-07,190.2,ASK
1255,1712179320.1078105,37839178.19316148,182.8,-0.0,190.2,ASK
1256,1712179350.115748,37839178.19316148,182.8,-0.0,190.2,ASK
1257,1712179355.2530751,37839442.32417046,182.9,-3.4205271835755807e-08,190.2,ASK
1258,1712179380.12493,37839442.32417046,182.9,-0.0,190.2,ASK
1259,1712179384.132716,37841442.32417046,183.3,2.590006979924624e-07,190.2,BID
1260,1712179406.702684,37841496.87954416,183.3,-7.0649399335720605e-09,190.2,ASK
1261,1712179406.7122405,37846946.96410362,183.3,-7.057878525084598e-07,190.2,ASK
1262,1712179406.802294,37857442.32416962,183.3,1.3591527913886382e-06,190.2,BID
1263,1712179406.8124664,37857442.32417046,183.3,1.0902836499045879e-16,190.2,BID
1264,1712179409.963029,37859798.09340123,183.4,3.0507293753905e-07,190.2,BID
1265,1712179409.9661095,37860668.7687825,183.5,1.1275276573631933e-07,190.2,BID
1266,1712179409.9687097,37865617.99488938,183.5,6.409265081024898e-07,190.2,BID
1267,1712179410.116016,37865617.99488938,183.5,0.0,190.2,BID
1268,1712179440.166935,37865617.99488938,183.5,0.0,190.2,BID
1269,1712179453.5327058,37871067.58617003,183.5,7.052856208089847e-07,190.2,BID
1270,1712179465.912116,37871129.55453792,183.4,-8.019940683007794e-09,190.2,ASK
1271,1712179470.1819632,37871129.55453792,183.4,-0.0,190.2,ASK
1272,1712179480.02233,37871218.96021583,183.4,-1.1569360592552421e-08,190.2,ASK
1273,1712179491.2020366,37872218.96021583,183.4,1.2940297376375856e-07,190.2,BID
1274,1712179500.1163225,37872218.96021583,183.4,0.0,190.2,BID
1275,1712179508.963295,37872262.57396378,183.3,-5.666915983588374e-09,190.2,ASK
1276,1712179508.966929,37872468.43393613,183.3,-2.6748243899407844e-08,190.2,ASK
1277,1712179530.1219237,37872468.43393613,183.3,-0.0,190.2,ASK
1278,1712179553.0117474,37872741.35970032,183.2,-3.5462170951534874e-08,190.2,ASK
1279,1712179553.1316206,37876694.32744832,183.2,5.136225173122449e-07,190.2,BID
1280,1712179553.2318392,37876694.32744863,183.2,3.969124830480981e-17,190.2,BID
1281,1712179560.1717112,37876694.32744863,183.2,0.0,190.2,BID
1282,1712179590.181388,37876694.32744863,183.2,0.0,190.2,BID
1283,1712179599.401652,37877318.24184463,183.2,8.105916133701588e-08,190.2,BID
1284,1712179620.1116943,37877318.24184463,183.2,0.0,190.2,BID
1285,1712179639.0913067,37877692.68252033,183.2,-4.8646732015816043e-08,190.2,ASK
1286,1712179650.1322803,37877692.68252033,183.2,-0.0,190.2,ASK
1287,1712179678.0110602,37878892.68252033,183.5,1.5590068590279488e-07,190.2,BID
1288,1712179678.2911646,37879692.68252033,183.5,-1.0393379060186325e-07,190.2,ASK
1289,1712179680.1648378,37879692.68252033,183.5,-0.0,190.2,ASK
1290,1712179683.8510697,37880864.14151926,183.2,-1.521854617213056e-07,190.2,ASK
1291,1712179688.840902,37881954.05977539,183.5,1.4159241868309988e-07,190.2,BID
1292,1712179704.9610596,37881981.31318138,183.5,3.540518428362497e-09,190.2,BID
1293,1712179710.1636004,37881981.31318138,183.5,0.0,190.2,BID
1294,1712179724.960793,37882526.27230944,183.5,7.079235028931436e-08,190.2,BID
1295,1712179739.8909678,37883070.64475377,183.5,7.07161377481731e-08,190.2,BID
1296,1712179740.1133716,37883070.64475377,183.5,0.0,190.2,BID
1297,1712179770.1007068,37883070.64475377,183.5,0.0,190.2,BID
1298,1712179771.5806334,37883615.30706313,183.6,7.075195516207711e-08,190.2,BID
1299,1712179772.4206786,37883665.30706313,183.6,6.495029483934813e-09,190.2,BID
1300,1712179780.3939052,37884210.85287493,183.5,-7.086672264887436e-08,190.2,ASK
1301,1712179780.3972828,37884437.55205749,183.5,-2.9448357494551083e-08,190.2,ASK
1302,1712179789.3813255,37886351.34436098,183.2,-2.486027487455973e-07,190.2,ASK
1303,1712179789.3882942,37888351.34436098,183.2,-2.5980117935739255e-07,190.2,ASK
1304,1712179789.3944016,37891721.78081532,183.2,-4.378216828934462e-07,190.2,ASK
1305,1712179789.5204048,37897302.27239106,183.2,7.24909146385659e-07,190.2,BID
1306,1712179798.550724,37898214.87239106,183.3,-1.1854727814097178e-07,190.2,ASK
1307,1712179798.5907843,37910166.99272406,183.3,1.552587479167568e-06,190.2,BID
1308,1712179798.6305404,37910166.99272464,183.3,7.549111541314654e-17,190.2,BID
1309,1712179798.730722,37912206.99272464,183.4,2.649972029445404e-07,190.2,BID
1310,1712179800.1706057,37912206.99272464,183.4,0.0,190.2,BID
1311,1712179828.8309784,37912279.26614764,183.3,9.395083375040809e-09,190.2,BID
1312,1712179830.1056323,37912279.26614764,183.3,0.0,190.2,BID
1313,1712179838.050371,37912295.68233721,183.3,2.1339961173346755e-09,190.2,BID
1314,1712179860.170186,37912295.68233721,183.3,0.0,190.2,BID
1315,1712179884.8519826,37914651.45156798,183.5,3.06234306387542e-07,190.2,BID
1316,1712179884.8554318,37920115.93244229,183.5,7.103461105009034e-07,190.2,BID
1317,1712179884.8589716,37923084.25545817,183.6,3.8586221775408107e-07,190.2,BID
1318,1712179884.8615272,37923193.24728379,183.5,1.4168211250943196e-08,190.2,BID
1319,1712179890.160155,37923193.24728379,183.5,0.0,190.2,BID
1320,1712179904.5401435,37925681.64287221,183.6,3.2339077206292346e-07,190.2,BID
1321,1712179904.5436947,37927988.95748507,183.6,2.998575698811209e-07,190.2,BID
1322,1712179920.1054547,37927988.95748507,183.6,0.0,190.2,BID
1323,1712179936.170193,37933531.40957057,183.6,-7.202121688101259e-07,190.2,ASK
1324,1712179936.1737187,37937495.70859007,183.6,-5.151395719087034e-07,190.2,ASK
1325,1712179943.23998,37939455.70859007,183.5,-2.546915749731332e-07,190.2,ASK
1326,1712179943.2434888,37939455.70859017,183.6,-1.3554286476391402e-17,190.2,ASK
1327,1712179943.2469556,37940426.72004904,183.4,-1.2617777437531488e-07,190.2,ASK
1328,1712179950.1124015,37940426.72004904,183.4,-0.0,190.2,ASK
1329,1712179980.139904,37940426.72004904,183.4,-0.0,190.2,ASK
1330,1712180010.1214368,37940426.72004904,183.4,-0.0,190.2,ASK
1331,1712180040.189505,37940426.72004904,183.4,-0.0,190.2,ASK
1332,1712180050.929885,37940882.41590683,183.5,-5.919768970967639e-08,190.2,ASK
1333,1712180050.9335136,37941657.99327058,183.5,-1.007522612726402e-07,190.2,ASK
1334,1712180051.8695428,37943856.25186483,183.5,-2.855672877825767e-07,190.2,ASK
1335,1712180051.9694045,37945114.17998322,183.5,-1.6341258573279985e-07,190.2,ASK
1336,1712180070.161988,37945114.17998322,183.5,-0.0,190.2,ASK
1337,1712180074.149598,37945132.30054855,183.5,-2.353709689116422e-09,190.2,ASK
1338,1712180074.15338,37946350.12775281,183.5,-1.581855553476138e-07,190.2,ASK
1339,1712180089.320279,37946895.38402325,183.4,-7.082422337467564e-08,190.2,ASK
1340,1712180089.3231378,37952402.47235477,183.4,-7.15324656096224e-07,190.2,ASK
1341,1712180089.3258832,37952525.96490658,183.5,-1.6040648313023555e-08,190.2,ASK
1342,1712180089.3285463,37961818.52761106,183.4,-1.2070260763368305e-06,190.2,ASK
1343,1712180089.330085,37964933.21889557,183.3,-4.0457231440866826e-07,190.2,ASK
1344,1712180089.3316634,37980585.13001879,183.4,-2.033052180657e-06,190.2,ASK
1345,1712180089.3332326,38038707.41249899,183.3,-7.549597759074549e-06,190.2,ASK
1346,1712180091.0297766,38040627.41249899,183.9,2.493919212887467e-07,190.2,BID
1347,1712180091.0337152,38044143.23858594,184.0,4.566763660116538e-07,190.2,BID
1348,1712180100.1031592,38044143.23858594,184.0,0.0,190.2,BID
1349,1712180103.849821,38047440.62647732,183.4,-4.273956698477e-07,190.2,ASK
1350,1712180130.108054,38047440.62647732,183.4,-0.0,190.2,ASK
1351,1712180155.678944,38048184.62647732,183.8,9.642707074414409e-08,190.2,BID
1352,1712180158.7688882,38048984.62647732,183.7,1.0368502230553129e-07,190.2,BID
1353,1712180160.1701558,38048984.62647732,183.7,0.0,190.2,BID
1354,1712180163.024927,38050092.80865419,183.8,1.4362208614088853e-07,190.2,BID
1355,1712180164.2491012,38050200.62647732,183.8,1.3973352942315029e-08,190.2,BID
1356,1712180164.2520416,38050858.80865419,183.8,8.53014055591109e-08,190.2,BID
1357,1712180182.749538,38053200.62647732,183.8,3.0350313165274e-07,190.2,BID
1358,1712180182.7538972,38054040.62647732,183.8,1.0886527041931825e-07,190.2,BID
1359,1712180186.1791608,38054289.7808721,183.8,-3.229078638501242e-08,190.2,ASK
1360,1712180186.3392892,38055335.76155762,183.8,1.355606787883488e-07,190.2,BID
1361,1712180187.989153,38057696.60894608,183.8,3.059693920994921e-07,190.2,BID
1362,1712180190.1200757,38057696.60894608,183.8,0.0,190.2,BID
1363,1712180193.2294486,38057696.60894654,183.7,5.985518233810807e-17,190.2,BID
1364,1712180193.2340517,38059008.91615454,183.7,1.700417108151296e-07,190.2,BID
1365,1712180200.1399784,38060332.08949512,183.8,1.7144968583998477e-07,190.2,BID
1366,1712180201.188949,38061241.02290099,183.8,1.1777470275904165e-07,190.2,BID
1367,1712180220.1661923,38061241.02290099,183.8,0.0,190.2,BID
1368,1712180234.4288387,38061891.3142938,183.8,8.425415088461362e-08,190.2,BID
1369,1712180250.1605875,38061891.3142938,183.8,0.0,190.2,BID
1370,1712180250.889694,38062553.2765662,183.8,8.576494493335436e-08,190.2,BID
1371,1712180253.1808376,38067646.11116902,183.8,6.598362134490781e-07,190.2,BID
1372,1712180256.649305,38069278.32009176,183.8,2.114717321754689e-07,190.2,BID
1373,1712180271.0227678,38069376.25262712,183.8,1.268830392964005e-08,190.2,BID
1374,1712180274.657946,38073384.99989528,183.8,5.193800357536123e-07,190.2,BID
1375,1712180274.7902243,38077763.38968345,183.8,5.672715421052254e-07,190.2,BID
1376,1712180274.82993,38081594.48074811,183.8,4.963625993442442e-07,190.2,BID
1377,1712180276.339767,38081622.48074811,183.8,3.6277270748890285e-09,190.2,BID
1378,1712180277.9108715,38083529.62628043,183.8,2.470929815479178e-07,190.2,BID
1379,1712180278.220452,38086705.41725268,183.8,4.114608176513656e-07,190.2,BID
1380,1712180278.2247465,38087979.63252253,183.8,1.650894726309706e-07,190.2,BID
1381,1712180280.1163712,38087979.63252253,183.8,0.0,190.2,BID
1382,1712180283.8401425,38090150.63252253,183.8,-2.811037735566228e-07,190.2,ASK
1383,1712180285.4701104,38092321.63252253,183.8,-2.811037735566228e-07,190.2,ASK
1384,1712180304.2374172,38092349.63252253,183.8,-3.6254747395603116e-09,190.2,ASK
1385,1712180304.2403183,38093635.09987835,183.8,-1.664439081087835e-07,190.2,ASK
1386,1712180309.410762,38094452.85299051,183.8,1.0588368754756113e-07,190.2,BID
1387,1712180310.1061687,38094452.85299051,183.8,0.0,190.2,BID
1388,1712180311.0818193,38095166.56335727,183.8,9.239786953379646e-08,190.2,BID
1389,1712180314.2317245,38099822.26335727,183.8,6.027329589438704e-07,190.2,BID
1390,1712180316.381606,38101986.68207326,183.8,2.802084535266552e-07,190.2,BID
1391,1712180317.3014498,38102802.83547642,183.8,1.0566027786175885e-07,190.2,BID
1392,1712180319.011269,38103515.28610638,183.8,9.223478237339856e-08,190.2,BID
1393,1712180320.5912228,38104985.34064936,183.8,1.903151673219325e-07,190.2,BID
1394,1712180328.2216103,38106662.7016757,183.8,2.171533334672647e-07,190.2,BID
1395,1712180328.7246375,38109577.28630942,183.8,3.77325905959969e-07,190.2,BID
1396,1712180333.3018153,38110491.41798806,183.8,1.1834467245141469e-07,190.2,BID
1397,1712180335.1017044,38111404.01798805,183.8,1.1814637934674077e-07,190.2,BID
1398,1712180336.5521033,38112127.65670485,183.8,9.368320660369749e-08,190.2,BID
1399,1712180337.8715758,38113010.26356012,183.8,1.1426342793973165e-07,190.2,BID
1400,1712180338.902303,38114072.72873966,183.8,1.375481198186568e-07,190.2,BID
1401,1712180340.0818152,38115247.96327445,183.8,1.5214738677518916e-07,190.2,BID
1402,1712180340.1666007,38115247.96327445,183.8,0.0,190.2,BID
1403,1712180354.4523706,38115345.94912093,183.7,-1.2679100877049897e-08,190.2,ASK
1404,1712180354.4561565,38117331.9566615,183.7,-2.569839507792821e-07,190.2,ASK
1405,1712180354.4592786,38126853.61198746,183.6,-1.2320761898629237e-06,190.2,ASK
1406,1712180354.4626462,38126951.59783394,183.7,-1.2679100877049897e-08,190.2,ASK
1407,1712180364.7926424,38128951.59783394,183.8,2.5879453680794454e-07,190.2,BID
1408,1712180366.5724287,38139801.61690646,183.8,1.4039628301147978e-06,190.2,BID
1409,1712180370.167008,38139801.61690646,183.8,0.0,190.2,BID
1410,1712180400.1361177,38139801.61690646,183.8,0.0,190.2,BID
1411,1712180400.6379106,38151491.93374846,183.8,1.5133107662162948e-06,190.2,BID
1412,1712180400.641157,38151491.93374862,183.8,2.025402079940768e-17,190.2,BID
1413,1712180401.6435106,38151988.07058185,183.7,-6.422488127560243e-08,190.2,ASK
1414,1712180407.6832442,38152085.94986406,183.9,1.2670466810625143e-08,190.2,BID
1415,1712180430.1239204,38152085.94986406,183.9,0.0,190.2,BID
1416,1712180438.5643911,38152629.72365416,183.9,7.037091464953802e-08,190.2,BID
1417,1712180447.7243066,38152722.95055892,183.9,1.2064690644709512e-08,190.2,BID
1418,1712180449.105046,38153810.49813912,183.9,1.4074182929907605e-07,190.2,BID
1419,1712180460.1659586,38153810.49813912,183.9,0.0,190.2,BID
1420,1712180460.4679332,38155177.79945128,183.9,1.769380886518888e-07,190.2,BID
1421,1712180482.9310288,38155500.57311882,183.9,4.1769107726783954e-08,190.2,BID
1422,1712180482.9404333,38157754.50238765,183.9,2.916737761001562e-07,190.2,BID
1423,1712180486.3280358,38160317.76585956,183.9,3.317037257249457e-07,190.2,BID
1424,1712180488.585189,38161595.12144221,183.9,1.6529849954383177e-07,190.2,BID
1425,1712180490.166597,38161595.12144221,183.9,0.0,190.2,BID
1426,1712180504.3154385,38162136.94547654,183.9,7.010272784963288e-08,190.2,BID
1427,1712180508.6685135,38162408.98029699,183.8,-3.519663539385797e-08,190.2,ASK
1428,1712180508.715792,38162408.98029754,183.8,7.133431394803334e-17,190.2,BID
1429,1712180508.719937,38163136.94547654,183.8,9.418619624485833e-08,190.2,BID
1430,1712180514.575782,38168574.68337757,183.9,7.035499277325834e-07,190.2,BID
1431,1712180520.1252682,38168574.68337757,183.9,0.0,190.2,BID
1432,1712180538.4965706,38169966.47012112,183.9,1.800434128564584e-07,190.2,BID
1433,1712180540.726014,38170922.56963172,183.9,1.23682323973494e-07,190.2,BID
1434,1712180550.1428504,38170922.56963172,183.9,0.0,190.2,BID
1435,1712180558.2865262,38172010.11721192,183.9,1.406787661531023e-07,190.2,BID
1436,1712180561.5858593,38172107.99649413,183.9,1.2661088952208272e-08,190.2,BID
1437,1712180571.039472,38172205.87577634,183.9,1.2661088953172037e-08,190.2,BID
1438,1712180580.1774375,38172205.87577634,183.9,0.0,190.2,BID
1439,1712180610.1705167,38172205.87577634,183.9,0.0,190.2,BID
1440,1712180621.568369,38176111.43322157,183.9,5.051845457730988e-07,190.2,BID
1441,1712180621.6473122,38178487.62994923,183.9,3.0736146666976604e-07,190.2,BID
1442,1712180623.3375592,38187918.10481823,183.9,1.219833590962548e-06,190.2,BID
1443,1712180623.3977976,38193571.52227223,183.9,7.312705468082798e-07,190.2,BID
1444,1712180623.402058,38199978.72872011,183.9,8.287732863854798e-07,190.2,BID
1445,1712180623.4174416,38200399.56886511,184.0,5.4435747131137774e-08,190.2,BID
1446,1712180623.4196455,38201178.5660984,184.0,1.007634297985232e-07,190.2,BID
1447,1712180623.4474385,38202160.10071508,184.0,1.2696167613495944e-07,190.2,BID
1448,1712180623.457469,38203757.7259534,184.0,2.066531069267271e-07,190.2,BID
1449,1712180623.460807,38205677.7259534,184.1,2.483523393234076e-07,190.2,BID
1450,1712180640.1191957,38205677.7259534,184.1,0.0,190.2,BID
1451,1712180670.1239753,38205677.7259534,184.1,0.0,190.2,BID
1452,1712180696.4288845,38207415.01447318,184.1,-2.245397737751629e-07,190.2,ASK
1453,1712180696.4333432,38207844.7259534,184.1,-5.5539029619644184e-08,190.2,ASK
1454,1712180700.1376314,38207844.7259534,184.1,-0.0,190.2,ASK
1455,1712180707.809113,38207942.4458231,184.2,1.2631284934018855e-08,190.2,BID
1456,1712180715.478831,38210844.7259534,184.2,3.751491625553838e-07,190.2,BID
1457,1712180717.2986789,38210942.33983626,184.4,1.2617585059138897e-08,190.2,BID
1458,1712180725.369391,38212844.7259534,184.4,2.459027132671295e-07,190.2,BID
1459,1712180725.374731,38213460.77693007,184.4,7.963084113662399e-08,190.2,BID
1460,1712180730.1250029,38213460.77693007,184.4,0.0,190.2,BID
1461,1712180747.3695705,38215627.77693007,184.1,-2.800692743846993e-07,190.2,ASK
1462,1712180760.1816697,38215627.77693007,184.1,-0.0,190.2,ASK
1463,1712180790.1778193,38215627.77693007,184.1,-0.0,190.2,ASK
1464,1712180820.1205552,38215627.77693007,184.1,-0.0,190.2,ASK
1465,1712180850.1203158,38215627.77693007,184.1,-0.0,190.2,ASK
1466,1712180856.8802822,38215920.61857866,184.4,3.7845740398284854e-08,190.2,BID
1467,1712180860.070845,38216018.23246152,184.4,1.2615246799428284e-08,190.2,BID
1468,1712180870.8304832,38217018.23246152,184.4,1.292361949914318e-07,190.2,BID
1469,1712180871.3504455,38222441.22595392,184.4,7.008470444213483e-07,190.2,BID
1470,1712180875.570632,38222538.83983678,184.4,1.2615246799428284e-08,190.2,BID
1471,1712180880.1756654,38222538.83983678,184.4,0.0,190.2,BID
1472,1712180893.3915076,38234703.17047204,184.4,1.571812930518371e-06,190.2,BID
1473,1712180893.39527,38245119.28497212,184.4,1.3459173338749605e-06,190.2,BID
1474,1712180910.181175,38245119.28497212,184.4,0.0,190.2,BID
1475,1712180940.1305385,38245119.28497212,184.4,0.0,190.2,BID
1476,1712180970.118401,38245119.28497212,184.4,0.0,190.2,BID
1477,1712181000.1474795,38245119.28497212,184.4,0.0,190.2,BID
1478,1712181000.5251307,38245148.38117212,184.4,3.7602279520192076e-09,190.2,BID
1479,1712181000.5273125,38245661.30616247,184.5,6.628751815419008e-08,190.2,BID
1480,1712181012.3419957,38245758.86713807,184.5,1.2608227446825112e-08,190.2,BID
1481,1712181016.0622144,38247333.98765927,184.2,-2.0355964733327217e-07,190.2,ASK
1482,1712181016.0670245,38247729.42739867,184.2,-5.1104390305619464e-08,190.2,ASK
1483,1712181016.0716956,38247924.86713807,184.2,-2.525752403900212e-08,190.2,ASK
1484,1712181017.5422754,38250090.86713807,184.2,-2.7992156167789373e-07,190.2,ASK
1485,1712181019.6717308,38250313.03515975,184.5,2.8711735726340133e-08,190.2,BID
1486,1712181030.1265368,38250313.03515975,184.5,0.0,190.2,BID
1487,1712181030.3321424,38251451.35240486,184.4,-1.4709147720907188e-07,190.2,ASK
1488,1712181060.175253,38251451.35240486,184.4,-0.0,190.2,ASK
1489,1712181090.1649413,38251451.35240486,184.4,-0.0,190.2,ASK
1490,1712181108.1626868,38251955.21557163,184.4,-6.510660155637815e-08,190.2,ASK
1491,1712181108.168325,38252349.44362029,184.4,-5.0940116641724326e-08,190.2,ASK
1492,1712181116.8130555,38252403.67355521,184.4,7.007312695936735e-09,190.2,BID
1493,1712181120.155871,38252403.67355521,184.4,0.0,190.2,BID
1494,1712181143.1897209,38256096.71425864,184.4,4.771848583099805e-07,190.2,BID
