,time,acc_trade_volume,trade_price,dev,high,ask_bid
0,1712173460.2751431,638654.35553895,25810.0,0.0,26900.0,BID
1,1712173470.5323446,638654.35553895,25810.0,0.0,26900.0,BID
2,1712173500.4026024,638654.35553895,25810.0,0.0,26900.0,BID
3,1712173515.842454,638655.35553895,25800.0,-4.7473688535031136e-11,26900.0,ASK
4,1712173515.8440678,638655.75903895,25790.0,-1.9155633324592478e-11,26900.0,ASK
5,1712173525.2524817,638656.35553895,25790.0,-2.831805521043865e-11,26900.0,ASK
6,1712173530.3731756,638656.35553895,25790.0,-0.0,26900.0,ASK
7,1712173540.0224078,638656.97387036,25760.0,-2.9354400875481997e-11,26900.0,ASK
8,1712173560.5522387,638656.97387036,25760.0,-0.0,26900.0,ASK
9,1712173590.5526128,638656.97387036,25760.0,-0.0,26900.0,ASK
10,1712173620.3732624,638656.97387036,25760.0,-0.0,26900.0,ASK
11,1712173650.3821857,638656.97387036,25760.0,-0.0,26900.0,ASK
12,1712173680.5485198,638656.97387036,25760.0,-0.0,26900.0,ASK
13,1712173685.9321108,638693.46852359,25810.0,1.7325302472917431e-09,26900.0,BID
14,1712173710.541788,638693.46852359,25810.0,0.0,26900.0,BID
15,1712173740.3727314,638693.46852359,25810.0,0.0,26900.0,BID
16,1712173752.2323515,638702.86119261,25810.0,4.4588327591002965e-10,26900.0,BID
17,1712173770.372149,638702.86119261,25810.0,0.0,26900.0,BID
18,1712173784.102282,638703.86119261,25810.0,4.747086729929631e-11,26900.0,BID
19,1712173785.1648748,638719.60199473,25810.0,7.47229528620709e-10,26900.0,BID
20,1712173787.4125235,638726.59839051,25790.0,-3.3212497564604157e-10,26900.0,ASK
21,1712173787.4141517,638944.59839051,25790.0,-1.0348649071246596e-08,26900.0,ASK
22,1712173787.4719903,639078.10069051,25790.0,6.3374699674532686e-09,26900.0,BID
23,1712173787.492315,639094.04630925,25810.0,7.56952351214091e-10,26900.0,BID
24,1712173787.493881,639094.04632628,25810.0,8.084256311115878e-16,26900.0,BID
25,1712173787.612055,639099.82264182,25810.0,2.7420670847625137e-10,26900.0,BID
26,1712173800.3931887,639099.82264182,25810.0,0.0,26900.0,BID
27,1712173804.0721312,639138.56731442,25810.0,1.839988668445553e-09,26900.0,BID
28,1712173810.3122337,639139.34980182,25810.0,3.7160410775682346e-11,26900.0,BID
29,1712173821.1921294,639321.78662863,25810.0,8.663944524776509e-09,26900.0,BID
30,1712173830.344717,639321.78662863,25810.0,0.0,26900.0,BID
31,1712173836.3526068,639356.2897655,25810.0,1.63811200651375e-09,26900.0,BID
32,1712173836.3545918,639408.14097179,25810.0,2.461749605430285e-09,26900.0,BID
33,1712173860.5433426,639408.14097179,25810.0,0.0,26900.0,BID
34,1712173890.542863,639408.14097179,25810.0,0.0,26900.0,BID
35,1712173916.702989,639414.33217331,25810.0,2.9390975402199967e-10,26900.0,BID
36,1712173916.7049327,639428.2703334,25810.0,6.616746669150452e-10,26900.0,BID
37,1712173916.70638,639430.78873712,25810.0,1.1955408259224212e-10,26900.0,BID
38,1712173920.3541267,639430.78873712,25810.0,0.0,26900.0,BID
39,1712173950.3654058,639430.78873712,25810.0,0.0,26900.0,BID
40,1712173978.232057,639433.78873712,25820.0,1.4241254989034063e-10,26900.0,BID
41,1712173980.543135,639433.78873712,25820.0,0.0,26900.0,BID
42,1712174010.5417745,639433.78873712,25820.0,0.0,26900.0,BID
43,1712174016.0217085,639437.66170381,25820.0,1.8385234461190127e-10,26900.0,BID
44,1712174021.4417446,639446.7700614,25820.0,4.32379886669626e-10,26900.0,BID
45,1712174021.565207,639468.18145873,25820.0,1.016413492714086e-09,26900.0,BID
46,1712174022.5223515,639474.41314453,25820.0,2.958223338657731e-10,26900.0,BID
47,1712174023.331754,639483.84457797,25820.0,4.4771651547342216e-10,26900.0,BID
48,1712174024.877684,639510.65563683,25820.0,1.2727390725273603e-09,26900.0,BID
49,1712174024.9117756,639530.72888181,25820.0,9.528904968568652e-10,26900.0,BID
50,1712174040.3647738,639530.72888181,25820.0,0.0,26900.0,BID
51,1712174070.3830342,639530.72888181,25820.0,0.0,26900.0,BID
52,1712174082.49164,639544.02888181,25800.0,-6.312849743981846e-10,26900.0,ASK
53,1712174091.1630754,639550.05743373,25820.0,2.86145431912911e-10,26900.0,BID
54,1712174100.5325196,639550.05743373,25820.0,0.0,26900.0,BID
55,1712174130.5328867,639550.05743373,25820.0,0.0,26900.0,BID
56,1712174137.5320225,639556.13727869,25800.0,-2.895971062952251e-10,26900.0,ASK
57,1712174137.5338895,639608.98523373,25800.0,-2.5172705807271187e-09,26900.0,ASK
58,1712174152.8750815,639634.04425542,25800.0,-1.1936192807092507e-09,26900.0,ASK
59,1712174152.875922,639637.74683373,25800.0,-1.7636238612521503e-10,26900.0,ASK
60,1712174160.395396,639637.74683373,25800.0,-0.0,26900.0,ASK
61,1712174164.0218668,639649.97768565,25800.0,-5.825210495265701e-10,26900.0,ASK
62,1712174190.4036086,639649.97768565,25800.0,-0.0,26900.0,ASK
63,1712174192.122615,639659.83428565,25800.0,4.694350584694385e-10,26900.0,BID
64,1712174193.4824388,639665.37430233,25800.0,2.6385143498155636e-10,26900.0,BID
65,1712174202.8024096,639669.83428565,25800.0,-2.1241325919970903e-10,26900.0,ASK
66,1712174206.1121218,639679.95768565,25800.0,4.821418005038429e-10,26900.0,BID
67,1712174208.482164,639684.88206499,25800.0,2.3453080204089447e-10,26900.0,BID
68,1712174220.4054737,639684.88206499,25800.0,0.0,26900.0,BID
69,1712174220.842142,639694.88206499,25800.0,4.762442684423661e-10,26900.0,BID
70,1712174225.6495073,639729.38520186,25780.0,-1.6431921177613123e-09,26900.0,ASK
71,1712174225.6566138,639847.13167224,25780.0,-5.607608164779021e-09,26900.0,ASK
72,1712174225.6573668,639861.06983232,25780.0,-6.637968850730777e-10,26900.0,ASK
73,1712174225.807312,639887.16504691,25780.0,1.242769638229968e-09,26900.0,BID
74,1712174225.842296,639893.73892665,25800.0,3.1307725475892017e-10,26900.0,BID
75,1712174241.662653,639897.61489564,25800.0,1.8459080161633527e-10,26900.0,BID
76,1712174243.952456,639898.00249253,25800.0,1.845907973195703e-11,26900.0,BID
77,1712174250.3937583,639898.00249253,25800.0,0.0,26900.0,BID
78,1712174254.10613,639906.07002768,25800.0,3.84111223300845e-10,26900.0,BID
79,1712174267.9725404,639911.30329646,25820.0,2.4916622432413467e-10,26900.0,BID
80,1712174280.5425358,639911.30329646,25820.0,0.0,26900.0,BID
81,1712174310.5538125,639911.30329646,25820.0,0.0,26900.0,BID
82,1712174340.3510952,639911.30329646,25820.0,0.0,26900.0,BID
83,1712174341.7724357,639929.46501525,25820.0,8.64701036855409e-10,26900.0,BID
84,1712174342.947136,639945.52040843,25820.0,7.64416368865566e-10,26900.0,BID
85,1712174345.0225344,639959.2331461,25820.0,6.528797531983817e-10,26900.0,BID
86,1712174370.3673036,639959.2331461,25820.0,0.0,26900.0,BID
87,1712174372.0527236,639984.1331461,25780.0,-1.185448773125391e-09,26900.0,ASK
88,1712174372.0631504,640180.71055223,25770.0,-9.358732727743013e-09,26900.0,ASK
89,1712174372.064891,640185.71055223,25790.0,-2.38041922314113e-10,26900.0,ASK
90,1712174372.066675,640185.92564143,25770.0,-1.0240049324931238e-11,26900.0,ASK
91,1712174372.0684676,640188.71185752,25780.0,-1.3264724681322398e-10,26900.0,ASK
92,1712174372.070257,640189.41185752,25770.0,-3.3325869121758876e-11,26900.0,ASK
93,1712174400.4429624,640189.41185752,25770.0,-0.0,26900.0,ASK
94,1712174430.364454,640189.41185752,25770.0,-0.0,26900.0,ASK
95,1712174460.534549,640189.41185752,25770.0,-0.0,26900.0,ASK
96,1712174490.5430555,640189.41185752,25770.0,-0.0,26900.0,ASK
97,1712174516.383099,640193.41185752,25780.0,-1.9055629839198795e-10,26900.0,ASK
98,1712174519.373282,640193.60573111,25790.0,9.235958415392316e-12,26900.0,BID
99,1712174520.366459,640193.60573111,25790.0,0.0,26900.0,BID
100,1712174536.8649812,640194.38943308,25770.0,-3.733464431093817e-11,26900.0,ASK
101,1712174536.8692367,640196.7157825,25770.0,-1.1082456273258868e-10,26900.0,ASK
102,1712174536.8707435,640197.35099212,25760.0,-3.0260642607890776e-11,26900.0,ASK
103,1712174536.8722274,640207.82770952,25770.0,-4.990985510362194e-10,26900.0,ASK
104,1712174536.8737807,640210.23015474,25770.0,-1.1444967755489092e-10,26900.0,ASK
105,1712174536.875311,640224.41690763,25760.0,-6.758402981547885e-10,26900.0,ASK
106,1712174536.8762004,640228.41690763,25770.0,-1.9055531689171623e-10,26900.0,ASK
107,1712174536.877077,640240.84330769,25760.0,-5.91979150311779e-10,26900.0,ASK
108,1712174550.3530602,640240.84330769,25760.0,-0.0,26900.0,ASK
109,1712174562.953409,640256.35945905,25760.0,-7.39128431386262e-10,26900.0,ASK
110,1712174562.965259,640271.88740935,25760.0,-7.396904864877086e-10,26900.0,ASK
111,1712174562.9676473,640294.23934063,25760.0,-1.064758104127546e-09,26900.0,ASK
112,1712174562.9700274,640302.1213282,25760.0,-3.7546689083063766e-10,26900.0,ASK
113,1712174562.9724274,640331.18995268,25750.0,-1.3847149538561682e-09,26900.0,ASK
114,1712174562.9747734,640340.11119081,25760.0,-4.249727005123874e-10,26900.0,ASK
115,1712174562.976516,640651.50927816,25750.0,-1.4833780265449184e-08,26900.0,ASK
116,1712174562.9775443,640655.50927816,25760.0,-1.905442694485564e-10,26900.0,ASK
117,1712174562.978583,640674.91921604,25750.0,-9.246131083467087e-10,26900.0,ASK
118,1712174562.9796462,640717.24671801,25760.0,-2.0163157351137113e-09,26900.0,ASK
119,1712174562.980692,640790.76520149,25750.0,-3.5021314314143e-09,26900.0,ASK
120,1712174563.0955791,640798.26920149,25750.0,3.57461049483451e-10,26900.0,BID
121,1712174563.103104,640816.21667196,25750.0,8.54946912288082e-10,26900.0,BID
122,1712174563.1235354,640831.50498285,25750.0,7.28275007413461e-10,26900.0,BID
123,1712174563.1329603,640846.52815702,25750.0,7.156449367523628e-10,26900.0,BID
124,1712174564.585226,640852.4448631,25750.0,2.8184860938725684e-10,26900.0,BID
125,1712174564.803662,640867.1021809,25740.0,-6.982169780737534e-10,26900.0,ASK
126,1712174564.8062508,641265.84762946,25740.0,-1.899466504794997e-08,26900.0,ASK
127,1712174564.8132975,641285.82887589,25740.0,-9.518280009171315e-10,26900.0,ASK
128,1712174564.81529,641286.46289061,25740.0,-3.020196790959166e-11,26900.0,ASK
129,1712174564.8630185,641310.93329061,25740.0,1.1656736227780623e-09,26900.0,BID
130,1712174565.4246385,641320.93329061,25740.0,4.763606736213907e-10,26900.0,BID
131,1712174565.4468014,641339.06901244,25740.0,8.63914466758187e-10,26900.0,BID
132,1712174566.3732111,641345.63072947,25740.0,3.125743944528605e-10,26900.0,BID
133,1712174566.3933086,641378.15372947,25740.0,1.5492678188154335e-09,26900.0,BID
134,1712174566.556784,641389.06676376,25740.0,5.198540365673609e-10,26900.0,BID
135,1712174566.5936103,641410.02304806,25740.0,9.9827497057296e-10,26900.0,BID
136,1712174566.613338,641419.00028613,25740.0,4.276403174278567e-10,26900.0,BID
137,1712174567.093125,641424.05458613,25740.0,2.407669752665431e-10,26900.0,BID
138,1712174567.893361,641482.07168613,25740.0,2.763706483758604e-09,26900.0,BID
139,1712174569.3527994,641486.54109714,25740.0,2.1290516394330576e-10,26900.0,BID
140,1712174572.113654,641493.16621369,25740.0,3.1559449825296077e-10,26900.0,BID
141,1712174573.3233154,641496.96972285,25740.0,1.8118421856119635e-10,26900.0,BID
142,1712174573.3243616,641499.39115541,25740.0,1.1534752453915631e-10,26900.0,BID
143,1712174576.6732335,641504.61598516,25740.0,2.4889034192761943e-10,26900.0,BID
144,1712174580.5256689,641504.61598516,25740.0,0.0,26900.0,BID
145,1712174580.8153512,641508.10229999,25730.0,-1.65817323719427e-10,26900.0,ASK
146,1712174580.816355,641508.49646633,25730.0,-1.8747477146034195e-11,26900.0,ASK
147,1712174588.003659,641510.0101515,25730.0,-7.19944227865937e-11,26900.0,ASK
148,1712174588.0058775,641690.93329314,25730.0,-8.605129659354287e-09,26900.0,ASK
149,1712174588.09255,641701.34062813,25740.0,4.949973020882877e-10,26900.0,BID
150,1712174590.4569366,641743.87348059,25740.0,2.022962385475853e-09,26900.0,BID
151,1712174590.6129143,641775.75970216,25740.0,1.5165836082116975e-09,26900.0,BID
152,1712174590.794352,641799.66430924,25740.0,1.136959271843342e-09,26900.0,BID
153,1712174591.423173,641817.58522339,25740.0,8.52360778602806e-10,26900.0,BID
154,1712174591.463383,641835.57448753,25740.0,8.556116646993515e-10,26900.0,BID
155,1712174595.2537954,641839.46100132,25730.0,-1.8485172644389336e-10,26900.0,ASK
156,1712174595.256674,641938.9762317,25730.0,-4.7331781481233e-09,26900.0,ASK
157,1712174595.3743596,642094.1270317,25730.0,7.379336543958641e-09,26900.0,BID
158,1712174595.3932168,642094.1270916,25730.0,2.848984268772611e-15,26900.0,BID
159,1712174595.475849,642103.98881039,25740.0,4.690465138013501e-10,26900.0,BID
160,1712174595.4832566,642109.69550125,25740.0,2.7142362403639967e-10,26900.0,BID
161,1712174595.683176,642122.02734168,25740.0,5.865313020601369e-10,26900.0,BID
162,1712174597.5002365,642129.81022819,25740.0,3.701723667610295e-10,26900.0,BID
163,1712174597.507207,642131.29355374,25740.0,7.055044793571212e-11,26900.0,BID
164,1712174597.724909,642147.90355374,25740.0,7.90010621892336e-10,26900.0,BID
165,1712174597.92358,642157.05217134,25740.0,4.351297459131256e-10,26900.0,BID
166,1712174599.4531631,642158.56035131,25740.0,7.173258254075493e-11,26900.0,BID
167,1712174601.9433274,642163.49065103,25750.0,2.344966374436205e-10,26900.0,BID
168,1712174610.534399,642163.49065103,25750.0,0.0,26900.0,BID
169,1712174623.108276,642189.58586562,25740.0,-1.240149628380708e-09,26900.0,ASK
170,1712174636.583352,642190.08586562,25750.0,2.376201245825544e-11,26900.0,BID
171,1712174640.3446722,642190.08586562,25750.0,0.0,26900.0,BID
172,1712174670.3665018,642190.08586562,25750.0,0.0,26900.0,BID
173,1712174674.2833438,642190.47421513,25750.0,1.8455331372225685e-11,26900.0,BID
174,1712174690.8137467,642202.12470056,25750.0,5.53659947468111e-10,26900.0,BID
175,1712174700.135632,642391.49411803,25750.0,8.999304136996422e-09,26900.0,BID
176,1712174700.5346043,642391.49411803,25750.0,0.0,26900.0,BID
177,1712174706.2430546,642397.69411803,25750.0,2.9512479226248316e-10,26900.0,BID
178,1712174716.1850266,642408.23770422,25750.0,5.018828522553083e-10,26900.0,BID
179,1712174717.6734717,642410.88699058,25740.0,-1.2610807848939048e-10,26900.0,ASK
180,1712174722.193511,642415.94157954,25750.0,2.4060234141624995e-10,26900.0,BID
181,1712174724.0254462,642427.82537102,25750.0,5.65677659964584e-10,26900.0,BID
182,1712174730.543516,642427.82537102,25750.0,0.0,26900.0,BID
183,1712174747.9432132,642659.8918681,25750.0,1.1046052747426697e-08,26900.0,BID
184,1712174760.3747065,642659.8918681,25750.0,0.0,26900.0,BID
185,1712174762.5934768,642661.05691664,25750.0,5.54389727528092e-11,26900.0,BID
186,1712174763.6534655,642666.61902973,25750.0,2.646738101102335e-10,26900.0,BID
187,1712174784.2072573,642755.80309363,25740.0,-4.243834242812269e-09,26900.0,ASK
188,1712174784.2153616,642772.11709284,25740.0,-7.76303584486766e-10,26900.0,ASK
189,1712174784.2170372,643278.38148654,25740.0,-2.4090651131448176e-08,26900.0,ASK
190,1712174784.6085136,643285.95236258,25740.0,3.6026103298884167e-10,26900.0,BID
191,1712174785.55574,643301.61067306,25740.0,7.451025586127938e-10,26900.0,BID
192,1712174786.4133818,643315.16968324,25740.0,6.45207105221081e-10,26900.0,BID
193,1712174789.84324,643327.45968324,25740.0,5.848211055148359e-10,26900.0,BID
194,1712174790.3647115,643327.45968324,25740.0,0.0,26900.0,BID
195,1712174790.9618173,643336.54790167,25740.0,4.3211062745425694e-10,26900.0,BID
196,1712174791.94085,643344.82114399,25740.0,3.933615765902575e-10,26900.0,BID
197,1712174792.903503,643350.78955167,25740.0,2.8377535238165667e-10,26900.0,BID
198,1712174800.203506,643351.02256137,25750.0,1.1078735450873182e-11,26900.0,BID
199,1712174820.5547557,643351.02256137,25750.0,0.0,26900.0,BID
200,1712174823.8642898,643361.25066727,25740.0,-4.862939688756317e-10,26900.0,ASK
201,1712174850.5448537,643361.25066727,25740.0,-0.0,26900.0,ASK
202,1712174852.4157004,643381.30442122,25750.0,9.53441197031099e-10,26900.0,BID
203,1712174852.418085,643763.02743122,25750.0,1.814874384603545e-08,26900.0,BID
204,1712174852.4558375,643779.00907206,25750.0,7.59835530594609e-10,26900.0,BID
205,1712174852.473535,643956.26810932,25750.0,8.427652453084641e-09,26900.0,BID
206,1712174880.3666637,643956.26810932,25750.0,0.0,26900.0,BID
207,1712174884.6040895,643979.96810932,25750.0,-1.1259790930713336e-09,26900.0,ASK
208,1712174884.6071389,643983.85160446,25750.0,-1.845035584674183e-10,26900.0,ASK
209,1712174884.6632867,644000.35216578,25750.0,7.83936163299392e-10,26900.0,BID
210,1712174896.9037528,644000.83673226,25740.0,-2.3021591797172648e-11,26900.0,ASK
211,1712174905.025345,644001.06938057,25790.0,1.1053043591504891e-11,26900.0,BID
212,1712174910.3546312,644001.06938057,25790.0,0.0,26900.0,BID
213,1712174910.9042027,644029.18733172,25740.0,-1.335801264442112e-09,26900.0,ASK
214,1712174910.907513,644031.70347391,25740.0,-1.19534524437413e-10,26900.0,ASK
215,1712174910.9107208,644032.09197429,25740.0,-1.845651185766729e-11,26900.0,ASK
216,1712174910.9131858,644045.15343702,25740.0,-6.20511727087048e-10,26900.0,ASK
217,1712174940.5556242,644045.15343702,25740.0,-0.0,26900.0,ASK
218,1712174941.7263508,644049.03995081,25730.0,-1.8462690102172427e-10,26900.0,ASK
219,1712174941.7294004,644090.90508878,25730.0,-1.988782518700845e-09,26900.0,ASK
220,1712174941.7322855,644171.85508878,25730.0,-3.845489414235211e-09,26900.0,ASK
221,1712174941.7349818,644199.01685486,25720.0,-1.290306163462655e-09,26900.0,ASK
222,1712174941.7376306,644242.06406266,25720.0,-2.044936156973893e-09,26900.0,ASK
223,1712174941.740105,644245.95057645,25730.0,-1.8462690102172427e-10,26900.0,ASK
224,1712174941.741289,644296.29422924,25720.0,-2.3915501405553234e-09,26900.0,ASK
225,1712174941.7424858,644359.14154533,25710.0,-2.985530435293987e-09,26900.0,ASK
226,1712174941.743703,644378.97241623,25720.0,-9.4205564077544e-10,26900.0,ASK
227,1712174941.744902,644458.7079277,25710.0,-3.787795741769809e-09,26900.0,ASK
228,1712174970.5351074,644458.7079277,25710.0,-0.0,26900.0,ASK
229,1712175000.4163723,644458.7079277,25710.0,-0.0,26900.0,ASK
230,1712175004.053762,644459.17199803,25730.0,-2.2072852459173438e-11,26900.0,ASK
231,1712175004.6636636,644459.41746987,25730.0,-1.1675522770254676e-11,26900.0,ASK
232,1712175012.4038763,644459.65029874,25770.0,1.107417769401274e-11,26900.0,BID
233,1712175030.3737457,644459.65029874,25770.0,0.0,26900.0,BID
234,1712175053.3734436,644462.09231464,25770.0,1.1615091719126451e-10,26900.0,BID
235,1712175060.5436132,644462.09231464,25770.0,0.0,26900.0,BID
236,1712175062.8938491,644492.09231464,25770.0,1.4269018829702199e-09,26900.0,BID
237,1712175084.4336169,644514.16719105,25770.0,1.049956090528875e-09,26900.0,BID
238,1712175090.5366333,644514.16719105,25770.0,0.0,26900.0,BID
239,1712175107.3442674,644520.84243777,25770.0,3.1747713966963156e-10,26900.0,BID
240,1712175107.504038,644523.00196652,25770.0,-1.0270796561447027e-10,26900.0,ASK
241,1712175120.3736918,644523.00196652,25770.0,-0.0,26900.0,ASK
242,1712175150.3648517,644523.00196652,25770.0,-0.0,26900.0,ASK
243,1712175180.526687,644523.00196652,25770.0,-0.0,26900.0,ASK
244,1712175188.8943255,644535.97345833,25770.0,6.169221450968028e-10,26900.0,BID
245,1712175188.9138515,644542.01441596,25770.0,2.8730701094822793e-10,26900.0,BID
246,1712175188.9334805,644554.49783278,25770.0,5.93709374029171e-10,26900.0,BID
247,1712175189.790072,644576.54617378,25770.0,1.048615689291676e-09,26900.0,BID
248,1712175210.5534985,644576.54617378,25770.0,0.0,26900.0,BID
249,1712175223.3234591,644576.54617383,25770.0,2.380622496931225e-18,26900.0,BID
250,1712175237.4834895,644727.88493978,25770.0,-7.197175999114084e-09,26900.0,ASK
251,1712175238.448145,644738.78493978,25790.0,5.18368297098837e-10,26900.0,BID
252,1712175240.3767126,644738.78493978,25790.0,0.0,26900.0,BID
253,1712175270.3836718,644738.78493978,25790.0,0.0,26900.0,BID
254,1712175300.4140537,644738.78493978,25790.0,0.0,26900.0,BID
255,1712175306.5838094,644739.17268696,25790.0,-1.8456556545430888e-11,26900.0,ASK
256,1712175306.587463,644758.5600464,25790.0,-9.228278483340507e-10,26900.0,ASK
257,1712175330.364238,644758.5600464,25790.0,-0.0,26900.0,ASK
258,1712175360.554557,644758.5600464,25790.0,-0.0,26900.0,ASK
259,1712175365.4034472,644762.47782384,25790.0,-1.8647956526973766e-10,26900.0,ASK
260,1712175390.5538676,644762.47782384,25790.0,-0.0,26900.0,ASK
261,1712175420.3665507,644762.47782384,25790.0,-0.0,26900.0,ASK
262,1712175450.3673277,644762.47782384,25790.0,-0.0,26900.0,ASK
263,1712175456.383453,644763.6410654,25790.0,-5.536806020662788e-11,26900.0,ASK
264,1712175458.0733042,644809.5042488,25790.0,-2.182999290176554e-09,26900.0,ASK
265,1712175473.5136998,644920.22578412,25790.0,5.270132055657833e-09,26900.0,BID
266,1712175473.5173445,645205.08393084,25790.0,1.3558699723634444e-08,26900.0,BID
267,1712175476.8868449,645215.08393084,25770.0,-4.759807602400318e-10,26900.0,ASK
268,1712175480.5360444,645215.08393084,25770.0,-0.0,26900.0,ASK
269,1712175510.545277,645215.08393084,25770.0,-0.0,26900.0,ASK
270,1712175525.563562,645216.45779729,25760.0,-6.53570880453076e-11,26900.0,ASK
271,1712175525.5666106,645219.17182221,25760.0,-1.291106320154679e-10,26900.0,ASK
272,1712175540.3708448,645219.17182221,25760.0,-0.0,26900.0,ASK
273,1712175570.3847053,645219.17182221,25760.0,-0.0,26900.0,ASK
274,1712175585.013596,645220.33641849,25760.0,-5.540148412923664e-11,26900.0,ASK
275,1712175594.8134992,645220.72416567,25790.0,1.8445679076533744e-11,26900.0,BID
276,1712175600.4083874,645220.72416567,25790.0,0.0,26900.0,BID
277,1712175630.343417,645220.72416567,25790.0,0.0,26900.0,BID
278,1712175639.1732988,645224.72416567,25780.0,1.9066220264568988e-10,26900.0,BID
279,1712175655.373534,645228.60314162,25780.0,-1.8489352466226601e-10,26900.0,ASK
280,1712175660.5487375,645228.60314162,25780.0,-0.0,26900.0,ASK
281,1712175660.774923,645236.36711677,25760.0,-3.7007056788496985e-10,26900.0,ASK
282,1712175660.776821,645240.24759794,25770.0,-1.8496348101614963e-10,26900.0,ASK
283,1712175660.7840693,645244.78867783,25760.0,-2.1645097791270222e-10,26900.0,ASK
284,1712175660.7881627,645251.01444746,25760.0,-2.967518646018917e-10,26900.0,ASK
285,1712175681.8635466,645289.84939891,25750.0,-1.851071424021238e-09,26900.0,ASK
286,1712175681.8668876,645307.98368407,25750.0,-8.643723192992824e-10,26900.0,ASK
287,1712175690.5445848,645307.98368407,25750.0,-0.0,26900.0,ASK
288,1712175691.4532957,645308.83720956,25760.0,4.067940470163014e-11,26900.0,BID
289,1712175696.4133968,645316.71640574,25780.0,3.755259964387236e-10,26900.0,BID
290,1712175696.984243,645325.86288025,25760.0,-4.359250456234793e-10,26900.0,ASK
291,1712175696.988145,645350.8979477,25760.0,-1.193182456086993e-09,26900.0,ASK
292,1712175720.3561594,645350.8979477,25760.0,-0.0,26900.0,ASK
293,1712175737.408518,645354.67217807,25790.0,1.7987202077205194e-10,26900.0,BID
294,1712175737.412333,645360.8979477,25790.0,2.967073163140753e-10,26900.0,BID
295,1712175750.3661256,645360.8979477,25790.0,0.0,26900.0,BID
296,1712175780.5333295,645360.8979477,25790.0,0.0,26900.0,BID
297,1712175797.7435243,645361.28569488,25790.0,-1.84790022726745e-11,26900.0,ASK
298,1712175797.747486,645367.4779477,25780.0,-2.9510634725639447e-10,26900.0,ASK
299,1712175810.5249035,645367.4779477,25780.0,-0.0,26900.0,ASK
300,1712175840.3757887,645367.4779477,25780.0,-0.0,26900.0,ASK
301,1712175866.1772995,645397.10899127,25760.0,-1.4121255374184321e-09,26900.0,ASK
302,1712175866.182283,645430.30373748,25760.0,-1.58196078111585e-09,26900.0,ASK
303,1712175866.2358224,645493.79043662,25760.0,-3.025583251236944e-09,26900.0,ASK
304,1712175870.3864317,645493.79043662,25760.0,-0.0,26900.0,ASK
305,1712175900.543127,645493.79043662,25760.0,-0.0,26900.0,ASK
306,1712175930.5551658,645493.79043662,25760.0,-0.0,26900.0,ASK
307,1712175960.35452,645493.79043662,25760.0,-0.0,26900.0,ASK
308,1712175990.383326,645493.79043662,25760.0,-0.0,26900.0,ASK
309,1712175994.3033478,645503.79043662,25800.0,4.773098222360092e-10,26900.0,BID
310,1712176001.2431984,645525.86531303,25780.0,-1.0536555335117647e-09,26900.0,ASK
311,1712176020.536629,645525.86531303,25780.0,-0.0,26900.0,ASK
312,1712176039.0989487,645530.11986558,25800.0,2.0306595553104967e-10,26900.0,BID
313,1712176039.1928864,645604.11856558,25800.0,-3.531891202858088e-09,26900.0,ASK
314,1712176044.2971358,645604.11862823,25800.0,-2.990225753866065e-15,26900.0,ASK
315,1712176044.3010962,645612.03836558,25800.0,-3.78001919975524e-10,26900.0,ASK
316,1712176050.5346243,645612.03836558,25800.0,-0.0,26900.0,ASK
317,1712176080.3734827,645612.03836558,25800.0,-0.0,26900.0,ASK
318,1712176099.4519951,645616.72414175,25800.0,2.2362414019423587e-10,26900.0,BID
319,1712176104.4432263,645622.45056209,25800.0,2.7328787771089616e-10,26900.0,BID
320,1712176104.4628491,645628.15571013,25800.0,2.72272677745142e-10,26900.0,BID
321,1712176110.3642232,645628.15571013,25800.0,0.0,26900.0,BID
322,1712176111.948609,645671.26320445,25790.0,-2.057222689329055e-09,26900.0,ASK
323,1712176117.9228346,645688.16283623,25800.0,8.06502592820719e-10,26900.0,BID
324,1712176133.4347737,645696.26803776,25790.0,-3.8680523542824014e-10,26900.0,ASK
325,1712176140.546251,645696.26803776,25790.0,-0.0,26900.0,ASK
326,1712176151.8637388,645722.60477967,25790.0,-1.2567652516025627e-09,26900.0,ASK
327,1712176151.867869,645808.13880372,25790.0,-4.081605447752415e-09,26900.0,ASK
328,1712176158.1634912,645820.81632407,25790.0,-6.049596835779602e-10,26900.0,ASK
329,1712176170.5461323,645820.81632407,25790.0,-0.0,26900.0,ASK
330,1712176181.8140516,645823.71416127,25800.0,1.3826095006809714e-10,26900.0,BID
331,1712176189.474208,645825.26454886,25800.0,7.397174043453877e-11,26900.0,BID
332,1712176200.6375687,645825.26454886,25800.0,0.0,26900.0,BID
333,1712176205.0945897,645834.77110178,25790.0,-4.5599419403804284e-10,26900.0,ASK
334,1712176220.1648426,645835.49303845,25790.0,3.462863277165756e-11,26900.0,BID
335,1712176230.5509624,645835.49303845,25790.0,0.0,26900.0,BID
336,1712176237.6059458,645867.88550158,25760.0,-1.553727028873898e-09,26900.0,ASK
337,1712176237.6093678,645873.59608753,25770.0,-2.7391222784511525e-10,26900.0,ASK
338,1712176256.215505,645917.71417988,25760.0,-2.116154991718558e-09,26900.0,ASK
339,1712176260.3777325,645917.71417988,25760.0,-0.0,26900.0,ASK
340,1712176267.6561258,645944.08153589,25760.0,-1.2646000974153943e-09,26900.0,ASK
341,1712176267.660534,645973.5278956,25760.0,-1.4122716492162696e-09,26900.0,ASK
342,1712176268.615866,645992.93783349,25760.0,-9.309165976753859e-10,26900.0,ASK
343,1712176275.1866395,645993.32603224,25760.0,-1.8618331578304945e-11,26900.0,ASK
344,1712176275.1900609,646009.57008295,25760.0,-7.790780426610618e-10,26900.0,ASK
345,1712176287.5064044,646017.8105382,25760.0,-3.952190165681072e-10,26900.0,ASK
346,1712176287.5098655,646026.45123359,25760.0,-4.144148631305668e-10,26900.0,ASK
347,1712176290.3867466,646026.45123359,25760.0,-0.0,26900.0,ASK
348,1712176300.6363857,646028.39072156,25780.0,9.300694475897695e-11,26900.0,BID
349,1712176320.558614,646028.39072156,25780.0,0.0,26900.0,BID
350,1712176328.7172654,646032.3637932,25780.0,1.905257337280027e-10,26900.0,BID
351,1712176348.7874043,646051.76619909,25770.0,-9.304281304838259e-10,26900.0,ASK
352,1712176349.147312,646090.51718821,25780.0,1.8582752348146527e-09,26900.0,BID
353,1712176350.5493045,646090.51718821,25780.0,0.0,26900.0,BID
354,1712176370.7982364,646090.74974634,25760.0,-1.1151298025816664e-11,26900.0,ASK
355,1712176370.8016584,646106.92536398,25750.0,-7.756303041485533e-10,26900.0,ASK
356,1712176370.8052232,646128.62023729,25760.0,-1.0402818339559424e-09,26900.0,ASK
357,1712176374.568028,646130.14611621,25750.0,-7.316678454830844e-11,26900.0,ASK
358,1712176374.5717971,646137.32023729,25750.0,-3.4400329181154847e-10,26900.0,ASK
359,1712176380.4003768,646137.32023729,25750.0,-0.0,26900.0,ASK
360,1712176386.338209,646150.20514544,25750.0,-6.17803155273495e-10,26900.0,ASK
361,1712176386.3420773,646157.96912059,25750.0,-3.722656218698568e-10,26900.0,ASK
362,1712176386.3478467,646180.40227144,25750.0,-1.0756205024179443e-09,26900.0,ASK
363,1712176391.4108138,646190.40227144,25750.0,-4.79478121290203e-10,26900.0,ASK
364,1712176391.4128482,646224.52036379,25750.0,-1.6358878821966039e-09,26900.0,ASK
365,1712176391.8482852,646226.52036379,25740.0,-9.589562425804064e-11,26900.0,ASK
366,1712176391.8550322,646230.68680935,25740.0,-1.9977194895930096e-10,26900.0,ASK
367,1712176402.3993702,646238.15596013,25740.0,-3.5812943836284493e-10,26900.0,ASK
368,1712176402.4040527,646335.74997721,25740.0,-4.6794195958641605e-09,26900.0,ASK
369,1712176402.4084594,646335.98317262,25740.0,-1.118120970772497e-11,26900.0,ASK
370,1712176402.4106252,646372.60415405,25740.0,-1.7558959375885123e-09,26900.0,ASK
371,1712176403.4381208,646401.64474388,25770.0,1.3924327452858923e-09,26900.0,BID
372,1712176410.3803658,646401.64474388,25770.0,0.0,26900.0,BID
373,1712176440.5506327,646401.64474388,25770.0,0.0,26900.0,BID
374,1712176468.4393926,646460.48791613,25730.0,-2.820481026185785e-09,26900.0,ASK
375,1712176468.4433076,646468.26094372,25730.0,-3.7257809182194894e-10,26900.0,ASK
376,1712176470.54116,646468.26094372,25730.0,-0.0,26900.0,ASK
377,1712176475.6696358,646487.66334962,25730.0,-9.299230477960303e-10,26900.0,ASK
378,1712176479.269317,646488.05169913,25750.0,1.861290614371172e-11,26900.0,BID
379,1712176479.5095155,646525.64010854,25730.0,-1.8015460773563078e-09,26900.0,ASK
380,1712176488.869462,646526.41620477,25730.0,3.7196921625497136e-11,26900.0,BID
381,1712176500.3728263,646526.41620477,25730.0,0.0,26900.0,BID
382,1712176504.3998792,646532.29379877,25730.0,2.82023788698407e-10,26900.0,BID
383,1712176512.5403426,646538.91266271,25730.0,3.1759204279544496e-10,26900.0,BID
384,1712176514.5897632,646580.05280368,25730.0,1.974021755125261e-09,26900.0,BID
385,1712176530.390489,646580.05280368,25730.0,0.0,26900.0,BID
386,1712176534.4402716,646580.05280369,25730.0,4.803590702072207e-19,26900.0,BID
387,1712176534.4437308,646583.91038859,25730.0,1.8508571211910864e-10,26900.0,BID
388,1712176534.7602246,646587.19815929,25730.0,-1.5774620574296026e-10,26900.0,ASK
389,1712176534.7641182,646659.11489268,25730.0,-3.450542284317436e-09,26900.0,ASK
390,1712176544.4001403,646664.47301549,25730.0,-2.5708104983439987e-10,26900.0,ASK
391,1712176552.4002364,646684.09491917,25720.0,-9.41452776777725e-10,26900.0,ASK
392,1712176560.5508304,646684.09491917,25720.0,-0.0,26900.0,ASK
393,1712176567.919635,646724.09491917,25720.0,-1.9189409847993667e-09,26900.0,ASK
394,1712176567.9214396,646754.34304935,25720.0,-1.4511094178959167e-09,26900.0,ASK
395,1712176574.3817458,646758.22956314,25710.0,-1.8644976499043927e-10,26900.0,ASK
396,1712176590.571557,646758.22956314,25710.0,-0.0,26900.0,ASK
397,1712176603.6912467,646771.22754252,25710.0,-6.23501851262782e-10,26900.0,ASK
398,1712176603.6952555,646796.57312142,25710.0,-1.215805542027237e-09,26900.0,ASK
399,1712176620.4222517,646796.57312142,25710.0,-0.0,26900.0,ASK
400,1712176625.8942575,646814.37786462,25730.0,8.54037776354062e-10,26900.0,BID
401,1712176625.97362,646847.1170937,25730.0,1.5703982971865655e-09,26900.0,BID
402,1712176626.8986638,646853.56680004,25710.0,-3.0937221609253517e-10,26900.0,ASK
403,1712176626.9020343,646880.48248877,25710.0,-1.291061302817745e-09,26900.0,ASK
404,1712176636.2411935,646922.76911577,25730.0,2.02835707805367e-09,26900.0,BID
405,1712176647.6319623,646922.76911649,25730.0,3.4537525135418216e-17,26900.0,BID
406,1712176647.6351457,646947.66911577,25750.0,1.1943749919602255e-09,26900.0,BID
407,1712176650.372721,646947.66911577,25750.0,0.0,26900.0,BID
408,1712176671.121681,646951.55261091,25750.0,1.8624437134780343e-10,26900.0,BID
409,1712176671.3221304,646956.55261091,25710.0,-2.397896284576317e-10,26900.0,ASK
410,1712176671.3262331,647001.20090506,25710.0,-2.141239573099801e-09,26900.0,ASK
411,1712176671.330174,647003.74219989,25710.0,-1.218752286135603e-10,26900.0,ASK
412,1712176671.3342738,647008.61665571,25710.0,-2.3376879000557297e-10,26900.0,ASK
413,1712176680.626208,647008.61665571,25710.0,-0.0,26900.0,ASK
414,1712176702.6223865,647065.60149921,25720.0,-2.732669514530464e-09,26900.0,ASK
415,1712176710.562119,647065.60149921,25720.0,-0.0,26900.0,ASK
416,1712176718.0521598,647075.04795276,25730.0,4.5296643560482085e-10,26900.0,BID
417,1712176721.2223938,647150.1929971,25710.0,-3.6032763732767645e-09,26900.0,ASK
418,1712176721.2265165,647233.23720162,25710.0,-3.982048619614293e-09,26900.0,ASK
419,1712176721.2306635,647234.40406276,25710.0,-5.595210187656989e-11,26900.0,ASK
420,1712176740.3724844,647234.40406276,25710.0,-0.0,26900.0,ASK
421,1712176751.6136122,647237.25820914,25710.0,-1.368305584297387e-10,26900.0,ASK
422,1712176751.615693,647248.15102211,25710.0,-5.222120673095122e-10,26900.0,ASK
423,1712176751.6176329,647258.15102211,25710.0,-4.794097436069064e-10,26900.0,ASK
424,1712176751.619563,647387.10406276,25710.0,-6.182134415534651e-09,26900.0,ASK
425,1712176755.2724435,647465.15387922,25720.0,3.741784249765442e-09,26900.0,BID
426,1712176761.1026256,647483.38306272,25710.0,-8.73924818786668e-10,26900.0,ASK
427,1712176761.1077497,647483.39327922,25710.0,-4.897889659000947e-13,26900.0,ASK
428,1712176765.7082183,647507.96327922,25710.0,-1.1779097400452943e-09,26900.0,ASK
429,1712176770.1985846,647540.51327922,25710.0,-1.560478715437131e-09,26900.0,ASK
430,1712176770.3830545,647540.51327922,25710.0,-0.0,26900.0,ASK
431,1712176771.6728845,647552.51817922,25710.0,-5.753095180303592e-10,26900.0,ASK
432,1712176775.5927398,647707.46083222,25710.0,-7.425299920811239e-09,26900.0,ASK
433,1712176775.595341,647722.56253222,25710.0,-7.237171278725011e-10,26900.0,ASK
434,1712176777.4227448,647778.89453222,25710.0,-2.6995923139295516e-09,26900.0,ASK
435,1712176778.902434,647807.40643222,25710.0,-1.366372685076442e-09,26900.0,ASK
436,1712176780.3128357,647824.28758286,25710.0,-8.08993547503873e-10,26900.0,ASK
437,1712176780.392553,647828.89858286,25710.0,-2.2097245188584926e-10,26900.0,ASK
438,1712176780.917061,647834.26652422,25710.0,-2.5724727041589277e-10,26900.0,ASK
439,1712176781.9044726,647840.06652422,25710.0,-2.7795276966794555e-10,26900.0,ASK
440,1712176783.1260154,647868.19572422,25710.0,-1.348032594564057e-09,26900.0,ASK
441,1712176783.407831,647877.25172422,25710.0,-4.3398970380823917e-10,26900.0,ASK
442,1712176784.9164145,647900.06172422,25710.0,-1.0931211510500808e-09,26900.0,ASK
443,1712176785.0994887,647943.58322422,25710.0,-2.085676114652209e-09,26900.0,ASK
444,1712176786.1130314,647950.83570029,25710.0,-3.475596225193104e-10,26900.0,ASK
445,1712176787.4833152,648042.10570029,25710.0,-4.3739222909245755e-09,26900.0,ASK
446,1712176789.1128974,648083.80690029,25710.0,-1.998442075583926e-09,26900.0,ASK
447,1712176789.5971973,648102.0218025,25710.0,-8.729107790471287e-10,26900.0,ASK
448,1712176792.7849288,648112.0218025,25710.0,-4.792289132167483e-10,26900.0,ASK
449,1712176795.0998092,648215.5587025,25710.0,-4.961787606480633e-09,26900.0,ASK
450,1712176798.399659,648236.05755508,25710.0,-9.823642844145551e-10,26900.0,ASK
451,1712176798.4039855,648270.0975924,25710.0,-1.631297009071897e-09,26900.0,ASK
452,1712176798.4082232,648277.1867025,25710.0,-3.397306528869728e-10,26900.0,ASK
453,1712176800.4265282,648277.1867025,25710.0,-0.0,26900.0,ASK
454,1712176807.113721,648277.18676003,25710.0,-2.7558516288699103e-15,26900.0,ASK
455,1712176807.1182537,648277.96497013,25700.0,-3.7278485984220875e-11,26900.0,ASK
456,1712176807.1225932,648278.16364717,25700.0,-9.517197538984438e-12,26900.0,ASK
457,1712176807.1268933,648572.9825025,25700.0,-1.4122665030986005e-08,26900.0,ASK
458,1712176807.1327076,648907.04638317,25700.0,-1.6002613809665798e-08,26900.0,ASK
459,1712176808.4527633,648912.36030229,25720.0,2.545518998421792e-10,26900.0,BID
460,1712176810.892825,648912.75291504,25720.0,1.8807271840819592e-11,26900.0,BID
461,1712176816.8529656,648928.07291504,25700.0,-7.338717465401097e-10,26900.0,ASK
462,1712176817.4974172,649005.86365795,25700.0,-3.7263987182902276e-09,26900.0,ASK
463,1712176820.1135852,649092.38609185,25700.0,-4.144671650217818e-09,26900.0,ASK
464,1712176820.1188674,649100.55729806,25700.0,-3.9142411049102717e-10,26900.0,ASK
465,1712176820.124183,649105.7187019,25700.0,-2.4724598241708744e-10,26900.0,ASK
466,1712176820.1265492,649256.18085795,25700.0,-7.207566922257871e-09,26900.0,ASK
467,1712176823.2900877,649266.57714121,25700.0,-4.980116549309007e-10,26900.0,ASK
468,1712176823.463554,649270.47470702,25700.0,-1.8670453187052875e-10,26900.0,ASK
469,1712176823.4661849,649274.3657576,25700.0,-1.8639243375224675e-10,26900.0,ASK
470,1712176823.4694664,649281.18928816,25700.0,-3.2686659853627576e-10,26900.0,ASK
471,1712176824.653144,649282.3321453,25700.0,-5.4746120457871845e-11,26900.0,ASK
472,1712176824.6574144,649322.74072711,25700.0,-1.9356864561475336e-09,26900.0,ASK
473,1712176824.6617067,649337.37244947,25700.0,-7.00901282198719e-10,26900.0,ASK
474,1712176825.1729662,649388.08913309,25700.0,-2.4294739678237358e-09,26900.0,ASK
475,1712176825.4533951,649396.96386766,25700.0,-4.2512512787314016e-10,26900.0,ASK
476,1712176825.4591372,649399.73004181,25700.0,-1.3250764064306378e-10,26900.0,ASK
477,1712176825.6141012,649402.98443714,25700.0,-1.5589482929729332e-10,26900.0,ASK
478,1712176825.6181164,649411.52101301,25700.0,-4.089263605175736e-10,26900.0,ASK
479,1712176825.62217,649437.61841813,25700.0,-1.2501402268711916e-09,26900.0,ASK
480,1712176827.6689289,649455.52792154,25700.0,-8.579163542557489e-10,26900.0,ASK
481,1712176827.788812,649468.6095779,25700.0,-6.26648694558245e-10,26900.0,ASK
482,1712176828.103248,649477.60521713,25700.0,-4.3091680633113216e-10,26900.0,ASK
483,1712176828.111121,649478.39727722,25700.0,-3.794194005300827e-11,26900.0,ASK
484,1712176830.365915,649478.39727722,25700.0,-0.0,26900.0,ASK
485,1712176832.0039015,649478.60521713,25700.0,-9.946206817123377e-12,26900.0,ASK
486,1712176832.009371,649479.8831295,25700.0,-6.112525837506281e-11,26900.0,ASK
487,1712176832.0141013,649480.27223455,25700.0,-1.8611719611259293e-11,26900.0,ASK
488,1712176832.0183356,649482.21775984,25700.0,-9.30585999662548e-11,26900.0,ASK
489,1712176837.263418,649493.66773331,25700.0,-5.476765099191652e-10,26900.0,ASK
490,1712176837.2678814,649496.28087152,25700.0,-1.2499194155744684e-10,26900.0,ASK
491,1712176839.4830627,649506.79097362,25700.0,-5.02720469357875e-10,26900.0,ASK
492,1712176840.6462395,649523.74140388,25700.0,-8.10775021501406e-10,26900.0,ASK
493,1712176840.6517055,649537.88074239,25700.0,-6.763145423898318e-10,26900.0,ASK
494,1712176850.3351717,649572.59793196,25690.0,-1.6605967924366923e-09,26900.0,ASK
495,1712176850.3398302,649574.22074239,25690.0,-7.762246392026886e-11,26900.0,ASK
496,1712176850.3616846,649576.65779521,25690.0,-1.1656940397569866e-10,26900.0,ASK
497,1712176851.3534644,649577.2788765,25710.0,2.970763505663226e-11,26900.0,BID
498,1712176851.8139338,649785.8148765,25690.0,-9.974719065605934e-09,26900.0,ASK
499,1712176852.1932924,649887.40255749,25690.0,-4.85915419112856e-09,26900.0,ASK
500,1712176854.1284213,649919.00605749,25690.0,-1.511662417949132e-09,26900.0,ASK
501,1712176854.403684,649924.06805749,25690.0,-2.421261936088808e-10,26900.0,ASK
502,1712176855.8730154,649934.19205749,25690.0,-4.84252387212193e-10,26900.0,ASK
503,1712176856.3533652,649943.05467681,25690.0,-4.2391787462523126e-10,26900.0,ASK
504,1712176856.3581848,649951.91109318,25690.0,-4.236211743670139e-10,26900.0,ASK
505,1712176857.386022,650068.7062345,25690.0,-5.5865592650440645e-09,26900.0,ASK
506,1712176857.388225,650073.90675999,25690.0,-2.487521615265624e-10,26900.0,ASK
507,1712176857.390331,650074.37510357,25690.0,-2.240186652151277e-11,26900.0,ASK
508,1712176857.3924556,650263.92839318,25690.0,-9.066735776173309e-09,26900.0,ASK
509,1712176860.5432315,650263.92839318,25690.0,-0.0,26900.0,ASK
510,1712176862.165706,650264.31780127,25680.0,-1.8608252199562056e-11,26900.0,ASK
511,1712176862.1705017,650264.31783905,25690.0,-1.8053507544250386e-15,26900.0,ASK
512,1712176862.1742003,650270.23014849,25680.0,-2.8252557653066576e-10,26900.0,ASK
513,1712176862.1779263,650271.10298727,25680.0,-4.1709467682360674e-11,26900.0,ASK
514,1712176862.1816466,650271.36159318,25680.0,-1.2357740161816748e-11,26900.0,ASK
515,1712176864.0649042,650309.11218272,25690.0,1.8039494012013675e-09,26900.0,BID
516,1712176878.3537052,650315.04701866,25680.0,-2.836020276949556e-10,26900.0,ASK
517,1712176878.358554,650319.16255492,25680.0,-1.9666498622223923e-10,26900.0,ASK
518,1712176878.433717,650321.01591898,25680.0,-8.856484169060729e-11,26900.0,ASK
519,1712176878.4383087,650321.79473515,25680.0,-3.721650391514122e-11,26900.0,ASK
520,1712176888.245521,650323.74253413,25670.0,-9.307750810091208e-11,26900.0,ASK
521,1712176888.2502809,650325.69033311,25670.0,-9.307750810091208e-11,26900.0,ASK
522,1712176888.2539878,650325.69033312,25680.0,-4.728568474306552e-19,26900.0,ASK
523,1712176888.2576883,650326.46945271,25670.0,-3.723100314690608e-11,26900.0,ASK
524,1712176888.2613928,650326.66431052,25670.0,-9.311473914123111e-12,26900.0,ASK
525,1712176888.263775,650384.62029026,25670.0,-2.769484032482743e-09,26900.0,ASK
526,1712176888.6436696,650384.85402613,25670.0,1.1169300613628333e-11,26900.0,BID
527,1712176890.566338,650384.85402613,25670.0,0.0,26900.0,BID
528,1712176894.673439,650385.24297984,25670.0,1.858378171514752e-11,26900.0,BID
529,1712176912.9937642,650399.84455161,25670.0,6.976470863017631e-10,26900.0,BID
530,1712176920.3657174,650399.84455161,25670.0,0.0,26900.0,BID
531,1712176932.164256,650401.39733251,25660.0,-7.418880453187561e-11,26900.0,ASK
532,1712176932.169312,650403.73560219,25660.0,-1.1171790703471663e-10,26900.0,ASK
533,1712176950.4096236,650403.73560219,25660.0,-0.0,26900.0,ASK
534,1712176972.4568565,650421.69418865,25670.0,8.580216982743736e-10,26900.0,BID
535,1712176980.3965418,650421.69418865,25670.0,0.0,26900.0,BID
536,1712176993.445768,650507.09261687,25670.0,4.080058902530194e-09,26900.0,BID
537,1712176994.0845604,650507.32635274,25670.0,1.1167138992340466e-11,26900.0,BID
538,1712177001.5954795,650509.67068797,25660.0,-1.1200470576391455e-10,26900.0,ASK
539,1712177001.5996616,650553.18953614,25660.0,-2.0791888984925793e-09,26900.0,ASK
540,1712177006.8809364,650572.67511681,25660.0,-9.30957612932915e-10,26900.0,ASK
541,1712177006.8848464,650615.81293614,25660.0,-2.060984580883448e-09,26900.0,ASK
542,1712177010.3847935,650615.81293614,25660.0,-0.0,26900.0,ASK
543,1712177023.4347796,650616.81293614,25660.0,-4.7765375532082616e-11,26900.0,ASK
544,1712177023.4397998,650655.78409748,25660.0,-1.8614721563271523e-09,26900.0,ASK
545,1712177023.4446826,650656.38528626,25660.0,-2.871600784435264e-11,26900.0,ASK
546,1712177023.4498005,650656.61917574,25660.0,-1.1171818845443232e-11,26900.0,ASK
547,1712177028.6048565,650657.01798696,25660.0,-1.9049367687729982e-11,26900.0,ASK
548,1712177028.6092842,650658.01798696,25660.0,-4.7765375532082616e-11,26900.0,ASK
549,1712177038.7244537,650658.40754675,25670.0,1.8607469662810083e-11,26900.0,BID
550,1712177040.554282,650658.40754675,25670.0,0.0,26900.0,BID
551,1712177043.0744734,650659.40754675,25660.0,4.776288199074152e-11,26900.0,BID
552,1712177061.0952077,650667.63924675,25650.0,-3.931697156833738e-10,26900.0,ASK
553,1712177061.099928,650669.63924675,25650.0,-9.552576398148303e-11,26900.0,ASK
554,1712177070.5584755,650669.63924675,25650.0,-0.0,26900.0,ASK
555,1712177071.9445934,650679.63924675,25660.0,4.776222475221877e-10,26900.0,BID
556,1712177078.8392649,650690.90072413,25650.0,-5.37873213662877e-10,26900.0,ASK
557,1712177078.8432996,650726.21642445,25650.0,-1.686756415968772e-09,26900.0,ASK
558,1712177082.065164,650808.84905964,25650.0,-3.946718493809003e-09,26900.0,ASK
559,1712177088.6552408,650885.832498,25650.0,-3.6769002851507685e-09,26900.0,ASK
560,1712177088.6602352,650932.79801242,25650.0,-2.243177455329205e-09,26900.0,ASK
561,1712177089.9447854,650936.69512855,25650.0,-1.8613493649140462e-10,26900.0,ASK
562,1712177091.5789964,650946.15263676,25650.0,-4.5171163272084545e-10,26900.0,ASK
563,1712177099.3051343,650968.80520754,25650.0,-1.0819371768107354e-09,26900.0,ASK
564,1712177099.3153632,650974.76392681,25650.0,-2.846016890069485e-10,26900.0,ASK
565,1712177100.4063463,650974.76392681,25650.0,-0.0,26900.0,ASK
566,1712177101.9047818,650974.99775377,25660.0,1.1167752853349856e-11,26900.0,BID
567,1712177102.6056552,651013.30321837,25660.0,1.829498025538865e-09,26900.0,BID
568,1712177127.3249128,651017.1979974,25660.0,1.8601759878668422e-10,26900.0,BID
569,1712177130.3806994,651017.1979974,25660.0,0.0,26900.0,BID
570,1712177132.245257,651023.33832213,25660.0,2.9325131314185576e-10,26900.0,BID
571,1712177132.2504685,651056.16915874,25660.0,1.5679441024105831e-09,26900.0,BID
572,1712177137.5352895,651056.36393863,25670.0,9.302351427521956e-12,26900.0,BID
573,1712177154.9388704,651081.13547044,25670.0,1.183045612596179e-09,26900.0,BID
574,1712177160.415526,651081.13547044,25670.0,0.0,26900.0,BID
575,1712177163.3054535,651178.56925844,25670.0,4.652904950774179e-09,26900.0,BID
576,1712177163.385038,651178.56925874,25670.0,1.4326468699811616e-17,26900.0,BID
577,1712177185.0858405,651208.56925874,25670.0,-1.4326359611841334e-09,26900.0,ASK
578,1712177185.0914142,651239.98661403,25670.0,-1.5003210997877202e-09,26900.0,ASK
579,1712177185.1854374,651423.95153134,25670.0,8.785158537821338e-09,26900.0,BID
580,1712177190.3772576,651423.95153134,25670.0,0.0,26900.0,BID
581,1712177209.985524,651424.18499437,25700.0,1.1144234445469444e-11,26900.0,BID
582,1712177217.8163288,651428.62827962,25690.0,-2.120978749509676e-10,26900.0,ASK
583,1712177220.5596142,651428.62827962,25690.0,-0.0,26900.0,ASK
584,1712177223.9855988,651438.62827962,25700.0,4.773419814415397e-10,26900.0,BID
585,1712177224.4455323,651438.62827963,25690.0,-4.779013153628029e-19,26900.0,ASK
586,1712177233.4190097,651443.07156488,25680.0,-2.1209665853395007e-10,26900.0,ASK
587,1712177241.005627,651443.07156489,25680.0,-4.779013153628029e-19,26900.0,ASK
588,1712177241.0108864,651453.07156489,25680.0,-4.773419814415397e-10,26900.0,ASK
589,1712177250.5457203,651453.07156489,25680.0,-0.0,26900.0,ASK
590,1712177257.4162705,651454.07156489,25690.0,4.7732767475059e-11,26900.0,BID
591,1712177259.625801,651454.44878103,25660.0,-1.8005570300422447e-11,26900.0,ASK
592,1712177280.4208214,651454.44878103,25660.0,-0.0,26900.0,ASK
593,1712177285.3259284,651484.43601903,25690.0,1.431371442122186e-09,26900.0,BID
594,1712177285.3858323,651484.43601922,25690.0,9.068723884747785e-18,26900.0,BID
595,1712177296.3766646,651488.87930448,25660.0,-2.120899440742204e-10,26900.0,ASK
596,1712177296.382206,651494.38810027,25660.0,-2.6294962457529667e-10,26900.0,ASK
597,1712177296.3876684,651597.33905392,25650.0,-4.9141256355048e-09,26900.0,ASK
598,1712177296.3905602,651616.33905392,25660.0,-9.069210508915075e-10,26900.0,ASK
599,1712177296.3928928,651624.78689642,25660.0,-4.0323822093743565e-10,26900.0,ASK
600,1712177298.7060242,651681.77173992,25650.0,-2.7200396922092664e-09,26900.0,ASK
601,1712177305.7760074,651686.98060692,25700.0,2.4863321755520977e-10,26900.0,BID
602,1712177305.8358824,651733.74621631,25700.0,2.232248190186725e-09,26900.0,BID
603,1712177305.8412406,651736.74232492,25700.0,1.4301231416982539e-10,26900.0,BID
604,1712177310.3809586,651736.74232492,25700.0,0.0,26900.0,BID
605,1712177318.1960993,651736.74232526,25700.0,1.622029355613647e-17,26900.0,BID
606,1712177318.275964,651760.14232526,25710.0,1.1165587330901115e-09,26900.0,BID
607,1712177335.7994266,651804.00431345,25700.0,-2.092926750605477e-09,26900.0,ASK
608,1712177335.80574,651826.98941996,25710.0,-1.0967615984920683e-09,26900.0,ASK
609,1712177340.5885155,651826.98941996,25710.0,-0.0,26900.0,ASK
610,1712177341.826085,651833.19882532,25730.0,2.9625634257534567e-10,26900.0,BID
611,1712177344.8559918,651862.30860639,25710.0,-1.388853967960924e-09,26900.0,ASK
612,1712177370.5580225,651862.30860639,25710.0,-0.0,26900.0,ASK
613,1712177383.456155,651962.57924844,25710.0,-4.783795687119984e-09,26900.0,ASK
614,1712177400.4076395,651962.57924844,25710.0,-0.0,26900.0,ASK
615,1712177404.226658,651979.31013136,25710.0,-7.99312681220029e-10,26900.0,ASK
616,1712177404.2375045,652044.40656549,25710.0,-3.1099617127902703e-09,26900.0,ASK
617,1712177404.240626,652046.35133406,25710.0,-9.29107081488575e-11,26900.0,ASK
618,1712177405.0761237,652071.41899457,25700.0,-1.197599614441044e-09,26900.0,ASK
619,1712177405.8996792,652091.03586303,25700.0,-9.371897347483935e-10,26900.0,ASK
620,1712177405.9048977,652141.03586303,25700.0,-2.388734309609278e-09,26900.0,ASK
621,1712177405.909436,652157.16854099,25700.0,-7.707336269774763e-10,26900.0,ASK
622,1712177406.4565265,652172.04634424,25700.0,-7.10782381497022e-10,26900.0,ASK
623,1712177407.0962312,652185.84510427,25700.0,-6.592314302778383e-10,26900.0,ASK
624,1712177407.1062222,652189.73614424,25700.0,-1.858932135271244e-10,26900.0,ASK
625,1712177411.8065152,652246.19126945,25710.0,2.6971258908479042e-09,26900.0,BID
626,1712177413.626847,652246.58403491,25710.0,1.876424659642257e-11,26900.0,BID
627,1712177427.5564318,652248.58403491,25710.0,9.554937238437115e-11,26900.0,BID
628,1712177430.370039,652248.58403491,25710.0,0.0,26900.0,BID
629,1712177431.9404554,652248.62943114,25660.0,-2.1680291742733367e-12,26900.0,ASK
630,1712177431.9462006,652253.58707338,25660.0,-2.3676664330941343e-10,26900.0,ASK
631,1712177431.9491844,652253.58708399,25700.0,-5.06710304071114e-16,26900.0,ASK
632,1712177431.952183,652286.68708399,25670.0,-1.5807868971120363e-09,26900.0,ASK
633,1712177439.127236,652386.68708399,25690.0,4.7757912299490895e-09,26900.0,BID
634,1712177440.7364588,652387.46559703,25690.0,3.7180157490447865e-11,26900.0,BID
635,1712177457.3326385,652400.91136191,25690.0,6.421416599407786e-10,26900.0,BID
636,1712177460.5763562,652400.91136191,25690.0,0.0,26900.0,BID
637,1712177469.5169914,652404.80241249,25660.0,-1.8579373646931583e-10,26900.0,ASK
638,1712177484.1072693,652408.69952862,25660.0,-1.860833603588484e-10,26900.0,ASK
639,1712177484.1132915,652568.36609824,25650.0,-7.623917486897521e-09,26900.0,ASK
640,1712177484.1189835,652659.59984748,25660.0,-4.356319409134275e-09,26900.0,ASK
641,1712177490.5706248,652659.59984748,25660.0,-0.0,26900.0,ASK
642,1712177515.0438397,652665.09979884,25690.0,2.6253393274891536e-10,26900.0,BID
643,1712177520.3828096,652665.09979884,25690.0,0.0,26900.0,BID
644,1712177529.8672118,652668.99236404,25690.0,-1.8580592648468456e-10,26900.0,ASK
645,1712177529.8730211,652700.03979884,25660.0,-1.4820040491537503e-09,26900.0,ASK
646,1712177550.4087987,652700.03979884,25660.0,-0.0,26900.0,ASK
647,1712177580.5577002,652700.03979884,25660.0,-0.0,26900.0,ASK
648,1712177610.5730982,652700.03979884,25660.0,-0.0,26900.0,ASK
649,1712177617.7273407,652704.01287048,25700.0,-1.8964066714262319e-10,26900.0,ASK
650,1712177632.7972867,652724.01287048,25700.0,-9.54629990725438e-10,26900.0,ASK
651,1712177640.4000208,652724.01287048,25700.0,-0.0,26900.0,ASK
652,1712177648.8672645,652729.78210124,25700.0,-2.753659374537878e-10,26900.0,ASK
653,1712177670.3310406,652731.71686157,25700.0,-9.23462960974338e-11,26900.0,ASK
654,1712177670.407124,652731.71686157,25700.0,-0.0,26900.0,ASK
655,1712177697.50737,652755.71686157,25740.0,1.1455114763126975e-09,26900.0,BID
656,1712177697.5129657,652757.05486637,25740.0,6.386249390793924e-11,26900.0,BID
657,1712177700.5509918,652757.05486637,25740.0,0.0,26900.0,BID
658,1712177714.767912,652757.19630529,25700.0,-6.759176679035014e-12,26900.0,ASK
659,1712177714.7750444,652757.43992605,25700.0,-1.164231005551225e-11,26900.0,ASK
660,1712177719.987369,652757.82399753,25740.0,1.83542619811976e-11,26900.0,BID
661,1712177730.5984185,652757.82399753,25740.0,0.0,26900.0,BID
662,1712177760.3978667,652757.82399753,25740.0,0.0,26900.0,BID
663,1712177764.778123,652759.76649947,25740.0,9.282948007040079e-11,26900.0,BID
664,1712177765.0473266,652760.76649947,25740.0,4.7788616403034486e-11,26900.0,BID
665,1712177774.397591,652825.91245459,25740.0,3.113235059438049e-09,26900.0,BID
666,1712177774.4107351,652907.08245459,25740.0,3.879001993436313e-09,26900.0,BID
667,1712177774.4158428,653337.07609137,25740.0,2.0548800963822912e-08,26900.0,BID
668,1712177778.577807,653337.46489385,25720.0,-1.8580332576565385e-11,26900.0,ASK
669,1712177778.580768,653359.88286169,25700.0,-1.0713236656404362e-09,26900.0,ASK
670,1712177787.577491,653459.88286169,25700.0,-4.778861640303449e-09,26900.0,ASK
671,1712177790.3730097,653459.88286169,25700.0,-0.0,26900.0,ASK
672,1712177795.5179703,653462.39900388,25720.0,1.20139231308831e-10,26900.0,BID
673,1712177795.5240717,653463.87602142,25720.0,7.0523737726354e-11,26900.0,BID
674,1712177803.3777883,653474.57880135,25720.0,5.110298451257885e-10,26900.0,BID
675,1712177820.4180198,653474.57880135,25720.0,0.0,26900.0,BID
676,1712177834.8979511,653475.74520881,25730.0,-5.569191090084974e-11,26900.0,ASK
677,1712177834.9038055,653479.73740135,25720.0,-1.9061334813643118e-10,26900.0,ASK
678,1712177835.6230085,653479.7374584,25720.0,-2.7239353686787186e-15,26900.0,ASK
679,1712177843.4780354,653483.62548328,25720.0,1.8563970364390446e-10,26900.0,BID
680,1712177850.4040668,653483.62548328,25720.0,0.0,26900.0,BID
681,1712177853.787776,653579.73740135,25720.0,4.588959769665902e-09,26900.0,BID
682,1712177877.6280098,653585.94705098,25740.0,2.96485939595284e-10,26900.0,BID
683,1712177877.6878853,653592.18876341,25740.0,2.980168100937513e-10,26900.0,BID
684,1712177880.5599136,653592.18876341,25740.0,0.0,26900.0,BID
685,1712177890.4481142,653635.85846814,25740.0,2.084775816580446e-09,26900.0,BID
686,1712177897.9240289,653652.61186814,25720.0,-7.998012210411507e-10,26900.0,ASK
687,1712177904.808022,653685.85846814,25720.0,-1.587180588737756e-09,26900.0,ASK
688,1712177910.5599706,653685.85846814,25720.0,-0.0,26900.0,ASK
689,1712177922.2880409,653689.74649302,25720.0,1.8559153999844207e-10,26900.0,BID
690,1712177940.3109343,653692.26110502,25710.0,-1.2003285163564477e-10,26900.0,ASK
691,1712177940.3778298,653692.26110502,25710.0,-0.0,26900.0,ASK
692,1712177957.5086448,653692.46110502,25690.0,-9.546753796859024e-12,26900.0,ASK
693,1712177957.5138924,653722.46110502,25690.0,-1.4320130690287282e-09,26900.0,ASK
694,1712177957.51867,653726.3521556,25700.0,-1.857345094250396e-10,26900.0,ASK
695,1712177957.52326,653748.0613536,25680.0,-1.036261841805649e-09,26900.0,ASK
696,1712177962.6944633,653748.45030731,25710.0,-1.8566226531041503e-11,26900.0,ASK
697,1712177962.7073903,653751.03543061,25680.0,-1.2339767835360438e-10,26900.0,ASK
698,1712177968.1500125,653753.1232045,25680.0,-9.965731652197936e-11,26900.0,ASK
699,1712177968.1575458,653905.78734538,25680.0,-7.287234830411916e-09,26900.0,ASK
700,1712177968.1640527,653929.48734538,25670.0,-1.1312903245304727e-09,26900.0,ASK
701,1712177968.1673498,653945.07580991,25660.0,-7.44096164432736e-10,26900.0,ASK
702,1712177968.170613,653952.87004217,25660.0,-3.7204808198297656e-10,26900.0,ASK
703,1712177968.1738887,653953.06504217,25650.0,-9.308084946241682e-12,26900.0,ASK
704,1712177968.1771708,654063.78657749,25680.0,-5.285156186707657e-09,26900.0,ASK
705,1712177968.180476,654075.87234746,25650.0,-5.76899351542399e-10,26900.0,ASK
706,1712177968.1838183,654117.2576635,25660.0,-1.975477114506318e-09,26900.0,ASK
707,1712177968.1871495,654118.10810014,25650.0,-4.059454609402761e-11,26900.0,ASK
708,1712177968.190657,654125.89929608,25670.0,-3.719031469811414e-10,26900.0,ASK
709,1712177968.1939435,654300.89491533,25650.0,-8.353200459625645e-09,26900.0,ASK
710,1712177968.1972244,654301.89491533,25660.0,-4.773376896762429e-11,26900.0,ASK
711,1712177968.2004995,654358.39245731,25650.0,-2.696840616112117e-09,26900.0,ASK
712,1712177970.3642125,654358.39245731,25650.0,-0.0,26900.0,ASK
713,1712177972.638188,654374.71731015,25660.0,-7.7861130079708e-10,26900.0,ASK
714,1712177974.9482436,654386.15294422,25660.0,-5.454207768911744e-10,26900.0,ASK
715,1712177974.953653,654407.05114323,25660.0,-9.9673633048776e-10,26900.0,ASK
716,1712177991.058478,654517.77267855,25700.0,5.2808462953022735e-09,26900.0,BID
717,1712177991.063738,654521.28007855,25700.0,1.6728489396968583e-10,26900.0,BID
718,1712177994.7788167,654527.75007855,25700.0,-3.0858563721802584e-10,26900.0,ASK
719,1712177995.7382054,654565.5858712,25700.0,-1.8045722078208167e-09,26900.0,ASK
720,1712177996.5879924,654600.0514712,25700.0,-1.643831396931414e-09,26900.0,ASK
721,1712177999.1980195,654601.60367241,25700.0,-7.403199373997459e-11,26900.0,ASK
722,1712178000.490433,654601.60367241,25700.0,-0.0,26900.0,ASK
723,1712178005.7184775,654603.50120561,25710.0,9.053007535400759e-11,26900.0,BID
724,1712178011.7085097,654603.89397107,25700.0,1.8738584751188265e-11,26900.0,BID
725,1712178017.3987412,654769.97627404,25690.0,7.923678701894582e-09,26900.0,BID
726,1712178017.4045546,654858.60110848,25690.0,4.228233234690565e-09,26900.0,BID
727,1712178017.4798405,654950.64621334,25690.0,-4.391412112851208e-09,26900.0,ASK
728,1712178017.7683897,654971.61411334,25690.0,-1.000364877429725e-09,26900.0,ASK
729,1712178019.2885191,654977.41411334,25690.0,-2.7671422932241856e-10,26900.0,ASK
730,1712178021.108506,654997.13881334,25690.0,-9.410526136529938e-10,26900.0,ASK
731,1712178024.1081855,655004.63881334,25690.0,-3.5782012412812635e-10,26900.0,ASK
732,1712178025.628176,655192.68841334,25690.0,-8.971724161900584e-09,26900.0,ASK
733,1712178029.0888486,655212.16640321,25670.0,-9.292822337403132e-10,26900.0,ASK
734,1712178029.095431,655230.79139576,25670.0,-8.885862861502613e-10,26900.0,ASK
735,1712178029.1003327,655230.79146242,25690.0,-3.1803050416271174e-15,26900.0,ASK
736,1712178030.403098,655230.79146242,25690.0,-0.0,26900.0,ASK
737,1712178034.945408,655250.26945229,25670.0,-9.285661869478083e-10,26900.0,ASK
738,1712178034.9515128,655281.31331444,25670.0,-1.479941251488457e-09,26900.0,ASK
739,1712178050.7284608,655300.79889511,25660.0,-9.28928060031883e-10,26900.0,ASK
740,1712178050.9086883,655300.79889512,25660.0,4.772844924081752e-19,26900.0,BID
741,1712178050.9117906,655339.599978,25670.0,1.8497480396994062e-09,26900.0,BID
742,1712178050.9883518,655347.591173,25670.0,3.809609471941159e-10,26900.0,BID
743,1712178060.5511787,655347.591173,25670.0,0.0,26900.0,BID
744,1712178064.5384932,655347.59117311,25670.0,5.238281095912455e-18,26900.0,BID
745,1712178077.3188722,655349.53442482,25670.0,-9.262659957846232e-11,26900.0,ASK
746,1712178077.3272195,655351.48222369,25670.0,-9.284334348589672e-11,26900.0,ASK
747,1712178090.5605478,655351.48222369,25670.0,-0.0,26900.0,ASK
748,1712178106.4284787,655355.37478889,25690.0,1.855412552326178e-10,26900.0,BID
749,1712178111.8670805,655355.43153718,25670.0,-2.704938366166658e-12,26900.0,ASK
750,1712178111.870161,655367.37933616,25670.0,-5.694983914545416e-10,26900.0,ASK
751,1712178111.8731284,655367.87933616,25670.0,-2.383277423755768e-11,26900.0,ASK
752,1712178117.7656448,655368.17933616,25670.0,1.4299664539205213e-11,26900.0,BID
753,1712178120.4106998,655368.17933616,25670.0,0.0,26900.0,BID
754,1712178127.1092784,655373.17933616,25670.0,2.3832287251602216e-10,26900.0,BID
755,1712178146.6186695,655384.86613008,25660.0,5.570460595035293e-10,26900.0,BID
756,1712178147.484168,655386.86613008,25650.0,-9.532914900640886e-11,26900.0,ASK
757,1712178147.492844,655446.3261788,25650.0,-2.834137922178975e-09,26900.0,ASK
758,1712178147.4957268,655446.8261788,25650.0,-2.3832287251602207e-11,26900.0,ASK
759,1712178147.4985373,655460.51313008,25650.0,-6.52382709006786e-10,26900.0,ASK
760,1712178150.405085,655460.51313008,25650.0,-0.0,26900.0,ASK
761,1712178151.9635315,655506.84513008,25650.0,-2.208145772200231e-09,26900.0,ASK
762,1712178153.44851,655511.70213008,25650.0,-2.3148070481472423e-10,26900.0,ASK
763,1712178154.958709,655574.15463008,25650.0,-2.9764358076104583e-09,26900.0,ASK
764,1712178161.8687398,655574.15463932,25650.0,-4.403709759657933e-16,26900.0,ASK
765,1712178161.8738654,655613.10202722,25650.0,-1.8562011121787115e-09,26900.0,ASK
766,1712178162.1287055,655613.29699798,25650.0,9.292149258823011e-12,26900.0,BID
767,1712178166.6686623,655663.29699798,25650.0,2.382959695456381e-09,26900.0,BID
768,1712178169.8137538,655664.07702918,25640.0,-3.717565821752707e-11,26900.0,ASK
769,1712178169.818174,655674.96798861,25640.0,-5.190543473317797e-10,26900.0,ASK
770,1712178169.822576,655728.39322033,25640.0,-2.546203478182204e-09,26900.0,ASK
771,1712178169.826309,655742.55316102,25630.0,-6.74851359088124e-10,26900.0,ASK
772,1712178169.8299415,655743.88859182,25640.0,-6.364555544863228e-11,26900.0,ASK
773,1712178169.8335786,655846.48029714,25630.0,-4.8894379773109724e-09,26900.0,ASK
774,1712178169.837628,655850.38045314,25640.0,-1.858782910820871e-10,26900.0,ASK
775,1712178169.8411832,655851.43263027,25630.0,-5.0145913865983735e-11,26900.0,ASK
776,1712178169.84484,655851.65867165,25640.0,-1.0772949959323234e-11,26900.0,ASK
777,1712178169.8485298,655952.45661209,25630.0,-4.803948589071146e-09,26900.0,ASK
778,1712178169.8521938,656247.49526289,25630.0,-1.4061304269164988e-08,26900.0,ASK
779,1712178169.855893,656249.20230368,25620.0,-8.135618802153352e-11,26900.0,ASK
780,1712178169.859584,656251.15390399,25620.0,-9.301169760947347e-11,26900.0,ASK
781,1712178169.8632543,656255.05710461,25620.0,-1.8602339521339874e-10,26900.0,ASK
782,1712178170.268791,656265.61475897,25630.0,5.031692963668802e-10,26900.0,BID
783,1712178175.7448397,656277.04414697,25630.0,5.447154189569322e-10,26900.0,BID
784,1712178175.9091566,656288.75374884,25620.0,-5.580701861173466e-10,26900.0,ASK
785,1712178175.915853,656300.03163275,25620.0,-5.374948561509363e-10,26900.0,ASK
786,1712178175.9211009,656317.05995493,25620.0,-8.115561087253671e-10,26900.0,ASK
787,1712178180.560862,656317.05995493,25620.0,-0.0,26900.0,ASK
788,1712178184.4761093,656317.41448668,25620.0,-1.6879033837282625e-11,26900.0,ASK
789,1712178184.479952,656338.11258651,25620.0,-9.854235267565958e-10,26900.0,ASK
790,1712178208.8930717,656341.11258651,25620.0,-1.428281148772285e-10,26900.0,ASK
791,1712178210.5512934,656341.11258651,25620.0,-0.0,26900.0,ASK
792,1712178219.0183408,656371.65518336,25620.0,-1.454071183944223e-09,26900.0,ASK
793,1712178219.0251184,656373.65518336,25620.0,-9.521594978234639e-11,26900.0,ASK
794,1712178219.0307293,656381.00728651,25620.0,-3.500187421617552e-10,26900.0,ASK
795,1712178221.327839,656393.65518336,25620.0,-6.02140755661708e-10,26900.0,ASK
796,1712178221.3331494,656493.54924087,25620.0,-4.755753781716892e-09,26900.0,ASK
797,1712178221.3755407,656747.42604087,25620.0,-1.2086560319849929e-08,26900.0,ASK
798,1712178221.5677238,656761.94172056,25620.0,-6.91062114206935e-10,26900.0,ASK
799,1712178225.1076293,656785.88492056,25620.0,-1.1398872644189139e-09,26900.0,ASK
800,1712178225.4079354,656808.69169088,25620.0,-1.085784148740172e-09,26900.0,ASK
801,1712178225.445419,656841.02917147,25620.0,-1.5395219639715807e-09,26900.0,ASK
802,1712178225.7275324,656957.29987147,25620.0,-5.53541256617883e-09,26900.0,ASK
803,1712178227.2081282,656988.07608376,25620.0,-1.4651931419499167e-09,26900.0,ASK
804,1712178227.2178147,656988.46631129,25620.0,-1.857794245175988e-11,26900.0,ASK
805,1712178227.2231252,656989.63727147,25620.0,-5.574704284780109e-11,26900.0,ASK
806,1712178229.1652813,656989.83254675,25610.0,-9.296660623590308e-12,26900.0,ASK
807,1712178229.1694932,657012.35909887,25610.0,-1.0724435277132266e-09,26900.0,ASK
808,1712178229.17361,657056.07734504,25610.0,-2.0813371659516207e-09,26900.0,ASK
809,1712178229.1768837,657056.07743757,25620.0,-4.405162326392209e-15,26900.0,ASK
810,1712178231.4875925,657094.27926166,25610.0,-1.8187114820726822e-09,26900.0,ASK
811,1712178231.4976258,657100.34553757,25610.0,-2.8880311120662296e-10,26900.0,ASK
812,1712178239.4705198,657119.83991848,25630.0,9.280879968853862e-10,26900.0,BID
813,1712178239.473732,657119.83991915,25630.0,3.1895923369878645e-17,26900.0,BID
814,1712178240.4096725,657119.83991915,25630.0,0.0,26900.0,BID
815,1712178247.567241,657129.60173094,25610.0,-4.6429910719033526e-10,26900.0,ASK
816,1712178247.5742104,657161.13991915,25610.0,-1.5000445555828878e-09,26900.0,ASK
817,1712178249.5575078,657170.90661184,25610.0,-4.6453125645939316e-10,26900.0,ASK
818,1712178249.5631027,657178.20359545,25610.0,-3.47064976070074e-10,26900.0,ASK
819,1712178249.5683606,657184.40132673,25610.0,-2.9478145674158303e-10,26900.0,ASK
820,1712178249.5721974,657184.60132673,25610.0,-9.512560108056412e-12,26900.0,ASK
821,1712178257.417446,657186.60132673,25600.0,-9.512560110271227e-11,26900.0,ASK
822,1712178257.4237325,657190.89058721,25600.0,-2.0400924072166688e-10,26900.0,ASK
823,1712178257.4291131,657191.28121221,25600.0,-1.857921896537349e-11,26900.0,ASK
824,1712178257.4341657,657293.02755203,25600.0,-4.839340867693566e-09,26900.0,ASK
825,1712178257.437407,657300.93886579,25600.0,-3.7628423846502956e-10,26900.0,ASK
826,1712178257.4404953,657301.33886579,25600.0,-1.902512022164985e-11,26900.0,ASK
827,1712178257.4436169,657470.62221755,25600.0,-8.051590296420804e-09,26900.0,ASK
828,1712178258.5223894,657498.89493351,25600.0,-1.3447295502528687e-09,26900.0,ASK
829,1712178258.5257795,657513.59957604,25600.0,-6.99393979836471e-10,26900.0,ASK
830,1712178259.381197,657515.48352479,25600.0,-8.960587864422915e-11,26900.0,ASK
831,1712178261.802597,657537.95743351,25600.0,-1.068922038056648e-09,26900.0,ASK
832,1712178261.8064375,657577.12323429,25600.0,-1.862835170936043e-09,26900.0,ASK
833,1712178261.8103614,657603.18538069,25600.0,-1.239588671162734e-09,26900.0,ASK
1034,1712178261.814137,657758.51302466,25600.0,-7.38781775025294e-09,26900.0,ASK
834,1712178261.814137,657758.51302466,25600.0,-7.387817750252941e-09,26900.0,ASK
835,1712178261.817933,657778.04427466,25600.0,-9.289609482686743e-10,26900.0,ASK
836,1712178261.8217118,658243.54589531,25600.0,-2.2140560739311785e-08,26900.0,ASK
837,1712178261.825752,658633.70756625,25600.0,-1.855718173770292e-08,26900.0,ASK
838,1712178261.8294673,658801.71930525,25600.0,-7.991108832342532e-09,26900.0,ASK
839,1712178262.376533,658821.25055525,25600.0,-9.289609482686743e-10,26900.0,ASK
840,1712178265.249132,658821.5402151,25600.0,-1.3777033676449979e-11,26900.0,ASK
1040,1712178265.249132,658821.5402151,25600.0,-1.377703367644998e-11,26900.0,ASK
841,1712178265.2583826,658914.85055525,25600.0,-4.438101097929377e-09,26900.0,ASK
842,1712178270.3667686,658914.85055525,25600.0,-0.0,26900.0,ASK
843,1712178286.670764,658916.68299103,25600.0,-8.696570098508418e-11,26900.0,ASK
844,1712178286.6741018,658920.58924103,25600.0,-1.853869986410076e-10,26900.0,ASK
845,1712178287.918019,658921.04943055,25590.0,-2.184016739922517e-11,26900.0,ASK
846,1712178287.9236596,658966.05894103,25590.0,-2.1361095828954078e-09,26900.0,ASK
847,1712178288.680515,658966.38464783,25600.0,1.545774236336332e-11,26900.0,BID
848,1712178289.8078902,659032.65425959,25590.0,-3.145094252871048e-09,26900.0,ASK
849,1712178289.8182151,659062.77587932,25590.0,-1.42954410904444e-09,26900.0,ASK
850,1712178289.823662,659063.27587932,25590.0,-2.372953582604897e-11,26900.0,ASK
851,1712178289.827096,659066.38464783,25590.0,-1.4753926746825535e-10,26900.0,ASK
1052,1712178290.5078168,659067.16589783,25600.0,3.707739972820151e-11,26900.0,BID
852,1712178290.5078168,659067.16589783,25600.0,3.7077399728201506e-11,26900.0,BID
853,1712178300.5559134,659067.16589783,25600.0,0.0,26900.0,BID
854,1712178303.3857484,659076.94669893,25590.0,-4.6553510087211003e-10,26900.0,ASK
1054,1712178303.3857484,659076.94669893,25590.0,-4.6553510087211e-10,26900.0,ASK
855,1712178303.3954942,659093.29769783,25590.0,-7.78255670929797e-10,26900.0,ASK
856,1712178310.607117,659094.48698998,25590.0,-5.6606533078759615e-11,26900.0,ASK
857,1712178310.6182137,659185.73939259,25580.0,-4.343324848315865e-09,26900.0,ASK
858,1712178310.624477,659189.64869673,25580.0,-1.8607047404035684e-10,26900.0,ASK
859,1712178310.6293616,659193.29769783,25590.0,-1.7368087519649888e-10,26900.0,ASK
860,1712178312.5187738,659232.73221812,25590.0,1.8769580521505152e-09,26900.0,BID
861,1712178312.537926,659243.47692619,25590.0,5.114140144621492e-10,26900.0,BID
862,1712178315.4463947,659244.44378361,25600.0,4.6019345651841597e-11,26900.0,BID
863,1712178315.4586942,659248.07535526,25600.0,1.7285128867743427e-10,26900.0,BID
864,1712178322.533149,659348.07535526,25580.0,-4.7596827306314815e-09,26900.0,ASK
865,1712178322.6062586,659407.85595526,25580.0,-2.845366894465028e-09,26900.0,ASK
866,1712178330.566195,659407.85595526,25580.0,-0.0,26900.0,ASK
867,1712178335.4927397,659507.85595526,25580.0,-4.757709031713011e-09,26900.0,ASK
868,1712178337.9788742,659645.00325526,25580.0,-6.525069478848314e-09,26900.0,ASK
869,1712178338.3134286,659679.93325526,25580.0,-1.6618677647797915e-09,26900.0,ASK
870,1712178338.3752866,659709.25303633,25580.0,-1.3949498720455402e-09,26900.0,ASK
871,1712178338.381009,659772.73796436,25580.0,-3.020428154662432e-09,26900.0,ASK
872,1712178338.3865929,659868.28839952,25580.0,-4.5460116834454295e-09,26900.0,ASK
873,1712178338.3934755,660323.05114549,25580.0,-2.163628823788293e-08,26900.0,ASK
1073,1712178338.3934755,660323.05114549,25580.0,-2.1636288237882932e-08,26900.0,ASK
874,1712178342.454933,660345.31646645,25580.0,-1.059319186252222e-09,26900.0,ASK
875,1712178348.8644266,660345.55084145,25600.0,1.115088054307737e-11,26900.0,BID
876,1712178348.9248142,660445.55084145,25580.0,-4.757709031713011e-09,26900.0,ASK
877,1712178350.5951087,660484.64388288,25580.0,-1.8599331628861639e-09,26900.0,ASK
878,1712178350.6022243,660569.70252081,25580.0,-4.0468424990459605e-09,26900.0,ASK
879,1712178350.608296,660570.89227743,25580.0,-5.660515816957995e-11,26900.0,ASK
880,1712178350.6130028,660615.62714059,25580.0,-2.128354624885171e-09,26900.0,ASK
881,1712178357.2942588,660623.44574887,25580.0,3.719866322936512e-10,26900.0,BID
882,1712178360.3766625,660623.44574887,25580.0,0.0,26900.0,BID
1083,1712178360.659474,660624.61645924,25570.0,-5.5616713656070516e-11,26900.0,ASK
883,1712178360.659474,660624.61645924,25570.0,-5.561671365607052e-11,26900.0,ASK
884,1712178360.6652808,660628.72287299,25570.0,-1.9508261270179667e-10,26900.0,ASK
885,1712178360.8542817,660628.92287299,25580.0,9.501361754936467e-12,26900.0,BID
886,1712178366.284203,660631.73017361,25580.0,-1.3336589368146755e-10,26900.0,ASK
1087,1712178366.2900755,660636.93384115,25580.0,-2.4720963866283676e-10,26900.0,ASK
887,1712178366.2900755,660636.93384115,25580.0,-2.472096386628368e-10,26900.0,ASK
888,1712178367.8945792,660645.134323,25570.0,-3.8957872297002544e-10,26900.0,ASK
889,1712178367.9020798,660653.4159323,25570.0,-3.9343282922709727e-10,26900.0,ASK
890,1712178367.9057877,660688.49461602,25580.0,-1.666476318970181e-09,26900.0,ASK
891,1712178367.9091558,660695.38022163,25570.0,-3.2711314889675524e-10,26900.0,ASK
892,1712178375.4650085,660698.08057356,25570.0,-1.282851027176036e-10,26900.0,ASK
893,1712178375.4726243,660698.38057356,25570.0,-1.4252042629639444e-11,26900.0,ASK
894,1712178375.477488,660706.52759986,25570.0,-3.87039220379556e-10,26900.0,ASK
895,1712178375.4807868,660706.91868316,25570.0,-1.8579119541453004e-11,26900.0,ASK
896,1712178378.2237113,660707.29270047,25570.0,-1.776836881741336e-11,26900.0,ASK
897,1712178382.743864,660730.09947079,25580.0,-1.083476875984336e-09,26900.0,ASK
898,1712178383.4109824,660757.29270047,25580.0,-1.291863561920203e-09,26900.0,ASK
1099,1712178383.4173453,660765.03947079,25570.0,-3.680243360848343e-10,26900.0,ASK
899,1712178383.4173453,660765.03947079,25570.0,-3.6802433608483426e-10,26900.0,ASK
900,1712178386.5836587,660770.18425407,25570.0,-2.4441223538912325e-10,26900.0,ASK
901,1712178389.7139769,660776.47535966,25570.0,-2.98870350138511e-10,26900.0,ASK
902,1712178390.4336698,660776.47535966,25570.0,-0.0,26900.0,ASK
903,1712178405.5355496,660790.87535965,25570.0,-6.839708702180681e-10,26900.0,ASK
904,1712178420.4171813,660790.87535965,25570.0,-0.0,26900.0,ASK
905,1712178430.892844,660791.45000481,25570.0,-2.7294005319763525e-11,26900.0,ASK
906,1712178430.8966105,660839.26744712,25570.0,-2.271192060140677e-09,26900.0,ASK
907,1712178430.9000003,660869.08535965,25570.0,-1.4162657581897275e-09,26900.0,ASK
908,1712178431.182945,660947.29535965,25570.0,-3.714751823655697e-09,26900.0,ASK
909,1712178432.9329922,660947.68644295,25570.0,-1.857534077310637e-11,26900.0,ASK
1110,1712178432.9406652,660948.87636614,25570.0,-5.65179560132596e-11,26900.0,ASK
910,1712178432.9406652,660948.87636614,25570.0,-5.6517956013259594e-11,26900.0,ASK
911,1712178432.9470754,660959.13335965,25570.0,-4.87177922857543e-10,26900.0,ASK
912,1712178433.013214,660962.95198431,25570.0,-1.8137377470482688e-10,26900.0,ASK
913,1712178433.0207157,660969.69659655,25570.0,-3.2034983529425955e-10,26900.0,ASK
914,1712178437.6758606,660971.36039975,25580.0,7.902590424475956e-11,26900.0,BID
915,1712178444.1927016,660972.55032226,25570.0,-5.651792372158936e-11,26900.0,ASK
916,1712178444.2004323,660985.35987505,25570.0,-6.084172047931723e-10,26900.0,ASK
917,1712178444.4723332,661001.49741904,25570.0,7.66487290191108e-10,26900.0,BID
918,1712178450.3644922,661001.49741904,25570.0,0.0,26900.0,BID
919,1712178456.5623462,661001.73206902,25570.0,1.1142354235021347e-11,26900.0,BID
920,1712178458.9428449,661001.9277263,25560.0,-9.29078587916087e-12,26900.0,ASK
921,1712178458.950687,661027.18594225,25560.0,-1.1993863768907647e-09,26900.0,ASK
922,1712178458.9579518,661152.39329258,25560.0,-5.945470993273455e-09,26900.0,ASK
923,1712178458.961298,661165.72195956,25560.0,-6.32911747586401e-10,26900.0,ASK
924,1712178459.427507,661166.25847933,25560.0,2.547664112138801e-11,26900.0,BID
925,1712178459.6223176,661166.60788606,25560.0,1.6591578472010393e-11,26900.0,BID
926,1712178459.6434202,661193.98371711,25560.0,1.299941329285772e-09,26900.0,BID
927,1712178467.9109342,661197.89761143,25550.0,-1.8585127062501127e-10,26900.0,ASK
928,1712178467.9170218,661198.78900086,25550.0,-4.232762681519516e-11,26900.0,ASK
929,1712178467.9218278,661199.16821966,25550.0,-1.8007204605168305e-11,26900.0,ASK
930,1712178467.9251842,661515.54266223,25550.0,-1.502304031156624e-08,26900.0,ASK
931,1712178472.7620134,661523.16036011,25550.0,-3.6172638157256237e-10,26900.0,ASK
932,1712178473.021989,661528.11291776,25550.0,-2.351721985429357e-10,26900.0,ASK
933,1712178474.1723082,661532.02528082,25560.0,1.8577855874018286e-10,26900.0,BID
934,1712178474.4122534,661541.54793782,25560.0,4.521833648192487e-10,26900.0,BID
1134,1712178474.4122534,661541.54793782,25560.0,4.5218336481924866e-10,26900.0,BID
935,1712178476.0819857,661541.54793796,25560.0,6.6501617714596914e-18,26900.0,BID
936,1712178480.5558667,661541.54793796,25560.0,0.0,26900.0,BID
937,1712178480.7026002,661545.45418796,25560.0,-1.8536680741924639e-10,26900.0,ASK
938,1712178481.322132,661645.45418796,25560.0,-4.745390269932707e-09,26900.0,ASK
939,1712178481.48184,661658.72330944,25560.0,-6.29671599614696e-10,26900.0,ASK
940,1712178483.2318516,661662.6356725,25560.0,1.8565689597612896e-10,26900.0,BID
941,1712178486.931586,661663.03473353,25560.0,1.893700328917645e-11,26900.0,BID
942,1712178494.851382,661664.80304338,25560.0,8.391320356477303e-11,26900.0,BID
943,1712178508.1366546,661665.18683054,25560.0,1.821219854430333e-11,26900.0,BID
944,1712178508.1443398,661667.93293383,25560.0,1.3031331832609448e-10,26900.0,BID
945,1712178510.5537326,661667.93293383,25560.0,0.0,26900.0,BID
946,1712178519.5813694,661668.07083054,25560.0,6.542734093329753e-12,26900.0,BID
947,1712178531.6407738,661675.39143054,25560.0,-3.473377949138789e-10,26900.0,ASK
948,1712178540.3770275,661675.39143054,25560.0,-0.0,26900.0,ASK
949,1712178541.9305992,661683.21615667,25580.0,3.712535224999261e-10,26900.0,BID
950,1712178546.7712622,661718.8122915,25550.0,-1.688901339609546e-09,26900.0,ASK
951,1712178546.779083,661723.11605667,25560.0,-2.0419730388035667e-10,26900.0,ASK
952,1712178552.5407703,661739.44186561,25580.0,7.74597599447629e-10,26900.0,BID
953,1712178563.0934763,661743.09614797,25570.0,1.7338181245141106e-10,26900.0,BID
954,1712178565.900298,661758.91985497,25570.0,7.50774770280565e-10,26900.0,BID
955,1712178566.0604095,661758.91985548,25570.0,2.419829870232757e-17,26900.0,BID
956,1712178566.3626094,661759.15441372,25580.0,1.1128897216503023e-11,26900.0,BID
957,1712178570.3150284,661923.58598872,25570.0,7.801653427191504e-09,26900.0,BID
958,1712178570.388209,661923.58598872,25570.0,0.0,26900.0,BID
959,1712178570.4155931,662130.28187222,25570.0,9.803982435496102e-09,26900.0,BID
960,1712178574.3900511,662135.30770506,25570.0,-2.3838489694534604e-10,26900.0,ASK
961,1712178575.3900683,662159.88770295,25570.0,-1.1658764727092534e-09,26900.0,ASK
962,1712178575.3938026,662174.41603514,25570.0,-6.891066778688117e-10,26900.0,ASK
963,1712178596.1398897,662174.80605074,25640.0,1.8499188402983328e-11,26900.0,BID
964,1712178600.3822072,662174.80605074,25640.0,0.0,26900.0,BID
965,1712178604.6150107,662175.27012107,25640.0,-2.209240204552576e-11,26900.0,ASK
1165,1712178604.6150107,662175.27012107,25640.0,-2.2092402045525758e-11,26900.0,ASK
966,1712178604.659739,662220.34790539,25640.0,-2.145960364382106e-09,26900.0,ASK
967,1712178606.1133058,662220.59337724,25620.0,-1.1685864083576522e-11,26900.0,ASK
968,1712178615.8099785,662221.95007593,25620.0,-6.458661753301894e-11,26900.0,ASK
969,1712178615.8173008,662312.01126494,25620.0,-4.2874277185572755e-09,26900.0,ASK
970,1712178615.8694527,662367.93732861,25620.0,2.662400510187144e-09,26900.0,BID
971,1712178615.889608,663454.23409112,25620.0,5.1713939171345216e-08,26900.0,BID
972,1712178616.009933,663465.09172322,25650.0,5.16885390201182e-10,26900.0,BID
973,1712178616.0195117,663494.08730556,25650.0,1.380355564999151e-09,26900.0,BID
974,1712178630.3796084,663494.08730556,25650.0,0.0,26900.0,BID
975,1712178634.3246536,663508.40730556,25610.0,-6.80618672753727e-10,26900.0,ASK
976,1712178649.3392973,663514.80730556,25610.0,-3.0418711631670965e-10,26900.0,ASK
977,1712178652.3189385,663562.45730556,25610.0,-2.26476813944462e-09,26900.0,ASK
978,1712178653.839483,663576.45200556,25610.0,-6.65157411986551e-10,26900.0,ASK
979,1712178655.3690305,663593.27584562,25610.0,-7.99624280184784e-10,26900.0,ASK
980,1712178658.3250508,663655.17094562,25610.0,-2.941826872357922e-09,26900.0,ASK
981,1712178660.3714058,663655.17094562,25610.0,-0.0,26900.0,ASK
982,1712178662.839244,663743.85094562,25610.0,-4.214066458065236e-09,26900.0,ASK
983,1712178664.3490136,663758.07144562,25610.0,-6.757570147405091e-10,26900.0,ASK
984,1712178665.859096,663873.87824562,25610.0,-5.503129809385583e-09,26900.0,ASK
985,1712178670.359139,663883.50934562,25610.0,-4.5766909634975686e-10,26900.0,ASK
986,1712178689.8887355,663899.30271123,25610.0,-7.50499461850406e-10,26900.0,ASK
987,1712178690.3883798,663899.30271123,25610.0,-0.0,26900.0,ASK
988,1712178708.0088172,663912.60271123,25610.0,-6.318272100206851e-10,26900.0,ASK
989,1712178716.1981883,663922.67489226,25630.0,4.784870705977704e-10,26900.0,BID
990,1712178718.969069,663940.46979667,25630.0,8.45361263603833e-10,26900.0,BID
991,1712178720.5635977,663940.46979667,25630.0,0.0,26900.0,BID
992,1712178721.618156,663948.9583944,25630.0,4.0323746396301167e-10,26900.0,BID
993,1712178722.5780363,663974.046504,25630.0,1.1917711278801321e-09,26900.0,BID
1193,1712178722.5780363,663974.046504,25630.0,1.191771127880132e-09,26900.0,BID
994,1712178728.7580345,663992.992447,25630.0,8.99997178659022e-10,26900.0,BID
995,1712178740.7280838,663992.99244751,25630.0,2.422748413752989e-17,26900.0,BID
996,1712178740.7882693,664031.99400758,25640.0,1.8527076760561111e-09,26900.0,BID
997,1712178740.796626,664092.28630979,25640.0,2.8640908443447502e-09,26900.0,BID
998,1712178746.5682523,664112.28630979,25620.0,-9.50068496097234e-10,26900.0,ASK
999,1712178748.1351051,664117.84128055,25650.0,2.638801357915706e-10,26900.0,BID
1000,1712178748.3114476,664127.59058616,25650.0,4.6312540594248926e-10,26900.0,BID
1201,1712178748.4474509,664133.27206112,25650.0,2.6988951854590827e-10,26900.0,BID
1202,1712178750.5700004,664133.27206112,25650.0,0.0,26900.0,BID
1203,1712178751.4775696,664133.46699289,25650.0,9.257752986137454e-12,26900.0,BID
1204,1712178753.8708556,664143.2970523,25650.0,4.66851872670392e-10,26900.0,BID
1205,1712178760.8978674,664143.67541022,25630.0,-1.7969077924202388e-11,26900.0,ASK
1206,1712178763.553894,664155.37131665,25650.0,5.55465190154029e-10,26900.0,BID
1207,1712178764.712129,664156.15104374,25650.0,3.703101242555788e-11,26900.0,BID
1208,1712178766.6378815,664160.04967922,25650.0,1.8515506354316943e-10,26900.0,BID
1209,1712178770.4961436,664161.2206394,25650.0,5.5611561441813804e-11,26900.0,BID
1210,1712178780.3776057,664161.2206394,25650.0,0.0,26900.0,BID
1211,1712178781.5872312,664192.05885078,25630.0,-1.4645269162193167e-09,26900.0,ASK
1212,1712178785.467903,664206.62030299,25630.0,6.91532930943598e-10,26900.0,BID
1213,1712178786.0875206,664210.52350361,25620.0,-1.8536556148055367e-10,26900.0,ASK
1214,1712178787.6975586,664248.25900055,25620.0,1.792083538322067e-09,26900.0,BID
1215,1712178793.7230592,664252.25900055,25610.0,-1.8996262762064078e-10,26900.0,ASK
1216,1712178793.7247932,664272.39606204,25610.0,-9.563222782986974e-10,26900.0,ASK
1217,1712178796.5021317,664274.39606204,25600.0,-9.498131381032039e-11,26900.0,ASK
1218,1712178796.504971,664388.20154055,25600.0,-5.404696933845098e-09,26900.0,ASK
1219,1712178796.507875,664404.04949376,25600.0,-7.526297085452725e-10,26900.0,ASK
1220,1712178796.5970962,664485.47809376,25600.0,3.867097704866802e-09,26900.0,BID
1221,1712178796.6369836,664490.17287365,25600.0,2.2295818100158423e-10,26900.0,BID
1222,1712178796.9432716,664501.08386886,25600.0,5.181703300145804e-10,26900.0,BID
1223,1712178799.0870838,664501.86450898,25600.0,3.7073112101502617e-11,26900.0,BID
1224,1712178799.756691,664507.01658654,25600.0,2.4467554775454435e-10,26900.0,BID
1225,1712178801.3175738,664519.03810086,25600.0,5.7090961204832e-10,26900.0,BID
1226,1712178801.3204086,664565.58745729,25610.0,2.210659515376489e-09,26900.0,BID
1227,1712178806.5893586,664572.87447054,25610.0,3.4606504611613556e-10,26900.0,BID
1228,1712178806.6799746,664600.71350259,25610.0,1.322093919657801e-09,26900.0,BID
1229,1712178806.7600622,664623.64946714,25610.0,1.0892440232333501e-09,26900.0,BID
1230,1712178807.0775723,664629.38489193,25610.0,2.723790909103623e-10,26900.0,BID
1231,1712178807.103438,664635.21769888,25610.0,2.7700383365502976e-10,26900.0,BID
1232,1712178807.1171625,664641.04694886,25610.0,2.768349108167077e-10,26900.0,BID
1233,1712178808.6070554,664646.04694886,25610.0,2.3745328452580103e-10,26900.0,BID
1234,1712178808.7470565,664657.52073885,25610.0,5.448978238144949e-10,26900.0,BID
1235,1712178808.7893994,664668.88081118,25610.0,5.394972974413415e-10,26900.0,BID
1236,1712178809.7105887,664856.82466123,25610.0,8.925576900158563e-09,26900.0,BID
1237,1712178810.3902693,664856.82466123,25610.0,0.0,26900.0,BID
1238,1712178811.7782593,664864.1038254,25610.0,3.454000920343281e-10,26900.0,BID
1239,1712178811.9000764,664877.38945065,25610.0,6.304097664073926e-10,26900.0,BID
1240,1712178812.2367911,664886.414558,25610.0,4.2824599590329637e-10,26900.0,BID
1241,1712178812.7571769,664925.46180516,25610.0,1.852812005295189e-09,26900.0,BID
1242,1712178836.446874,664944.98542874,25610.0,9.264060026475943e-10,26900.0,BID
1243,1712178840.5504766,664944.98542874,25610.0,0.0,26900.0,BID
1244,1712178860.0310228,664948.42782874,25600.0,-1.633261567133479e-10,26900.0,ASK
1245,1712178862.6166365,664948.89167874,25600.0,-2.200756385146744e-11,26900.0,ASK
1246,1712178862.6204257,664949.89167874,25600.0,-4.7445432464592726e-11,26900.0,ASK
1247,1712178866.5270257,664959.66128612,25600.0,4.635232471493971e-10,26900.0,BID
1248,1712178870.54873,664959.66128612,25600.0,0.0,26900.0,BID
1249,1712178870.8267272,665006.64210643,25600.0,2.228985604723076e-09,26900.0,BID
1250,1712178871.0084205,665008.59523143,25600.0,9.266520849342624e-11,26900.0,BID
1251,1712178875.4869547,665009.59523143,25590.0,-4.744458674863424e-11,26900.0,ASK
1252,1712178875.4885874,665037.63843143,25590.0,-1.3304980351072315e-09,26900.0,ASK
1253,1712178879.657312,665049.98824671,25590.0,-5.85931882384428e-10,26900.0,ASK
1254,1712178888.9532104,665050.37917712,25580.0,-1.854753175034534e-11,26900.0,ASK
1255,1712178888.9549694,665080.30734671,25580.0,-1.4199296383384743e-09,26900.0,ASK
1256,1712178892.2265284,665088.4702786,25590.0,3.8728693017801644e-10,26900.0,BID
1257,1712178900.4027896,665088.4702786,25590.0,0.0,26900.0,BID
1258,1712178911.1663413,665137.95753143,25590.0,2.3614425518875327e-09,26900.0,BID
1259,1712178911.1694396,665149.68086086,25590.0,5.594161603828993e-10,26900.0,BID
1260,1712178912.8564818,665172.65630448,25600.0,1.0963467784159278e-09,26900.0,BID
1261,1712178912.8600743,665190.12385019,25600.0,8.335198128332958e-10,26900.0,BID
1262,1712178915.5659316,665217.34025019,25590.0,-1.2987175766277526e-09,26900.0,ASK
1263,1712178929.135957,665219.64413245,25590.0,-1.0993711091579671e-10,26900.0,ASK
1264,1712178929.1383584,665231.21715019,25590.0,-5.522435573255879e-10,26900.0,ASK
1265,1712178930.3882992,665231.21715019,25590.0,-0.0,26900.0,ASK
1266,1712178931.0488498,665270.26439735,25610.0,1.862939525472451e-09,26900.0,BID
1267,1712178932.4262068,665271.86829156,25590.0,-7.652160230805587e-11,26900.0,ASK
1268,1712178932.4293303,665276.16516656,25590.0,-2.050033960323828e-10,26900.0,ASK
1269,1712178935.7358592,665280.0744707,25580.0,-1.8651243632346667e-10,26900.0,ASK
1270,1712178935.855742,665291.16461439,25580.0,5.291094385891005e-10,26900.0,BID
1271,1712178938.6294107,665298.12461439,25580.0,3.3206077355700304e-10,26900.0,BID
1272,1712178942.3557508,665300.29711439,25570.0,-1.0364971703330623e-10,26900.0,ASK
1273,1712178942.3657236,665310.29711439,25570.0,-4.770988125844545e-10,26900.0,ASK
1274,1712178943.6859226,665312.0354474,25570.0,-8.293566149465563e-11,26900.0,ASK
1275,1712178943.689087,665315.4731669,25570.0,-1.6401318914682563e-10,26900.0,ASK
1276,1712178950.485896,665323.29789303,25560.0,-3.733167545420816e-10,26900.0,ASK
1277,1712178950.4890797,665327.6071769,25560.0,-2.0559542174851918e-10,26900.0,ASK
1278,1712178960.5409005,665327.6071769,25560.0,-0.0,26900.0,ASK
1279,1712178968.0584848,665328.2319697,25560.0,-2.9805282958039256e-11,26900.0,ASK
1280,1712178968.0610156,665368.9071769,25560.0,-1.9403809712556286e-09,26900.0,ASK
1281,1712178981.4055164,665381.2971769,25560.0,-5.910558762657661e-10,26900.0,ASK
1282,1712178990.5281324,665381.2971769,25560.0,-0.0,26900.0,ASK
1283,1712178993.5307858,665404.10394722,25560.0,-1.0879090553841324e-09,26900.0,ASK
1284,1712178993.5351567,665432.39331622,25560.0,-1.349435289360214e-09,26900.0,ASK
1285,1712178994.1751332,665483.08531622,25560.0,-2.418066436481148e-09,26900.0,ASK
1286,1712178994.4354162,665484.62877129,25560.0,-7.362457391683003e-11,26900.0,ASK
1287,1712178994.438748,665491.27923891,25560.0,-3.172349194911873e-10,26900.0,ASK
1288,1712178995.015105,665494.99613891,25550.0,-1.7730038542115395e-10,26900.0,ASK
1289,1712178999.8350456,665537.98972139,25550.0,-2.0508431069822167e-09,26900.0,ASK
1290,1712179000.0760531,665538.28972139,25550.0,-1.4310343467569847e-11,26900.0,ASK
1291,1712179000.0795848,665558.16204415,25550.0,-9.479325471689186e-10,26900.0,ASK
1292,1712179000.08284,665569.90372712,25550.0,-5.60091720538113e-10,26900.0,ASK
1293,1712179000.0860455,665580.40846877,25550.0,-5.010882034188534e-10,26900.0,ASK
1294,1712179001.104363,665583.80235724,25550.0,-1.6189236563016019e-10,26900.0,ASK
1295,1712179001.1068451,665597.5698766,25550.0,-6.56726435694265e-10,26900.0,ASK
1296,1712179001.108312,665677.90364734,25550.0,-3.8320128371847745e-09,26900.0,ASK
1297,1712179001.1151922,665687.88447389,25550.0,-4.760968533252521e-10,26900.0,ASK
1298,1712179001.4952507,665691.79683695,25560.0,1.866241971682676e-10,26900.0,BID
1299,1712179001.8202655,665692.9595384,25550.0,-5.546219032650853e-11,26900.0,ASK
1300,1712179002.3451169,665707.76561572,25550.0,-7.06266839407391e-10,26900.0,ASK
1301,1712179004.6190703,665746.90455896,25550.0,-1.8669724021194962e-09,26900.0,ASK
1302,1712179004.6208467,665747.68733782,25550.0,-3.7339447811157e-11,26900.0,ASK
1303,1712179004.622366,665888.70142313,25550.0,-6.7265333141290685e-09,26900.0,ASK
1304,1712179004.6238947,666243.67454899,25550.0,-1.6932624506749027e-08,26900.0,ASK
1305,1712179004.6254098,666244.06593842,25550.0,-1.8669723908355074e-11,26900.0,ASK
1306,1712179004.626923,666276.46973244,25550.0,-1.545698073352915e-09,26900.0,ASK
1307,1712179004.6284242,666302.18651612,25550.0,-1.2267200242839423e-09,26900.0,ASK
1308,1712179014.0654216,666303.3724261,25560.0,5.6569263774838135e-11,26900.0,BID
1309,1712179014.9480417,666303.76381553,25550.0,-1.8669723908355074e-11,26900.0,ASK
1310,1712179014.9495976,666346.87178072,25550.0,-2.056299293202233e-09,26900.0,ASK
1311,1712179020.3764164,666346.87178072,25550.0,-0.0,26900.0,ASK
1312,1712179028.97518,666347.0142294,25550.0,-6.786977782720632e-12,26900.0,ASK
1313,1712179028.9784105,666385.87178072,25550.0,-1.8513708760358874e-09,26900.0,ASK
1314,1712179046.196678,666393.92098072,25550.0,-3.83504722999299e-10,26900.0,ASK
1315,1712179046.3549595,666397.83181373,25550.0,-1.8633192493526863e-10,26900.0,ASK
1316,1712179046.414714,666398.83181373,25580.0,4.76450731748361e-11,26900.0,BID
1317,1712179050.386424,666398.83181373,25580.0,0.0,26900.0,BID
1318,1712179061.5963044,666409.17224434,25580.0,4.926394116492441e-10,26900.0,BID
1319,1712179061.5998209,666411.03979893,25580.0,8.897414713107606e-11,26900.0,BID
1320,1712179061.6747386,666437.92485516,25580.0,-1.280859451872692e-09,26900.0,ASK
1321,1712179080.5542514,666437.92485516,25580.0,-0.0,26900.0,ASK
1322,1712179080.7065814,666442.92485516,25560.0,-2.381989498265349e-10,26900.0,ASK
1323,1712179080.708573,666532.07344231,25550.0,-4.247019967531465e-09,26900.0,ASK
1324,1712179080.7104614,666535.98733663,25550.0,-1.8645710335231544e-10,26900.0,ASK
1325,1712179080.7151396,666551.78775516,25550.0,-7.527286201335618e-10,26900.0,ASK
1326,1712179086.6447754,666555.94758705,25560.0,-1.9817351753160792e-10,26900.0,ASK
1327,1712179086.6490622,666592.01029201,25550.0,-1.718019689875268e-09,26900.0,ASK
1328,1712179101.7574854,666600.72397598,25550.0,-4.1511807415120807e-10,26900.0,ASK
1329,1712179103.9074285,666604.6378703,25550.0,-1.8645710335231544e-10,26900.0,ASK
1330,1712179103.9118452,666672.4732753,25550.0,-3.23166444641248e-09,26900.0,ASK
1331,1712179105.2744465,666674.7232753,25550.0,-1.0718952742194072e-10,26900.0,ASK
1332,1712179110.538858,666674.7232753,25550.0,-0.0,26900.0,ASK
1333,1712179132.584282,666692.7932753,25570.0,-8.60602949120791e-10,26900.0,ASK
1334,1712179140.3673584,666692.7932753,25570.0,-0.0,26900.0,ASK
1335,1712179148.4440353,666693.31219843,25570.0,-2.4713721574277288e-11,26900.0,ASK
1336,1712179170.3840911,666693.31219843,25570.0,-0.0,26900.0,ASK
1337,1712179176.9038827,666696.41219843,25580.0,-1.4763745155940167e-10,26900.0,ASK
1338,1712179177.0637505,666697.92788087,25580.0,-7.218435251410479e-11,26900.0,ASK
1339,1712179181.13876,666702.92788087,25570.0,-2.381249218628489e-10,26900.0,ASK
1340,1712179181.1436958,666704.18008087,25570.0,-5.963600543630841e-11,26900.0,ASK
1341,1712179185.6663964,666709.18008087,25570.0,-2.381249218628489e-10,26900.0,ASK
1342,1712179185.669208,666711.83871387,25570.0,-1.2661735507666238e-10,26900.0,ASK
1343,1712179186.0836706,666718.12029451,25570.0,2.9916017981518376e-10,26900.0,BID
1344,1712179186.204352,666727.80296483,25570.0,-4.611370226708658e-10,26900.0,ASK
1345,1712179189.7738018,666747.34735767,25570.0,9.308014035766243e-10,26900.0,BID
1346,1712179191.9837086,666755.16902368,25570.0,3.725067214972052e-10,26900.0,BID
1347,1712179194.4939375,666757.91402368,25560.0,-1.3073058210248226e-10,26900.0,ASK
1348,1712179195.413644,666797.02235375,25570.0,1.8625336084174647e-09,26900.0,BID
1349,1712179195.993705,666961.19525361,25570.0,7.818731790235478e-09,26900.0,BID
1350,1712179200.4048784,666961.19525361,25570.0,0.0,26900.0,BID
1351,1712179203.8038726,666962.36261667,25560.0,-5.5873314953917985e-11,26900.0,ASK
1352,1712179208.4139602,666967.36261667,25550.0,-2.393142153941317e-10,26900.0,ASK
1353,1712179208.4266005,667003.66261667,25550.0,-1.737421203763624e-09,26900.0,ASK
1354,1712179211.5035858,667025.66261667,25550.0,-1.052982547734179e-09,26900.0,ASK
1355,1712179212.1135871,667036.93218919,25560.0,5.393937810868669e-10,26900.0,BID
1356,1712179212.4956083,667077.95120731,25560.0,1.9632868275258584e-09,26900.0,BID
1357,1712179217.2940354,667195.20478709,25560.0,5.612089689440485e-09,26900.0,BID
1358,1712179222.4042857,667376.24237856,25550.0,-8.664973831899969e-09,26900.0,ASK
1359,1712179222.406516,667440.90077533,25550.0,-3.0947346983316474e-09,26900.0,ASK
1360,1712179222.4142032,667465.26221496,25550.0,-1.166007762181332e-09,26900.0,ASK
1361,1712179222.5096092,667473.09306852,25540.0,-3.748069151159367e-10,26900.0,ASK
1362,1712179222.5125513,667490.65221496,25540.0,-8.40430670656132e-10,26900.0,ASK
1363,1712179222.516172,667490.95221496,25540.0,-1.4358852925876687e-11,26900.0,ASK
1364,1712179230.36424,667490.95221496,25540.0,-0.0,26900.0,ASK
1365,1712179231.113467,667494.86610928,25550.0,1.8720881578493163e-10,26900.0,BID
1366,1712179234.295897,667510.7218258,25540.0,-7.58408293740312e-10,26900.0,ASK
1367,1712179234.2999256,667538.40543581,25540.0,-1.324158350444645e-09,26900.0,ASK
1368,1712179234.307433,667668.07323209,25540.0,-6.202250904637813e-09,26900.0,ASK
1369,1712179235.8736,667688.97313209,25550.0,9.996809338972716e-10,26900.0,BID
1370,1712179236.813493,667728.87303209,25540.0,-1.908486131252311e-09,26900.0,ASK
1371,1712179260.55659,667728.87303209,25540.0,-0.0,26900.0,ASK
1372,1712179275.814199,667732.78650213,25540.0,-1.8713412890160995e-10,26900.0,ASK
1373,1712179275.818251,667736.70192891,25540.0,-1.8722769620634638e-10,26900.0,ASK
1374,1712179275.8228245,667859.26995198,25540.0,-5.8609520436333215e-09,26900.0,ASK
1375,1712179290.5699334,667859.26995198,25540.0,-0.0,26900.0,ASK
1376,1712179290.6300926,667867.26995198,25540.0,-3.8248271869593454e-10,26900.0,ASK
1377,1712179320.383322,667867.26995198,25540.0,-0.0,26900.0,ASK
1378,1712179328.9329507,667894.70988945,25590.0,1.3118999201103408e-09,26900.0,BID
1379,1712179332.9727564,667914.24877182,25560.0,-9.3415148078403e-10,26900.0,ASK
1380,1712179335.1731625,667922.00225488,25590.0,3.7069303886607625e-10,26900.0,BID
1381,1712179337.26294,668008.65687414,25580.0,-4.142946324444142e-09,26900.0,ASK
1382,1712179337.264913,668069.46353621,25560.0,-2.907158779022647e-09,26900.0,ASK
1383,1712179350.3935394,668069.46353621,25560.0,-0.0,26900.0,ASK
1384,1712179359.5030668,668136.72755945,25570.0,-3.215089567141489e-09,26900.0,ASK
1385,1712179365.303258,668146.51247483,25610.0,4.676999358420235e-10,26900.0,BID
1386,1712179365.3071227,668236.72755945,25610.0,4.312105690223493e-09,26900.0,BID
1387,1712179380.4130518,668236.72755945,25610.0,0.0,26900.0,BID
1388,1712179384.0625458,668240.63228416,25610.0,1.8660006914307184e-10,26900.0,BID
1389,1712179384.932352,668241.63228416,25610.0,4.778827779160254e-11,26900.0,BID
1390,1712179388.3059125,668243.53414798,25590.0,-9.088679655367596e-11,26900.0,ASK
1391,1712179410.3892498,668243.53414798,25590.0,-0.0,26900.0,ASK
1392,1712179417.4038498,668243.92462045,25610.0,1.8659851456618728e-11,26900.0,BID
1393,1712179421.462202,668258.41815777,25610.0,6.92615419195517e-10,26900.0,BID
1394,1712179421.5622745,668258.80863024,25610.0,1.8659851462181976e-11,26900.0,BID
1395,1712179432.3322384,668272.26899841,25610.0,-6.432424560511207e-10,26900.0,ASK
1396,1712179440.5421836,668272.26899841,25610.0,-0.0,26900.0,ASK
1397,1712179440.6060596,668287.40788078,25640.0,7.23429649968875e-10,26900.0,BID
1398,1712179447.97218,668298.73504621,25630.0,5.412821846293374e-10,26900.0,BID
1399,1712179452.2521284,668362.19474621,25610.0,-3.032497871101512e-09,26900.0,ASK
1400,1712179458.0926082,668369.94823031,25610.0,-3.705095363959712e-10,26900.0,ASK
1401,1712179458.578918,668384.83224011,25610.0,-7.11250258542977e-10,26900.0,ASK
1402,1712179458.6522384,668385.27467804,25610.0,-2.1142427092552928e-11,26900.0,ASK
1403,1712179458.655512,668462.38078892,25610.0,-3.6846079810115483e-09,26900.0,ASK
1404,1712179467.1220183,668560.72318892,25600.0,-4.699409525082465e-09,26900.0,ASK
1405,1712179470.5637755,668560.72318892,25600.0,-0.0,26900.0,ASK
1406,1712179471.398133,668596.97693704,25600.0,-1.7318175061450507e-09,26900.0,ASK
1407,1712179471.4013877,668607.54078704,25600.0,-5.046281091205989e-10,26900.0,ASK
1408,1712179475.734202,668615.35718938,25600.0,3.733843563592867e-10,26900.0,BID
1409,1712179477.5520322,668616.35718938,25600.0,4.7769336853412925e-11,26900.0,BID
1410,1712179478.5824845,668635.89607175,25590.0,-9.33359453671285e-10,26900.0,ASK
1411,1712179478.586769,668736.28684939,25590.0,-4.7956008740633695e-09,26900.0,ASK
1412,1712179480.5909617,668820.43484939,25580.0,-4.019694157537565e-09,26900.0,ASK
1413,1712179480.6820374,668827.46922048,25600.0,3.3602724215036554e-10,26900.0,BID
1414,1712179481.592548,669134.25163486,25580.0,-1.4654792493221304e-08,26900.0,ASK
1415,1712179481.5968788,669143.160939,25580.0,-4.2559155059408495e-10,26900.0,ASK
1416,1712179492.8319178,669158.99976816,25580.0,-7.566103655118017e-10,26900.0,ASK
1417,1712179494.2121315,669163.89022199,25560.0,-2.336137363663513e-10,26900.0,ASK
1418,1712179494.217219,669166.2006051,25550.0,-1.1036546904557627e-10,26900.0,ASK
1419,1712179494.2222693,669170.11296816,25560.0,-1.86890988902892e-10,26900.0,ASK
1420,1712179494.4164877,669217.39395916,25580.0,2.2585815858425147e-09,26900.0,BID
1421,1712179496.001937,669226.81452209,25580.0,4.500140439546145e-10,26900.0,BID
1422,1712179498.6924412,669246.81452209,25580.0,9.553867370682584e-10,26900.0,BID
1423,1712179500.3722565,669246.81452209,25580.0,0.0,26900.0,BID
1424,1712179505.2357893,669256.43565187,25580.0,4.6037026237113406e-10,26900.0,BID
1425,1712179507.3022902,669271.25083951,25580.0,7.089055003832482e-10,26900.0,BID
1426,1712179510.0161295,669280.66202011,25580.0,4.503242115122333e-10,26900.0,BID
1427,1712179530.3923056,669280.66202011,25580.0,0.0,26900.0,BID
1428,1712179533.8522227,669394.60669275,25580.0,-5.452017266089386e-09,26900.0,ASK
1429,1712179533.8554926,669395.48612011,25580.0,-4.207878297438576e-11,26900.0,ASK
1430,1712179547.3616524,669434.79102011,25580.0,-1.8806582921061148e-09,26900.0,ASK
1431,1712179547.9620595,669441.55709236,25580.0,-3.2374258379747713e-10,26900.0,ASK
1432,1712179547.9663234,669443.67393346,25580.0,-1.0128647491438067e-10,26900.0,ASK
1433,1712179560.5439994,669443.67393346,25580.0,-0.0,26900.0,ASK
1434,1712179590.5419476,669443.67393346,25580.0,-0.0,26900.0,ASK
1435,1712179601.5515163,669445.62858553,25600.0,9.350740832509076e-11,26900.0,BID
1436,1712179605.4415443,669453.2372935,25600.0,3.6398834038818025e-10,26900.0,BID
1437,1712179606.8310976,669455.07918505,25600.0,8.811312657809225e-11,26900.0,BID
1438,1712179613.131564,669470.90564015,25600.0,7.57112133725547e-10,26900.0,BID
1439,1712179613.2189813,669525.98126848,25600.0,2.634729395673088e-09,26900.0,BID
1440,1712179613.2223625,669527.82316003,25600.0,8.811312657809225e-11,26900.0,BID
1441,1712179620.3791473,669527.82316003,25600.0,0.0,26900.0,BID
1442,1712179628.481271,669528.84719046,25630.0,4.898291932712791e-11,26900.0,BID
