,time,acc_trade_volume,trade_price,dev,high,ask_bid
0,1712173460.310997,7710343.68531165,1537.0,0.0,1584.0,ASK
1,1712173470.9421194,7710343.68531165,1537.0,-0.0,1584.0,ASK
2,1712173500.6922014,7710343.68531165,1537.0,-0.0,1584.0,ASK
3,1712173530.652387,7710343.68531165,1537.0,-0.0,1584.0,ASK
4,1712173560.9619384,7710343.68531165,1537.0,-0.0,1584.0,ASK
5,1712173590.9520392,7710343.68531165,1537.0,-0.0,1584.0,ASK
6,1712173606.76236,7710350.16619304,1543.0,5.03609072868214e-10,1584.0,BID
7,1712173620.6635191,7710350.16619304,1543.0,0.0,1584.0,BID
8,1712173650.6620395,7710350.16619304,1543.0,0.0,1584.0,BID
9,1712173680.9420257,7710350.16619304,1543.0,0.0,1584.0,BID
10,1712173693.5222871,7710356.19341274,1543.0,4.683560743544683e-10,1584.0,BID
11,1712173710.9518728,7710356.19341274,1543.0,0.0,1584.0,BID
12,1712173740.6412132,7710356.19341274,1543.0,0.0,1584.0,BID
13,1712173770.6723506,7710356.19341274,1543.0,0.0,1584.0,BID
14,1712173800.6719007,7710356.19341274,1543.0,0.0,1584.0,BID
15,1712173830.603244,7710356.19341274,1543.0,0.0,1584.0,BID
16,1712173860.9728549,7710356.19341274,1543.0,0.0,1584.0,BID
17,1712173879.7221632,7710431.66894277,1542.0,5.872072457307874e-09,1584.0,BID
18,1712173880.2656157,7710629.79801004,1542.0,1.5414641519485244e-08,1584.0,BID
19,1712173890.951957,7710629.79801004,1542.0,0.0,1584.0,BID
20,1712173920.6318238,7710629.79801004,1542.0,0.0,1584.0,BID
21,1712173950.642688,7710629.79801004,1542.0,0.0,1584.0,BID
22,1712173980.9417098,7710629.79801004,1542.0,0.0,1584.0,BID
23,1712174010.9614277,7710629.79801004,1542.0,0.0,1584.0,BID
24,1712174040.6334825,7710629.79801004,1542.0,0.0,1584.0,BID
25,1712174067.6818964,7710634.79801004,1542.0,-3.889922810555155e-10,1584.0,ASK
26,1712174067.6832216,7710733.78353673,1542.0,-7.700921163745137e-09,1584.0,ASK
27,1712174070.6615355,7710733.78353673,1542.0,-0.0,1584.0,ASK
28,1712174100.953338,7710733.78353673,1542.0,-0.0,1584.0,ASK
29,1712174130.9417436,7710733.78353673,1542.0,-0.0,1584.0,ASK
30,1712174160.6974316,7710733.78353673,1542.0,-0.0,1584.0,ASK
31,1712174190.7021875,7710733.78353673,1542.0,-0.0,1584.0,ASK
32,1712174205.932278,7710737.18636605,1545.0,2.653214221146178e-10,1584.0,BID
33,1712174220.6938877,7710737.18636605,1545.0,0.0,1584.0,BID
34,1712174250.6841931,7710737.18636605,1545.0,0.0,1584.0,BID
35,1712174260.4825125,7710753.89621061,1544.0,1.3028798945705419e-09,1584.0,BID
36,1712174280.9421563,7710753.89621061,1544.0,0.0,1584.0,BID
37,1712174308.8826685,7711077.52080608,1545.0,2.523321680857242e-08,1584.0,BID
38,1712174308.8840168,7711532.31291704,1545.0,3.546043193046823e-08,1584.0,BID
39,1712174310.962384,7711532.31291704,1545.0,0.0,1584.0,BID
40,1712174340.608079,7711532.31291704,1545.0,0.0,1584.0,BID
41,1712174370.644541,7711532.31291704,1545.0,0.0,1584.0,BID
42,1712174400.722535,7711532.31291704,1545.0,0.0,1584.0,BID
43,1712174430.6328592,7711532.31291704,1545.0,0.0,1584.0,BID
44,1712174460.9351742,7711532.31291704,1545.0,0.0,1584.0,BID
45,1712174484.1140423,7711549.00114473,1546.0,1.3019050261966547e-09,1584.0,BID
46,1712174484.1152835,7711551.57180079,1546.0,2.0054556467319843e-10,1584.0,BID
47,1712174490.9430032,7711551.57180079,1546.0,0.0,1584.0,BID
48,1712174520.6532478,7711551.57180079,1546.0,0.0,1584.0,BID
49,1712174522.8934848,7712067.03016112,1543.0,-4.021255485085556e-08,1584.0,ASK
50,1712174539.2728844,7712071.82404111,1542.0,-3.7398590633303457e-10,1584.0,ASK
51,1712174550.633102,7712071.82404111,1542.0,-0.0,1584.0,ASK
52,1712174552.5832407,7712071.82404112,1542.0,-7.265090218174219e-19,1584.0,ASK
53,1712174580.923136,7712071.82404112,1542.0,-0.0,1584.0,ASK
54,1712174610.9778657,7712071.82404112,1542.0,-0.0,1584.0,ASK
55,1712174636.203228,7712361.86068184,1542.0,2.262526882568245e-08,1584.0,BID
56,1712174640.5852177,7712361.86068184,1542.0,0.0,1584.0,BID
57,1712174651.48349,7712749.14298703,1540.0,-3.0210185004090355e-08,1584.0,ASK
58,1712174651.485187,7713410.57478703,1540.0,-5.1595378301177633e-08,1584.0,ASK
59,1712174663.483508,7713475.51957259,1539.0,-5.066056363833677e-09,1584.0,ASK
60,1712174670.6433983,7713475.51957259,1539.0,-0.0,1584.0,ASK
61,1712174700.943128,7713475.51957259,1539.0,-0.0,1584.0,ASK
62,1712174730.9735389,7713475.51957259,1539.0,-0.0,1584.0,ASK
63,1712174749.4912956,7713638.84705797,1539.0,1.2756133567016424e-08,1584.0,BID
64,1712174760.6354342,7713638.84705797,1539.0,0.0,1584.0,BID
65,1712174764.5337782,7713698.63084176,1537.0,-4.669115907578748e-09,1584.0,ASK
66,1712174764.5398226,7713702.34705797,1537.0,-2.902366348110539e-10,1584.0,ASK
67,1712174769.5133154,7713765.84705797,1537.0,-4.959352542389802e-09,1584.0,ASK
68,1712174773.9939208,7713769.58498797,1537.0,-2.9193248264446905e-10,1584.0,ASK
69,1712174773.9959085,7714387.05612447,1537.0,-4.822452048274375e-08,1584.0,ASK
70,1712174775.599894,7714450.55612447,1536.0,-4.959352542389802e-09,1584.0,ASK
71,1712174778.4893208,7714540.15128686,1537.0,6.997385769821757e-09,1584.0,BID
72,1712174778.683192,7714894.42551079,1537.0,2.7668831073250764e-08,1584.0,BID
73,1712174778.8232932,7714990.32013773,1537.0,7.489374203382211e-09,1584.0,BID
74,1712174779.9134035,7715568.11100452,1537.0,4.5125489829705183e-08,1584.0,BID
75,1712174780.453221,7716176.63392796,1537.0,4.752566468446229e-08,1584.0,BID
76,1712174781.5935996,7716213.13392796,1536.0,-2.850651461373666e-09,1584.0,ASK
77,1712174790.6534944,7716213.13392796,1536.0,-0.0,1584.0,ASK
78,1712174810.5333955,7716376.51027491,1537.0,1.2755757594488888e-08,1584.0,BID
79,1712174820.9737978,7716376.51027491,1537.0,0.0,1584.0,BID
80,1712174850.255684,7716482.18038773,1537.0,8.250128879429663e-09,1584.0,BID
81,1712174850.9532828,7716482.18038773,1537.0,0.0,1584.0,BID
82,1712174852.1600058,7717192.57331659,1537.0,5.546278644652083e-08,1584.0,BID
83,1712174852.5536935,7718144.24331659,1537.0,7.430010608670798e-08,1584.0,BID
84,1712174852.5558093,7718158.66150047,1537.0,1.1256765389854759e-09,1584.0,BID
85,1712174852.5936728,7718195.61719467,1537.0,2.8852564435183957e-09,1584.0,BID
86,1712174853.9633832,7720904.27987958,1537.0,2.114744867884203e-07,1584.0,BID
87,1712174880.6256242,7720904.27987958,1537.0,0.0,1584.0,BID
88,1712174910.6157098,7720904.27987958,1537.0,0.0,1584.0,BID
89,1712174920.9462912,7721135.6175145,1539.0,1.8051735035401845e-08,1584.0,BID
90,1712174940.9633555,7721135.6175145,1539.0,0.0,1584.0,BID
91,1712174970.9432592,7721135.6175145,1539.0,0.0,1584.0,BID
92,1712174987.9236534,7721140.64422015,1539.0,3.9223292684336166e-10,1584.0,BID
93,1712174992.2841592,7721151.95367434,1539.0,8.824746517779837e-10,1584.0,BID
94,1712175000.7050755,7721151.95367434,1539.0,0.0,1584.0,BID
95,1712175029.6534617,7721155.34594204,1539.0,2.648416273771455e-10,1584.0,BID
96,1712175030.7035322,7721155.34594204,1539.0,0.0,1584.0,BID
97,1712175037.8320692,7721162.97817075,1539.0,5.95864249734822e-10,1584.0,BID
98,1712175040.9042392,7721168.70136763,1539.0,4.468220941286265e-10,1584.0,BID
99,1712175044.4734085,7721172.99295307,1539.0,3.3505315892258765e-10,1584.0,BID
100,1712175048.294152,7721179.42927535,1539.0,5.02497303453232e-10,1584.0,BID
101,1712175060.943194,7721179.42927535,1539.0,0.0,1584.0,BID
102,1712175090.9534574,7721179.42927535,1539.0,0.0,1584.0,BID
103,1712175120.6436105,7721179.42927535,1539.0,0.0,1584.0,BID
104,1712175129.8338566,7721672.86381847,1539.0,3.8523367709789775e-08,1584.0,BID
105,1712175129.8361723,7722129.74927535,1539.0,3.566991144421068e-08,1584.0,BID
106,1712175129.9455082,7722282.30956427,1539.0,1.1910670199151825e-08,1584.0,BID
107,1712175150.643901,7722282.30956427,1539.0,0.0,1584.0,BID
108,1712175159.833733,7722390.0212924,1539.0,-8.408144067200057e-09,1584.0,ASK
109,1712175180.9459078,7722390.0212924,1539.0,-0.0,1584.0,ASK
110,1712175205.4934332,7722396.45565649,1538.0,-5.022699118172667e-10,1584.0,ASK
111,1712175205.494414,7722615.55925893,1538.0,-1.7103344716837662e-08,1584.0,ASK
112,1712175210.9667082,7722615.55925893,1538.0,-0.0,1584.0,ASK
113,1712175240.63333,7722615.55925893,1538.0,-0.0,1584.0,ASK
114,1712175270.6559312,7722615.55925893,1538.0,-0.0,1584.0,ASK
115,1712175300.6735816,7722615.55925893,1538.0,-0.0,1584.0,ASK
116,1712175321.9258554,7723330.45070822,1539.0,-5.58133650954505e-08,1584.0,ASK
117,1712175330.643474,7723330.45070822,1539.0,-0.0,1584.0,ASK
118,1712175344.4736843,7723336.9526588,1538.0,-5.075799592447886e-10,1584.0,ASK
119,1712175344.4761772,7723590.45070822,1538.0,-1.9789527465235866e-08,1584.0,ASK
120,1712175360.9633222,7723590.45070822,1538.0,-0.0,1584.0,ASK
121,1712175390.963313,7723590.45070822,1538.0,-0.0,1584.0,ASK
122,1712175391.6432283,7723594.02213679,1540.0,2.787977173369512e-10,1584.0,BID
123,1712175403.353503,7723597.59356536,1540.0,2.787977173369512e-10,1584.0,BID
124,1712175420.6536796,7723597.59356536,1540.0,0.0,1584.0,BID
125,1712175442.1434288,7723602.33097601,1541.0,3.698178797221716e-10,1584.0,BID
126,1712175450.6632714,7723602.33097601,1541.0,0.0,1584.0,BID
127,1712175465.7643073,7723625.81813465,1538.0,-1.8334839217677437e-09,1584.0,ASK
128,1712175465.765901,7723665.83097601,1538.0,-3.123532412986387e-09,1584.0,ASK
129,1712175477.1810324,7723813.11525331,1538.0,-1.14974892665461e-08,1584.0,ASK
130,1712175477.3233123,7723813.11525332,1538.0,-7.997227302084441e-19,1584.0,ASK
131,1712175480.9332824,7723813.11525332,1538.0,-0.0,1584.0,ASK
132,1712175510.9431405,7723813.11525332,1538.0,-0.0,1584.0,ASK
133,1712175540.623139,7723813.11525332,1538.0,-0.0,1584.0,ASK
134,1712175552.1841865,7723816.88399922,1539.0,-2.9419310584621267e-10,1584.0,ASK
135,1712175552.1856313,7724031.44985097,1538.0,-1.6749283716002232e-08,1584.0,ASK
136,1712175552.2869785,7724254.77552894,1538.0,1.7433086909635705e-08,1584.0,BID
137,1712175552.3036332,7724528.32981769,1538.0,2.1353996251638483e-08,1584.0,BID
138,1712175570.6950128,7724528.32981769,1538.0,0.0,1584.0,BID
139,1712175600.7037196,7724528.32981769,1538.0,0.0,1584.0,BID
140,1712175630.6035445,7724528.32981769,1538.0,0.0,1584.0,BID
141,1712175641.1235845,7724539.47756478,1537.0,-8.70215384251429e-10,1584.0,ASK
142,1712175641.1256833,7724545.96553744,1537.0,-5.064640932109992e-10,1584.0,ASK
143,1712175642.4432287,7724609.46553744,1536.0,-4.956936720344791e-09,1584.0,ASK
144,1712175653.363201,7724672.96553744,1536.0,-4.956936720344791e-09,1584.0,ASK
145,1712175660.9636135,7724672.96553744,1536.0,-0.0,1584.0,ASK
146,1712175669.842812,7724736.46553744,1536.0,-4.956850750381154e-09,1584.0,ASK
147,1712175673.203838,7724799.96553744,1536.0,-4.956850750381154e-09,1584.0,ASK
148,1712175674.2168202,7726651.59509474,1536.0,-1.4453939150444426e-07,1584.0,ASK
149,1712175674.2192693,7726723.11592807,1536.0,-5.582962147341957e-09,1584.0,ASK
150,1712175674.2931523,7727475.65303744,1536.0,-5.874352968932364e-08,1584.0,ASK
151,1712175677.403889,7727478.9110179,1535.0,-2.543200455018953e-10,1584.0,ASK
152,1712175677.406456,7727724.2235179,1535.0,-1.9149251176423257e-08,1584.0,ASK
153,1712175680.0132296,7727793.47442935,1536.0,5.405770588749265e-09,1584.0,BID
154,1712175681.416118,7727870.26266533,1536.0,5.99413897855645e-09,1584.0,BID
155,1712175690.5554943,7727902.81474866,1536.0,2.5410365146031287e-09,1584.0,BID
156,1712175690.9635117,7727902.81474866,1536.0,0.0,1584.0,BID
157,1712175720.6436334,7727902.81474866,1536.0,0.0,1584.0,BID
158,1712175750.623235,7727902.81474866,1536.0,0.0,1584.0,BID
159,1712175764.563026,7727935.30337763,1539.0,2.535101525760024e-09,1584.0,BID
160,1712175780.9433937,7727935.30337763,1539.0,0.0,1584.0,BID
161,1712175810.9335334,7727935.30337763,1539.0,0.0,1584.0,BID
162,1712175840.6534193,7727935.30337763,1539.0,0.0,1584.0,BID
163,1712175870.6732864,7727935.30337763,1539.0,0.0,1584.0,BID
164,1712175872.1430316,7727986.24866522,1539.0,3.975266932059424e-09,1584.0,BID
165,1712175900.9530697,7727986.24866522,1539.0,0.0,1584.0,BID
166,1712175905.1632314,7728387.71361841,1539.0,3.135204000967424e-08,1584.0,BID
167,1712175913.4831352,7728634.49405251,1540.0,1.9272093322304072e-08,1584.0,BID
168,1712175917.8730354,7728737.02523751,1541.0,8.00707954411807e-09,1584.0,BID
169,1712175918.2230873,7728874.48123554,1541.0,1.0734501020705432e-08,1584.0,BID
170,1712175930.956991,7728874.48123554,1541.0,0.0,1584.0,BID
171,1712175941.6731331,7731148.70323554,1540.0,-1.7758432866102338e-07,1584.0,ASK
172,1712175960.623117,7731148.70323554,1540.0,-0.0,1584.0,ASK
173,1712175970.303493,7731178.17912419,1541.0,2.3010175658627446e-09,1584.0,BID
174,1712175970.3062592,7731181.74823516,1541.0,2.7862050688441684e-10,1584.0,BID
175,1712175990.6433475,7731181.74823516,1541.0,0.0,1584.0,BID
176,1712176020.9632585,7731181.74823516,1541.0,0.0,1584.0,BID
177,1712176050.952846,7731181.74823516,1541.0,0.0,1584.0,BID
178,1712176080.6547997,7731181.74823516,1541.0,0.0,1584.0,BID
179,1712176110.6854978,7731181.74823516,1541.0,0.0,1584.0,BID
180,1712176140.9661925,7731181.74823516,1541.0,0.0,1584.0,BID
181,1712176151.8833852,7731245.24823516,1538.0,-4.957069703031732e-09,1584.0,ASK
182,1712176170.9637868,7731245.24823516,1538.0,-0.0,1584.0,ASK
183,1712176177.5737617,7731305.24823516,1538.0,-4.683809679451914e-09,1584.0,ASK
184,1712176201.0542803,7731305.24823516,1538.0,-0.0,1584.0,ASK
185,1712176208.184612,7731365.24823516,1539.0,-4.687488920798301e-09,1584.0,ASK
186,1712176212.274616,7731372.14225336,1538.0,-5.385938988890304e-10,1584.0,ASK
187,1712176230.9447727,7731372.14225336,1538.0,-0.0,1584.0,ASK
188,1712176233.6150591,7731435.64225336,1536.0,-4.9608858770687425e-09,1584.0,ASK
189,1712176239.695674,7731499.14225336,1536.0,-4.9608858770687425e-09,1584.0,ASK
190,1712176239.775432,7731597.04866612,1536.0,-7.648858902906044e-09,1584.0,ASK
191,1712176239.7778983,7735764.7763023,1536.0,-3.2560033338265375e-07,1584.0,ASK
192,1712176240.4953835,7735768.6985223,1536.0,-3.064202488989496e-10,1584.0,ASK
193,1712176257.115744,7735832.1985223,1535.0,-4.9608858770687425e-09,1584.0,ASK
194,1712176260.655993,7735832.1985223,1535.0,-0.0,1584.0,ASK
195,1712176265.5257556,7735883.14380989,1535.0,-3.977930203287645e-09,1584.0,ASK
196,1712176274.015895,7735946.64380989,1535.0,-4.958232249900358e-09,1584.0,ASK
197,1712176281.06619,7736010.24380989,1535.0,-4.966040489634893e-09,1584.0,ASK
198,1712176286.2262988,7736074.74380989,1535.0,-5.036314647536584e-09,1584.0,ASK
199,1712176290.6661496,7736074.74380989,1535.0,-0.0,1584.0,ASK
200,1712176292.3086162,7736138.14380989,1535.0,-4.950280102431789e-09,1584.0,ASK
201,1712176320.952169,7736138.14380989,1535.0,-0.0,1584.0,ASK
202,1712176329.4573815,7736201.54380989,1535.0,-4.950242487050702e-09,1584.0,ASK
203,1712176332.855272,7736203.31629943,1535.0,-1.3839515820534652e-10,1584.0,ASK
204,1712176332.85735,7736421.93680989,1535.0,-1.7069787688150423e-08,1584.0,ASK
205,1712176337.5877926,7736485.31090015,1535.0,-4.9482194666479805e-09,1584.0,ASK
206,1712176337.5909646,7736632.24184477,1535.0,-1.147229975907484e-08,1584.0,ASK
207,1712176342.1772397,7736638.76074959,1534.0,-5.08993053780862e-10,1584.0,ASK
208,1712176342.1872516,7736642.33020959,1534.0,-2.7870177519787967e-10,1584.0,ASK
209,1712176344.5872753,7736705.73020959,1534.0,-4.950242487123419e-09,1584.0,ASK
210,1712176350.080282,7738435.99856446,1534.0,-1.3509854770274706e-07,1584.0,ASK
211,1712176350.0833747,7738582.87818853,1534.0,-1.1468292674418226e-08,1584.0,ASK
212,1712176350.9602852,7738582.87818853,1534.0,-0.0,1584.0,ASK
213,1712176353.0576954,7738595.92450294,1533.0,-1.0183519273779123e-09,1584.0,ASK
214,1712176353.069472,7739469.2372874,1533.0,-6.816789242652419e-08,1584.0,ASK
215,1712176353.0711043,7739485.17809615,1533.0,-1.244286532134909e-09,1584.0,ASK
216,1712176355.73387,7739592.19934091,1531.0,-8.353722549290158e-09,1584.0,ASK
217,1712176355.737103,7739612.07809613,1531.0,-1.5516695410132387e-09,1584.0,ASK
218,1712176371.6780877,7739644.67262024,1534.0,2.544220184042271e-09,1584.0,BID
219,1712176380.6911514,7739644.67262024,1534.0,0.0,1584.0,BID
220,1712176410.6683648,7739644.67262024,1534.0,0.0,1584.0,BID
221,1712176440.9700515,7739644.67262024,1534.0,0.0,1584.0,BID
222,1712176465.6302376,7739708.07262024,1531.0,-4.948164607302095e-09,1584.0,ASK
223,1712176470.9391532,7739708.07262024,1531.0,-0.0,1584.0,ASK
224,1712176482.8397584,7739765.80966733,1531.0,-4.506155341540694e-09,1584.0,ASK
225,1712176482.8429458,7739771.47262024,1531.0,-4.4197178053158234e-10,1584.0,ASK
226,1712176493.237012,7739785.40470325,1531.0,-1.087345706736004e-09,1584.0,ASK
227,1712176493.2436848,7739791.92985347,1531.0,-5.09262977579528e-10,1584.0,ASK
228,1712176493.2481318,7739996.49985347,1531.0,-1.5965904816369913e-08,1584.0,ASK
229,1712176493.6150398,7740295.57164569,1531.0,2.334140767382793e-08,1584.0,BID
230,1712176493.6896205,7741252.37164569,1531.0,7.467457461151443e-08,1584.0,BID
231,1712176500.4405766,7741330.97817213,1531.0,6.1349382562684055e-09,1584.0,BID
232,1712176500.4599972,7741524.54826704,1531.0,1.51074043634523e-08,1584.0,BID
233,1712176500.639454,7741524.54826704,1531.0,0.0,1584.0,BID
234,1712176500.9760735,7741989.38880285,1531.0,3.6398379368755513e-08,1584.0,BID
235,1712176501.0797975,7742337.74435164,1531.0,2.7277262724125844e-08,1584.0,BID
236,1712176501.5109923,7742491.35094625,1531.0,1.2027847559431247e-08,1584.0,BID
237,1712176501.65539,7742495.26995343,1531.0,3.0686977376808687e-10,1584.0,BID
238,1712176504.323497,7742714.19202128,1531.0,1.714224097070193e-08,1584.0,BID
239,1712176504.3257482,7742932.8316891,1531.0,1.7120128218858356e-08,1584.0,BID
240,1712176506.0310268,7743042.02339655,1531.0,8.550031431244652e-09,1584.0,BID
241,1712176507.511235,7743124.82720464,1531.0,6.4837814000026835e-09,1584.0,BID
242,1712176510.7498662,7743139.19689765,1531.0,1.1251891719901078e-09,1584.0,BID
243,1712176511.1990747,7743357.09689765,1531.0,1.7062210055806082e-08,1584.0,BID
244,1712176512.6025195,7743368.58077719,1531.0,8.99221500548547e-10,1584.0,BID
245,1712176530.6785092,7743368.58077719,1531.0,0.0,1584.0,BID
246,1712176560.961291,7743368.58077719,1531.0,0.0,1584.0,BID
247,1712176577.2309594,7743397.19705626,1530.0,-2.2402434666775448e-09,1584.0,ASK
248,1712176577.233192,7743432.08077719,1530.0,-2.730894108012867e-09,1584.0,ASK
249,1712176590.991103,7743432.08077719,1530.0,-0.0,1584.0,ASK
250,1712176606.9626975,7743435.99467151,1533.0,3.0639935645814387e-10,1584.0,BID
251,1712176608.9711115,7743499.49467151,1531.0,-4.9710997652985415e-09,1584.0,ASK
252,1712176612.3910384,7743562.99467151,1531.0,-4.9710997652985415e-09,1584.0,ASK
253,1712176620.7114909,7743562.99467151,1531.0,-0.0,1584.0,ASK
254,1712176650.651488,7743562.99467151,1531.0,-0.0,1584.0,ASK
255,1712176680.9616597,7743562.99467151,1531.0,-0.0,1584.0,ASK
256,1712176694.702234,7745810.70621471,1532.0,-1.759594173267767e-07,1584.0,ASK
257,1712176694.7053716,7746765.72621471,1532.0,-7.47626016530836e-08,1584.0,ASK
258,1712176710.9718702,7746765.72621471,1532.0,-0.0,1584.0,ASK
259,1712176714.8123226,7746769.64010903,1533.0,3.062769059165965e-10,1584.0,BID
260,1712176714.9721303,7748070.72621471,1533.0,1.0181486627065056e-07,1584.0,BID
261,1712176717.5126162,7748134.32621471,1533.0,-4.976938472097115e-09,1584.0,ASK
262,1712176717.5920153,7748280.44306584,1533.0,-1.1434191474875e-08,1584.0,ASK
263,1712176717.61239,7748531.50627792,1533.0,-1.9646637721979392e-08,1584.0,ASK
264,1712176717.6152873,7760924.50070873,1533.0,-9.697982824943824e-07,1584.0,ASK
265,1712176736.6327462,7761082.42070873,1533.0,1.2357832130602204e-08,1584.0,BID
266,1712176736.9128735,7762388.75643701,1532.0,-1.0222566892289056e-07,1584.0,ASK
267,1712176736.9159975,7763344.54643701,1532.0,-7.479415129251718e-08,1584.0,ASK
268,1712176736.9721448,7766478.08294416,1532.0,2.452109810694877e-07,1584.0,BID
269,1712176736.9965382,7766691.56788847,1534.0,1.6705997366993862e-08,1584.0,BID
270,1712176736.9979985,7766691.56896716,1533.0,8.441149570844873e-14,1584.0,BID
271,1712176737.1126764,7768026.56896716,1532.0,1.0446875566338481e-07,1584.0,BID
272,1712176737.2522228,7768103.03896716,1534.0,5.984064228877747e-09,1584.0,BID
273,1712176740.6523726,7768103.03896716,1534.0,0.0,1584.0,BID
274,1712176742.722437,7768973.28221865,1534.0,6.792596242276059e-08,1584.0,BID
275,1712176770.6681027,7768973.28221865,1534.0,0.0,1584.0,BID
276,1712176800.693138,7768973.28221865,1534.0,0.0,1584.0,BID
277,1712176830.643169,7768973.28221865,1534.0,0.0,1584.0,BID
278,1712176851.1937687,7769481.17009348,1534.0,3.964457123636642e-08,1584.0,BID
279,1712176860.953235,7769481.17009348,1534.0,0.0,1584.0,BID
280,1712176885.8739822,7769520.33560978,1530.0,-3.056985127139672e-09,1584.0,ASK
281,1712176885.876176,7769530.14018494,1530.0,-7.652762755074801e-10,1584.0,ASK
282,1712176885.8779693,7769544.57009348,1530.0,-1.1262973135612172e-09,1584.0,ASK
283,1712176890.9733944,7769544.57009348,1530.0,-0.0,1584.0,ASK
284,1712176891.8337183,7769562.8199235,1530.0,-1.424442770527285e-09,1584.0,ASK
285,1712176891.8373127,7769607.97009348,1530.0,-3.5240784789677046e-09,1584.0,ASK
286,1712176897.844507,7769614.80724549,1530.0,-5.336560253386708e-10,1584.0,ASK
287,1712176897.8481636,7769785.34335001,1530.0,-1.331074979523068e-08,1584.0,ASK
288,1712176897.851624,7769916.06230425,1530.0,-1.0202926226568825e-08,1584.0,ASK
289,1712176898.0040967,7769979.46230425,1529.0,-4.9485212494949895e-09,1584.0,ASK
290,1712176903.1475425,7769997.97098425,1530.0,1.4446466290128675e-09,1584.0,BID
291,1712176920.6339228,7769997.97098425,1530.0,0.0,1584.0,BID
292,1712176924.9123218,7770007.77641225,1529.0,-7.652956142457256e-10,1584.0,ASK
293,1712176924.9141495,7770027.39707935,1529.0,-1.531356966983223e-09,1584.0,ASK
294,1712176928.5910163,7770040.48608458,1528.0,-1.0215727756233663e-09,1584.0,ASK
295,1712176950.6942434,7770040.48608458,1528.0,-0.0,1584.0,ASK
296,1712176980.7041671,7770040.48608458,1528.0,-0.0,1584.0,ASK
297,1712176997.538442,7770122.02314373,1528.0,6.363785165283924e-09,1584.0,BID
298,1712176997.6251004,7770204.29092377,1528.0,6.420816296976392e-09,1584.0,BID
299,1712177010.6642416,7770204.29092377,1528.0,0.0,1584.0,BID
300,1712177023.8003125,7770322.59092377,1528.0,9.23287014083912e-09,1584.0,BID
301,1712177040.9478862,7770322.59092377,1528.0,0.0,1584.0,BID
302,1712177047.1549983,7770475.79987649,1525.0,-1.1957213937460945e-08,1584.0,ASK
303,1712177047.1583002,7770479.40171015,1527.0,-2.8110560693226086e-10,1584.0,ASK
304,1712177047.161269,7770484.38860399,1526.0,-3.8920282053700577e-10,1584.0,ASK
305,1712177047.1637576,7770490.94168393,1526.0,-5.114360316784375e-10,1584.0,ASK
306,1712177047.166316,7770822.59092377,1526.0,-2.588361086331133e-08,1584.0,ASK
307,1712177053.474509,7771781.36092377,1526.0,-7.482733745863208e-08,1584.0,ASK
308,1712177053.5743372,7771938.46092377,1526.0,1.2260891261510469e-08,1584.0,BID
309,1712177053.6046195,7772013.97557583,1526.0,5.893551480254443e-09,1584.0,BID
310,1712177053.614596,7773520.42204148,1526.0,1.1757082308442233e-07,1584.0,BID
311,1712177054.224571,7773583.82204148,1528.0,-4.948061782114242e-09,1584.0,ASK
312,1712177055.2446146,7773668.14595557,1528.0,-6.581071555702515e-09,1584.0,ASK
313,1712177055.2472458,7773687.55632712,1528.0,-1.5148851363693155e-09,1584.0,ASK
314,1712177055.904462,7773713.89777917,1528.0,-2.0558222740577502e-09,1584.0,ASK
315,1712177070.9646838,7773713.89777917,1528.0,-0.0,1584.0,ASK
316,1712177083.9745617,7773777.29777917,1527.0,-4.946064004572766e-09,1584.0,ASK
317,1712177100.6952257,7773777.29777917,1527.0,-0.0,1584.0,ASK
318,1712177130.66513,7773777.29777917,1527.0,-0.0,1584.0,ASK
319,1712177160.6792386,7773777.29777917,1527.0,-0.0,1584.0,ASK
320,1712177161.2951734,7773895.59777917,1530.0,9.229257282073604e-09,1584.0,BID
321,1712177161.380828,7773965.59916247,1530.0,5.461206902596855e-09,1584.0,BID
322,1712177161.3849485,7774060.09777917,1530.0,7.37237570859079e-09,1584.0,BID
323,1712177161.7054138,7774263.78706295,1530.0,1.589096200859541e-08,1584.0,BID
324,1712177182.3792267,7774364.30793495,1530.0,7.8422061699479e-09,1584.0,BID
325,1712177182.4752269,7774479.74526665,1530.0,9.005924211453009e-09,1584.0,BID
326,1712177182.495187,7774715.48701665,1530.0,1.839155758985725e-08,1584.0,BID
327,1712177182.575204,7774911.74240927,1530.0,1.5311001787745893e-08,1584.0,BID
328,1712177182.5987804,7778166.06895262,1530.0,2.538885625401826e-07,1584.0,BID
329,1712177190.651337,7778166.06895262,1530.0,0.0,1584.0,BID
330,1712177220.9654737,7778166.06895262,1530.0,0.0,1584.0,BID
331,1712177223.2957053,7778582.17360927,1530.0,-3.2445698915234546e-08,1584.0,ASK
332,1712177223.3054264,7779538.77360927,1530.0,-7.459074318520938e-08,1584.0,ASK
333,1712177223.3832092,7780851.92455967,1530.0,1.0239275068428309e-07,1584.0,BID
334,1712177233.185424,7780955.48203327,1531.0,-8.074878651750992e-09,1584.0,ASK
335,1712177250.955599,7780955.48203327,1531.0,-0.0,1584.0,ASK
336,1712177263.0054786,7781014.18218428,1531.0,4.575612857716585e-09,1584.0,BID
337,1712177279.7159443,7781754.65891864,1531.0,-5.7719355202833785e-08,1584.0,ASK
338,1712177280.6992054,7781754.65891864,1531.0,-0.0,1584.0,ASK
339,1712177285.1657443,7781858.81327516,1531.0,8.117944448636317e-09,1584.0,BID
340,1712177286.0858755,7782814.50327516,1531.0,7.448789075449618e-08,1584.0,BID
341,1712177287.2791884,7783725.93656649,1531.0,7.103845748583444e-08,1584.0,BID
342,1712177290.6458166,7783822.08882959,1531.0,7.494249463333898e-09,1584.0,BID
343,1712177291.5356913,7783839.49521559,1531.0,1.3566794450157103e-09,1584.0,BID
344,1712177291.616693,7785928.27144747,1531.0,1.6280230594750688e-07,1584.0,BID
345,1712177310.6757874,7785928.27144747,1531.0,0.0,1584.0,BID
346,1712177325.0462446,7786111.59180288,1533.0,1.4281146933014174e-08,1584.0,BID
347,1712177335.977517,7786763.90752368,1533.0,-5.0817142671518056e-08,1584.0,ASK
348,1712177341.003974,7786763.90752368,1533.0,-0.0,1584.0,ASK
349,1712177344.1963298,7787130.04461899,1530.0,-2.8520214674187906e-08,1584.0,ASK
350,1712177344.2001262,7787218.55490637,1531.0,-6.894500528019365e-09,1584.0,ASK
351,1712177367.6151128,7787808.40781106,1530.0,-4.5946536648140054e-08,1584.0,ASK
352,1712177367.6273332,7787811.98801106,1530.0,-2.788793430200496e-10,1584.0,ASK
353,1712177367.6661294,7789176.62828302,1530.0,1.0629852590136156e-07,1584.0,BID
354,1712177367.716145,7789380.87828302,1534.0,1.5910034579422307e-08,1584.0,BID
355,1712177370.9880898,7789380.87828302,1534.0,0.0,1584.0,BID
356,1712177395.2862916,7789405.09883568,1532.0,-1.886069299762041e-09,1584.0,ASK
357,1712177400.6761434,7789405.09883568,1532.0,-0.0,1584.0,ASK
358,1712177405.6762006,7789465.21206159,1532.0,-4.681607645528708e-09,1584.0,ASK
359,1712177405.6787984,7789468.49883568,1532.0,-2.559733981709354e-10,1584.0,ASK
360,1712177408.8067584,7789557.98961627,1532.0,-6.969526527207817e-09,1584.0,ASK
361,1712177408.810467,7789638.02727368,1532.0,-6.233318927554543e-09,1584.0,ASK
362,1712177419.3607593,7789701.42727368,1531.0,-4.937581043699644e-09,1584.0,ASK
363,1712177426.1065924,7789722.42657946,1531.0,-1.635422305129309e-09,1584.0,ASK
364,1712177426.1112273,7789764.82727368,1531.0,-3.302158738497803e-09,1584.0,ASK
365,1712177427.0863152,7789770.95157926,1531.0,-4.76959860197519e-10,1584.0,ASK
366,1712177427.096261,7790180.42103525,1531.0,-3.1889410470952595e-08,1584.0,ASK
367,1712177430.656345,7790180.42103525,1531.0,-0.0,1584.0,ASK
368,1712177443.5065775,7790507.43215362,1529.0,-2.546521479886141e-08,1584.0,ASK
369,1712177443.5100205,7790680.42103525,1529.0,-1.3471098629540293e-08,1584.0,ASK
370,1712177460.982544,7790680.42103525,1529.0,-0.0,1584.0,ASK
371,1712177490.9865575,7790680.42103525,1529.0,-0.0,1584.0,ASK
372,1712177520.6712272,7790680.42103525,1529.0,-0.0,1584.0,ASK
373,1712177550.68694,7790680.42103525,1529.0,-0.0,1584.0,ASK
374,1712177580.9740503,7790680.42103525,1529.0,-0.0,1584.0,ASK
375,1712177584.456828,7790784.12103525,1532.0,8.074910676375178e-09,1584.0,BID
376,1712177601.3173854,7790873.91129532,1532.0,6.9917871713835434e-09,1584.0,BID
377,1712177601.321334,7790937.31129532,1532.0,4.936830635335341e-09,1584.0,BID
378,1712177610.9971037,7790937.31129532,1532.0,0.0,1584.0,BID
379,1712177640.6735234,7790937.31129532,1532.0,0.0,1584.0,BID
380,1712177645.1802068,7791009.01924839,1533.0,5.583583139743355e-09,1584.0,BID
381,1712177645.1848998,7791183.16048245,1533.0,1.3559612522968262e-08,1584.0,BID
382,1712177670.6771784,7791183.16048245,1533.0,0.0,1584.0,BID
383,1712177700.9515617,7791183.16048245,1533.0,0.0,1584.0,BID
384,1712177720.5373154,7791313.47342245,1534.0,1.0151259810691933e-08,1584.0,BID
385,1712177729.6573644,7791640.05735452,1531.0,-2.5440592042893803e-08,1584.0,ASK
386,1712177729.659411,7791938.47342245,1531.0,-2.3246340979265856e-08,1584.0,ASK
387,1712177731.0073037,7791938.47342245,1531.0,-0.0,1584.0,ASK
388,1712177741.0674644,7792264.11369605,1531.0,-2.5364796238526364e-08,1584.0,ASK
389,1712177760.677557,7792264.11369605,1531.0,-0.0,1584.0,ASK
390,1712177778.9877324,7792320.98201741,1531.0,-4.42941947701253e-09,1584.0,ASK
391,1712177778.9917753,7792327.51369605,1531.0,-5.08746238589763e-10,1584.0,ASK
392,1712177790.6575155,7792327.51369605,1531.0,-0.0,1584.0,ASK
393,1712177820.7177684,7792327.51369605,1531.0,-0.0,1584.0,ASK
394,1712177850.672483,7792327.51369605,1531.0,-0.0,1584.0,ASK
395,1712177876.3277855,7792395.22146874,1531.0,-5.2736541637304326e-09,1584.0,ASK
396,1712177876.3894684,7792511.10050608,1531.0,9.025639797031557e-09,1584.0,BID
397,1712177876.4026017,7792539.17635579,1533.0,2.186784704937293e-09,1584.0,BID
398,1712177876.404389,7792621.18559108,1534.0,6.38757306538185e-09,1584.0,BID
399,1712177880.977663,7792621.18559108,1534.0,0.0,1584.0,BID
400,1712177910.9780004,7792621.18559108,1534.0,0.0,1584.0,BID
401,1712177940.6341598,7792621.18559108,1534.0,0.0,1584.0,BID
402,1712177943.908009,7792721.18559108,1532.0,7.788573092170768e-09,1584.0,BID
403,1712177965.508697,7792784.58559108,1532.0,-4.9379553403927455e-09,1584.0,ASK
404,1712177965.5880926,7792821.18559108,1532.0,-2.850617751778023e-09,1584.0,ASK
405,1712177970.649268,7792821.18559108,1532.0,-0.0,1584.0,ASK
406,1712178000.838273,7792821.18559108,1532.0,-0.0,1584.0,ASK
407,1712178018.2384455,7792884.58559108,1530.0,-4.940824483203341e-09,1584.0,ASK
408,1712178028.508451,7792914.66304206,1530.0,-2.3439653974412966e-09,1584.0,ASK
409,1712178030.6893952,7792914.66304206,1530.0,-0.0,1584.0,ASK
410,1712178032.9883654,7792978.06304206,1529.0,-4.940769414728778e-09,1584.0,ASK
411,1712178034.4982712,7793178.06304206,1530.0,-1.5586023390448978e-08,1584.0,ASK
412,1712178038.0138087,7793239.46081839,1529.0,-4.784735890068671e-09,1584.0,ASK
413,1712178038.0178251,7793241.46304206,1529.0,-1.5603352473268667e-10,1584.0,ASK
414,1712178060.9582193,7793241.46304206,1529.0,-0.0,1584.0,ASK
415,1712178065.700255,7793281.92604233,1529.0,-3.1531635102963834e-09,1584.0,ASK
416,1712178065.702474,7793304.86304206,1529.0,-1.787413441915548e-09,1584.0,ASK
417,1712178068.6039748,7793478.13271335,1529.0,-1.350239975526778e-08,1584.0,ASK
418,1712178068.6089,7793805.14383172,1529.0,-2.5483021995692613e-08,1584.0,ASK
419,1712178082.9582796,7793868.74383172,1528.0,-4.956162368479389e-09,1584.0,ASK
420,1712178088.0086305,7793932.34383172,1528.0,-4.956162368406814e-09,1584.0,ASK
421,1712178090.973629,7793932.34383172,1528.0,-0.0,1584.0,ASK
422,1712178092.0584996,7793995.94383172,1528.0,-4.955754465858861e-09,1584.0,ASK
423,1712178093.913135,7794015.85391223,1528.0,-1.5514067672721581e-09,1584.0,ASK
424,1712178093.9163826,7794152.27904312,1528.0,-1.0630337290266327e-08,1584.0,ASK
425,1712178093.9218144,7794156.27904312,1528.0,-3.1168267080599487e-10,1584.0,ASK
426,1712178120.6823936,7794156.27904312,1528.0,-0.0,1584.0,ASK
427,1712178122.72908,7794206.18074583,1527.0,-3.888270324145755e-09,1584.0,ASK
428,1712178122.73335,7794219.87904312,1527.0,-1.0673520131089382e-09,1584.0,ASK
429,1712178128.7090642,7794283.37904312,1527.0,-4.947830478262835e-09,1584.0,ASK
430,1712178130.5186076,7794832.37904312,1528.0,4.277730602466608e-08,1584.0,BID
431,1712178132.8485408,7794895.87904312,1527.0,-4.947830478262835e-09,1584.0,ASK
432,1712178138.5787563,7794959.37904312,1527.0,-4.947830478262835e-09,1584.0,ASK
433,1712178144.3585198,7795022.87904312,1527.0,-4.947830478262835e-09,1584.0,ASK
434,1712178148.1441505,7795082.62016953,1527.0,-4.654944347335807e-09,1584.0,ASK
435,1712178148.1487012,7795102.5432878,1527.0,-1.5523812881630318e-09,1584.0,ASK
436,1712178150.6897163,7795102.5432878,1527.0,-0.0,1584.0,ASK
437,1712178151.9586537,7795112.2119191,1527.0,7.53281277427517e-10,1584.0,BID
438,1712178180.9824882,7795112.2119191,1527.0,0.0,1584.0,BID
439,1712178186.058988,7795470.34972358,1526.0,-2.7902418052653426e-08,1584.0,ASK
440,1712178186.0640726,7795798.00372095,1526.0,-2.5527433007272995e-08,1584.0,ASK
441,1712178205.7978165,7795981.45372094,1526.0,-1.4292539149579277e-08,1584.0,ASK
442,1712178208.7286773,7796001.39737262,1526.0,-1.5538044286520499e-09,1584.0,ASK
443,1712178208.7329369,7796514.34778641,1526.0,-3.9963825954116745e-08,1584.0,ASK
444,1712178208.8088992,7796804.9411834,1526.0,2.2640051803349856e-08,1584.0,BID
445,1712178208.868474,7797094.56346677,1526.0,2.2564392607649285e-08,1584.0,BID
446,1712178208.8889034,7797238.98693645,1526.0,1.1251992884370766e-08,1584.0,BID
447,1712178209.6118522,7797939.52709759,1526.0,5.45788916843759e-08,1584.0,BID
448,1712178210.9611776,7797939.52709759,1526.0,0.0,1584.0,BID
449,1712178217.1279948,7798003.02709759,1525.0,-4.945605155183158e-09,1584.0,ASK
450,1712178220.4791582,7798362.35505846,1525.0,-2.7985735679947253e-08,1584.0,ASK
451,1712178220.4836502,7798366.35505846,1525.0,-3.115341830036635e-10,1584.0,ASK
452,1712178220.487653,7799537.59729533,1525.0,-9.122049834069625e-08,1584.0,ASK
453,1712178220.4912214,7799583.75159357,1525.0,-3.594660398601292e-09,1584.0,ASK
454,1712178221.687859,7799682.42159357,1525.0,7.684769459237067e-09,1584.0,BID
455,1712178223.5381048,7799762.82159357,1525.0,6.2618370783301165e-09,1584.0,BID
456,1712178225.6129954,7799775.94495315,1524.0,-1.0220937762954818e-09,1584.0,ASK
457,1712178225.6150787,7799844.31795501,1524.0,-5.325131818453644e-09,1584.0,ASK
458,1712178227.4876924,7799907.17854895,1524.0,-4.8958059440659666e-09,1584.0,ASK
459,1712178227.4973297,7799907.81795501,1524.0,-4.979921111719159e-11,1584.0,ASK
460,1712178227.6774669,7799939.18419966,1524.0,-2.442914350267422e-09,1584.0,ASK
461,1712178227.680872,7799964.66873222,1524.0,-1.984825757594744e-09,1584.0,ASK
462,1712178228.7778013,7800143.02960648,1524.0,-1.3891377310589946e-08,1584.0,ASK
463,1712178228.785284,7800691.93412643,1524.0,-4.2750630292413433e-08,1584.0,ASK
464,1712178228.9619162,7800800.20937345,1524.0,-8.432860154951739e-09,1584.0,ASK
465,1712178228.9662087,7801128.29336295,1524.0,-2.555234440637156e-08,1584.0,ASK
466,1712178233.68595,7801276.39246843,1523.0,-1.1534483457331193e-08,1584.0,ASK
467,1712178240.6910014,7801276.39246843,1523.0,-0.0,1584.0,ASK
468,1712178247.9470663,7801342.00926633,1524.0,5.108444925004414e-09,1584.0,BID
469,1712178270.6562593,7801342.00926633,1524.0,0.0,1584.0,BID
470,1712178300.9654176,7801342.00926633,1524.0,0.0,1584.0,BID
471,1712178301.6264138,7801469.17214799,1523.0,-9.905928446256792e-09,1584.0,ASK
472,1712178309.6461897,7801792.99214799,1524.0,2.5225425120754217e-08,1584.0,BID
473,1712178310.6462204,7801923.16214799,1524.0,1.0140181545292485e-08,1584.0,BID
474,1712178311.550927,7802244.49214799,1524.0,2.5031455296294832e-08,1584.0,BID
475,1712178323.696839,7802445.11919986,1523.0,-1.5628752622329682e-08,1584.0,ASK
476,1712178323.6989248,7803813.51601365,1523.0,-1.065974657581796e-07,1584.0,ASK
477,1712178323.702121,7803820.08200183,1523.0,-5.11487379360175e-10,1584.0,ASK
478,1712178323.7041311,7804040.68947622,1523.0,-1.7185218103580898e-08,1584.0,ASK
479,1712178326.727304,7804045.28868778,1522.0,-3.5827640915386373e-10,1584.0,ASK
480,1712178326.7327733,7804125.65402195,1522.0,-6.260421590499809e-09,1584.0,ASK
481,1712178326.7367158,7804134.93796505,1522.0,-7.232147844245424e-10,1584.0,ASK
482,1712178326.7391417,7804167.78947621,1522.0,-2.559117209775789e-09,1584.0,ASK
483,1712178326.8848698,7804257.21947621,1523.0,6.9665547790313875e-09,1584.0,BID
484,1712178328.4053192,7804383.99040667,1523.0,9.8753956327785e-09,1584.0,BID
485,1712178328.7219262,7804554.93693345,1523.0,1.3316653730370593e-08,1584.0,BID
486,1712178329.2352118,7804683.04777012,1523.0,9.979773693958377e-09,1584.0,BID
487,1712178330.9748633,7804683.04777012,1523.0,0.0,1584.0,BID
488,1712178333.003934,7804691.04777012,1523.0,6.229492644757356e-10,1584.0,BID
489,1712178340.6249883,7804789.53777012,1523.0,7.669284132294304e-09,1584.0,BID
490,1712178340.7048705,7804916.63777011,1522.0,-9.89710643853151e-09,1584.0,ASK
491,1712178340.7099164,7805108.76893871,1522.0,-1.496099627029257e-08,1584.0,ASK
492,1712178343.1367528,7805147.19482767,1521.0,-2.9921724080767313e-09,1584.0,ASK
493,1712178343.1413531,7805219.51566921,1521.0,-5.6315268804239884e-09,1584.0,ASK
494,1712178343.150406,7805226.09029116,1521.0,-5.11956988516322e-10,1584.0,ASK
495,1712178343.152682,7805576.74950167,1520.0,-2.7305362158576285e-08,1584.0,ASK
496,1712178343.1546924,7805905.48059963,1521.0,-2.559784946055362e-08,1584.0,ASK
497,1712178343.156747,7808555.2297001,1520.0,-2.063324066478773e-07,1584.0,ASK
498,1712178343.158823,7811124.07624605,1520.0,-2.00032633293863e-07,1584.0,ASK
499,1712178343.1608784,7811164.79989558,1518.0,-3.1710959401649126e-09,1584.0,ASK
500,1712178343.162934,7811174.57273955,1519.0,-7.60998245367351e-10,1584.0,ASK
501,1712178343.1650305,7811184.44922155,1518.0,-7.69068399660692e-10,1584.0,ASK
502,1712178343.167413,7813671.59077255,1519.0,-1.936703749803164e-07,1584.0,ASK
503,1712178343.1694589,7813765.20763684,1518.0,-7.289819594004416e-09,1584.0,ASK
504,1712178343.171554,7815324.88077706,1519.0,-1.21449654440353e-07,1584.0,ASK
505,1712178343.173609,7817483.64230538,1518.0,-1.6809986328065736e-07,1584.0,ASK
506,1712178343.175693,7817799.43177906,1520.0,-2.459010254475512e-08,1584.0,ASK
507,1712178343.1777563,7819224.04310975,1518.0,-1.109325725772036e-07,1584.0,ASK
508,1712178343.2748027,7822467.65505787,1518.0,2.525757096657169e-07,1584.0,BID
509,1712178343.279443,7834813.99585914,1518.0,9.613929901397191e-07,1584.0,BID
510,1712178343.3215816,7835453.79585913,1518.0,4.982036742570725e-08,1584.0,BID
511,1712178343.3237486,7835689.91305553,1518.0,1.8386129228409682e-08,1584.0,BID
512,1712178343.3346665,7835977.30721052,1518.0,2.2378997183212932e-08,1584.0,BID
513,1712178343.3693385,7836074.04564815,1520.0,7.532892321035928e-09,1584.0,BID
514,1712178343.3714733,7836355.71564815,1520.0,2.193326491560425e-08,1584.0,BID
515,1712178343.3943987,7836591.31616928,1520.0,1.834589641846961e-08,1584.0,BID
516,1712178343.482782,7836716.01616928,1520.0,9.710221660030032e-09,1584.0,BID
517,1712178343.6488843,7839910.04019886,1520.0,2.4871436499308145e-07,1584.0,BID
518,1712178346.223549,7839973.64019886,1521.0,4.9524466526256114e-09,1584.0,BID
519,1712178346.2324178,7840096.03805675,1521.0,9.530956943211276e-09,1584.0,BID
520,1712178346.2752805,7840246.76030955,1521.0,1.1736539565245806e-08,1584.0,BID
521,1712178346.2799184,7840397.96419532,1521.0,1.17740436783182e-08,1584.0,BID
522,1712178346.7744665,7840543.31419432,1521.0,1.131820937102713e-08,1584.0,BID
523,1712178347.23465,7840671.42471947,1521.0,9.975794676712568e-09,1584.0,BID
524,1712178348.3645723,7840904.26660547,1521.0,1.8131085202910494e-08,1584.0,BID
525,1712178348.6245365,7842284.26660547,1520.0,-1.074587481220644e-07,1584.0,ASK
526,1712178348.7249014,7842576.55660546,1520.0,2.2760230063406763e-08,1584.0,BID
527,1712178348.8447134,7843541.37660546,1520.0,7.51292386689581e-08,1584.0,BID
528,1712178349.330001,7843767.17660546,1520.0,1.7582742989813132e-08,1584.0,BID
529,1712178349.6050427,7843856.69769556,1520.0,6.970887154075552e-09,1584.0,BID
530,1712178350.474702,7843955.639948,1520.0,7.704500422913258e-09,1584.0,BID
531,1712178351.867467,7844038.31806113,1520.0,6.438033720315763e-09,1584.0,BID
532,1712178352.174425,7844120.52993845,1520.0,6.401728563454951e-09,1584.0,BID
533,1712178354.2777357,7844302.32993845,1520.0,1.4156522035196588e-08,1584.0,BID
534,1712178356.7212224,7844312.35765222,1520.0,7.80844614677984e-10,1584.0,BID
535,1712178356.7235205,7844508.64469991,1520.0,1.5284608998057805e-08,1584.0,BID
536,1712178357.253991,7844600.80842176,1520.0,7.176665342236521e-09,1584.0,BID
537,1712178358.0247197,7844692.84154089,1520.0,7.166495483676131e-09,1584.0,BID
538,1712178359.084137,7844795.93691872,1520.0,8.027898723744698e-09,1584.0,BID
539,1712178360.5785897,7844871.34686926,1520.0,5.872071652911803e-09,1584.0,BID
540,1712178360.6629963,7844871.34686926,1520.0,0.0,1584.0,BID
541,1712178361.8210487,7844961.51601414,1520.0,6.988133038853013e-09,1584.0,BID
542,1712178362.2645164,7845047.61601414,1520.0,6.6727732135332606e-09,1584.0,BID
543,1712178362.2839928,7845165.91601414,1520.0,9.168281895042477e-09,1584.0,BID
544,1712178362.9986312,7845295.31601414,1520.0,1.0028534887774981e-08,1584.0,BID
545,1712178371.3739226,7845302.50307683,1520.0,5.56999296193427e-10,1584.0,BID
546,1712178375.3657446,7845495.55604991,1521.0,1.4961657463061572e-08,1584.0,BID
547,1712178376.034104,7845871.55604991,1521.0,2.9140101373976333e-08,1584.0,BID
548,1712178376.796849,7846020.08164308,1521.0,1.1510773514900908e-08,1584.0,BID
549,1712178376.8139625,7846168.24230316,1521.0,1.1482491102013653e-08,1584.0,BID
550,1712178378.325208,7846258.51230316,1521.0,6.995949337808022e-09,1584.0,BID
551,1712178382.204369,7846263.50651874,1521.0,3.8705305399784384e-10,1584.0,BID
552,1712178385.1934364,7846480.2715286,1521.0,1.6799346706486823e-08,1584.0,BID
553,1712178388.7757568,7846484.21630177,1521.0,3.0572098424460357e-10,1584.0,BID
554,1712178390.7437806,7846484.21630177,1521.0,0.0,1584.0,BID
555,1712178397.1220388,7847084.87667021,1521.0,4.6542493317386186e-08,1584.0,BID
556,1712178413.693513,7847084.87667022,1521.0,7.938043640162742e-19,1584.0,BID
557,1712178413.7931254,7847777.86534011,1521.0,-5.369660166053451e-08,1584.0,ASK
558,1712178414.6031463,7847841.46534011,1521.0,-4.928080377031537e-09,1584.0,ASK
559,1712178415.783062,7848321.45698745,1521.0,-3.7192412239165284e-08,1584.0,ASK
560,1712178415.8831046,7850264.56700551,1521.0,-1.505629300388938e-07,1584.0,ASK
561,1712178420.682779,7850264.56700551,1521.0,-0.0,1584.0,ASK
562,1712178423.8728447,7850328.16700551,1521.0,-4.925885721800936e-09,1584.0,ASK
563,1712178430.4832454,7850330.3132251,1521.0,-1.6622692504793303e-10,1584.0,ASK
564,1712178430.4883108,7850350.31488545,1521.0,-1.5491492630481851e-09,1584.0,ASK
565,1712178434.3426156,7850477.21843874,1520.0,-9.828811339655946e-09,1584.0,ASK
566,1712178450.6327198,7850477.21843874,1520.0,-0.0,1584.0,ASK
567,1712178455.4022546,7850540.91843874,1520.0,-4.933507284471656e-09,1584.0,ASK
568,1712178460.462354,7850604.61843874,1520.0,-4.933507284471656e-09,1584.0,ASK
569,1712178464.5427256,7851295.16663854,1520.0,-5.3482332401591094e-08,1584.0,ASK
570,1712178464.547909,7851531.66726136,1519.0,-1.8316758955442388e-08,1584.0,ASK
571,1712178464.552554,7851663.24620872,1520.0,-1.0190670255577312e-08,1584.0,ASK
572,1712178464.5564926,7851683.27103071,1520.0,-1.5509043195990731e-09,1584.0,ASK
573,1712178464.5604663,7851691.25125483,1517.0,-6.18061127553394e-10,1584.0,ASK
574,1712178464.5629575,7851798.59709983,1519.0,-8.313838434344649e-09,1584.0,ASK
575,1712178464.5652895,7851916.17884433,1517.0,-9.106599576255802e-09,1584.0,ASK
576,1712178464.567553,7852574.07358117,1519.0,-5.0953351281132415e-08,1584.0,ASK
577,1712178465.7121248,7852637.77358117,1520.0,4.9335072843995265e-09,1584.0,BID
578,1712178465.7153933,7852639.81980076,1521.0,1.5847785327246768e-10,1584.0,BID
579,1712178467.642434,7852829.04898585,1520.0,1.4655628933679674e-08,1584.0,BID
580,1712178467.721821,7852980.14761856,1520.0,1.170245220010332e-08,1584.0,BID
581,1712178477.8889985,7853102.12745941,1520.0,9.447228153658889e-09,1584.0,BID
582,1712178478.252289,7853302.6603843,1520.0,1.5531093339417363e-08,1584.0,BID
583,1712178478.3721068,7853306.2526143,1518.0,-2.7821495872027434e-10,1584.0,ASK
584,1712178478.3785603,7853358.1092082,1517.0,-4.016246212787555e-09,1584.0,ASK
585,1712178478.654384,7853518.01275254,1520.0,1.23843846281525e-08,1584.0,BID
586,1712178478.7918775,7853659.93760234,1520.0,1.0991951025635485e-08,1584.0,BID
587,1712178480.961748,7853659.93760234,1520.0,0.0,1584.0,BID
588,1712178486.5518892,7853857.69633668,1517.0,-1.5310500111623332e-08,1584.0,ASK
589,1712178486.5560246,7854351.49314282,1517.0,-3.822979592158706e-08,1584.0,ASK
590,1712178486.5600624,7854474.79788285,1517.0,-9.546264756901188e-09,1584.0,ASK
591,1712178486.5640793,7856674.7866638,1517.0,-1.7032334166545444e-07,1584.0,ASK
592,1712178486.7775671,7856863.21287338,1519.0,1.4587975152854692e-08,1584.0,BID
593,1712178486.7931154,7857051.11268379,1519.0,1.4547221278803616e-08,1584.0,BID
594,1712178486.8316867,7857128.51268379,1519.0,5.992315396845492e-09,1584.0,BID
595,1712178486.9120488,7857250.60698488,1519.0,9.452552458437265e-09,1584.0,BID
596,1712178486.991795,7857340.46909252,1519.0,6.957132961270801e-09,1584.0,BID
597,1712178488.4279563,7857479.51909252,1519.0,1.0765264288452702e-08,1584.0,BID
598,1712178492.2252555,7857589.6687653,1519.0,8.527798193217366e-09,1584.0,BID
599,1712178492.2915492,7858518.99277673,1519.0,-7.19483537767993e-08,1584.0,ASK
600,1712178494.581757,7858708.45280398,1519.0,1.4668013415615767e-08,1584.0,BID
601,1712178494.9762907,7858786.057316,1519.0,6.008148736950569e-09,1584.0,BID
602,1712178497.3137853,7858790.00468442,1520.0,3.0560564036216677e-10,1584.0,BID
603,1712178505.624489,7858979.44612882,1520.0,1.46665747296112e-08,1584.0,BID
604,1712178506.2615807,7859131.72890103,1520.0,1.1789746777530769e-08,1584.0,BID
605,1712178510.9712508,7859131.72890103,1520.0,0.0,1584.0,BID
606,1712178540.6525242,7859131.72890103,1520.0,0.0,1584.0,BID
607,1712178543.984039,7859350.13777487,1519.0,1.6898369409777525e-08,1584.0,BID
608,1712178544.0006173,7859559.243603,1519.0,1.617858957540982e-08,1584.0,BID
609,1712178544.2205417,7859725.86881024,1519.0,1.2891849380524245e-08,1584.0,BID
610,1712178544.5006454,7860228.92683747,1520.0,3.892177194644676e-08,1584.0,BID
611,1712178544.5806088,7860361.70163317,1520.0,1.027283144038044e-08,1584.0,BID
612,1712178554.3340757,7860552.83500578,1520.0,1.478805453323593e-08,1584.0,BID
613,1712178568.940231,7860775.1168817,1520.0,1.7198024907862834e-08,1584.0,BID
614,1712178569.6202474,7864380.19722521,1520.0,2.789263015069739e-07,1584.0,BID
615,1712178569.624552,7865701.19772521,1520.0,1.0220626134371797e-07,1584.0,BID
616,1712178570.687333,7865701.19772521,1520.0,0.0,1584.0,BID
617,1712178576.980036,7868122.50649148,1521.0,1.8719287444192805e-07,1584.0,BID
618,1712178577.1200178,7868122.50649149,1521.0,7.200112278265464e-19,1584.0,BID
619,1712178577.240178,7868129.08675463,1522.0,5.08724202809053e-10,1584.0,BID
620,1712178600.6623287,7868129.08675463,1522.0,0.0,1584.0,BID
621,1712178608.4445176,7868133.0237625,1524.0,3.044466015553237e-10,1584.0,BID
622,1712178610.4101117,7868183.6824497,1524.0,3.9174077543833745e-09,1584.0,BID
623,1712178610.4129608,7868585.5901905,1524.0,3.1079299274520906e-08,1584.0,BID
624,1712178610.4900274,7869079.21494268,1524.0,3.817172411702847e-08,1584.0,BID
625,1712178613.969845,7869860.35804268,1525.0,6.04053560471859e-08,1584.0,BID
626,1712178613.975431,7870799.52024268,1525.0,7.262488406678326e-08,1584.0,BID
627,1712178627.429334,7871108.52024268,1525.0,-2.3894795996509173e-08,1584.0,ASK
628,1712178630.6592443,7871108.52024268,1525.0,-0.0,1584.0,ASK
629,1712178637.1594737,7871174.09401317,1525.0,-5.069002090237922e-09,1584.0,ASK
630,1712178645.360354,7871359.04544146,1525.0,1.4297167443319016e-08,1584.0,BID
631,1712178647.1293218,7871453.52201466,1525.0,7.303254692342303e-09,1584.0,BID
632,1712178647.5291195,7871591.24419833,1525.0,1.0646239062863513e-08,1584.0,BID
633,1712178647.691867,7871701.37702488,1525.0,8.513518801950071e-09,1584.0,BID
634,1712178647.809576,7871790.08282328,1525.0,6.8571606321464634e-09,1584.0,BID
635,1712178655.0195246,7872845.28232328,1525.0,8.156932918621e-08,1584.0,BID
636,1712178657.2221725,7872847.81682886,1525.0,1.9592306473642023e-10,1584.0,BID
637,1712178660.6592064,7872847.81682886,1525.0,0.0,1584.0,BID
638,1712178662.0793076,7872976.42986426,1525.0,-9.940043022343777e-09,1584.0,ASK
639,1712178662.1988504,7873372.97978981,1525.0,3.06479301122295e-08,1584.0,BID
640,1712178680.1885386,7873453.9562743,1526.0,6.258383818710154e-09,1584.0,BID
641,1712178690.6648617,7873453.9562743,1526.0,0.0,1584.0,BID
642,1712178712.4682393,7873834.80188818,1525.0,-2.9432097012845287e-08,1584.0,ASK
643,1712178720.9679232,7873834.80188818,1525.0,-0.0,1584.0,ASK
644,1712178727.898441,7873870.68717565,1528.0,2.773123334752325e-09,1584.0,BID
645,1712178750.977583,7873870.68717565,1528.0,0.0,1584.0,BID
646,1712178775.940616,7874108.3672274,1528.0,1.8367229338132322e-08,1584.0,BID
647,1712178780.6574254,7874108.3672274,1528.0,0.0,1584.0,BID
648,1712178780.8797956,7874338.51473466,1528.0,1.7784636882860174e-08,1584.0,BID
649,1712178780.9072468,7874485.96146581,1528.0,1.1393938627809688e-08,1584.0,BID
650,1712178781.2206855,7874596.33603533,1528.0,8.529189228987101e-09,1584.0,BID
651,1712178782.615891,7874712.27237294,1528.0,8.958974574442155e-09,1584.0,BID
652,1712178786.2304456,7874799.52908212,1528.0,6.742757750647796e-09,1584.0,BID
653,1712178806.8972192,7874891.85783032,1528.0,7.134699307049517e-09,1584.0,BID
654,1712178808.5871444,7875058.95643326,1528.0,1.2912536017879028e-08,1584.0,BID
655,1712178808.5928364,7875082.73332849,1528.0,1.837358365925631e-09,1584.0,BID
656,1712178810.6770835,7875082.73332849,1528.0,0.0,1584.0,BID
657,1712178820.7271297,7875386.43332849,1528.0,2.3465702292841853e-08,1584.0,BID
658,1712178834.396799,7875631.83332849,1528.0,1.8961091019652947e-08,1584.0,BID
659,1712178837.1467807,7875645.40010138,1528.0,1.0482510823761843e-09,1584.0,BID
660,1712178837.2069516,7875697.27835466,1528.0,-4.008428208504677e-09,1584.0,ASK
661,1712178840.9465475,7875697.27835466,1528.0,-0.0,1584.0,ASK
662,1712178856.9172263,7875745.76977241,1527.0,-3.746468948683592e-09,1584.0,ASK
663,1712178870.956435,7875745.76977241,1527.0,-0.0,1584.0,ASK
664,1712178887.146561,7875799.41686153,1527.0,-4.1447747474855085e-09,1584.0,ASK
665,1712178887.153643,7876944.73326625,1527.0,-8.84871591363543e-08,1584.0,ASK
666,1712178887.157564,7877003.03385564,1527.0,-4.504304234048653e-09,1584.0,ASK
667,1712178887.286254,7877360.43385564,1527.0,2.7612728277492573e-08,1584.0,BID
668,1712178900.6658535,7877360.43385564,1527.0,0.0,1584.0,BID
669,1712178901.9163945,7877562.28385564,1527.0,1.559609185306729e-08,1584.0,BID
670,1712178907.47619,7877630.4322829,1526.0,-5.2655394163377835e-09,1584.0,ASK
671,1712178907.4812808,7877752.28385564,1526.0,-9.414953286533566e-09,1584.0,ASK
672,1712178930.7059298,7877752.28385564,1526.0,-0.0,1584.0,ASK
673,1712178939.0057824,7877777.8097403,1526.0,-1.972185500113445e-09,1584.0,ASK
674,1712178960.9553576,7877777.8097403,1526.0,-0.0,1584.0,ASK
675,1712178962.7759216,7877781.08693558,1526.0,-2.5320249017548336e-10,1584.0,ASK
676,1712178962.787874,7877806.58729156,1526.0,-1.970207169223047e-09,1584.0,ASK
677,1712178963.1802871,7877870.38729156,1525.0,-4.929312261086862e-09,1584.0,ASK
678,1712178963.8291397,7878557.08178729,1525.0,-5.305535419174192e-08,1584.0,ASK
679,1712178963.90098,7878612.10846369,1525.0,-4.251468192231401e-09,1584.0,ASK
680,1712178963.985433,7888288.72040631,1525.0,-7.476338854964839e-07,1584.0,ASK
681,1712178963.9945118,7888379.65958663,1525.0,-7.026138190697629e-09,1584.0,ASK
682,1712178964.0010164,7888386.21696367,1525.0,-5.06635721721623e-10,1584.0,ASK
683,1712178965.4801102,7891667.05685868,1524.0,-2.534840802693247e-07,1584.0,ASK
684,1712178966.4754782,7891995.35626774,1523.0,-2.5365051761611377e-08,1584.0,ASK
685,1712178966.9553163,7892180.60246737,1524.0,1.4312482181184322e-08,1584.0,BID
686,1712178969.0755348,7892318.76262978,1524.0,1.0674523237652156e-08,1584.0,BID
687,1712178969.8458114,7893282.64262978,1523.0,-7.447124611645338e-08,1584.0,ASK
688,1712178970.1099896,7893369.80620612,1523.0,6.734427673600154e-09,1584.0,BID
689,1712178970.6739602,7893698.32131781,1522.0,-2.5381717366894708e-08,1584.0,ASK
690,1712178971.6668048,7893829.32131781,1523.0,1.0121315144267463e-08,1584.0,BID
691,1712178972.2953985,7894264.74049551,1523.0,3.3641333720360646e-08,1584.0,BID
692,1712178990.9352207,7894264.74049551,1523.0,0.0,1584.0,BID
693,1712179011.8750582,7894395.99463206,1523.0,1.0121295575631984e-08,1584.0,BID
694,1712179020.672986,7894395.99463206,1523.0,0.0,1584.0,BID
695,1712179021.584869,7894522.97875904,1520.0,-9.791874793320837e-09,1584.0,ASK
696,1712179022.2550132,7894617.47897505,1523.0,7.287007479719564e-09,1584.0,BID
697,1712179025.02534,7895193.21100119,1520.0,-4.4395280327747e-08,1584.0,ASK
698,1712179025.5450568,7895282.7688985,1523.0,6.905900273233525e-09,1584.0,BID
699,1712179031.3051786,7895389.5325639,1523.0,8.232654497276393e-09,1584.0,BID
700,1712179031.9648778,7895584.99476635,1523.0,1.5072288629545396e-08,1584.0,BID
701,1712179032.3450792,7895703.14678188,1523.0,9.110821723660144e-09,1584.0,BID
702,1712179032.3511696,7896554.06174598,1523.0,6.56149157091857e-08,1584.0,BID
703,1712179032.864823,7896974.06174598,1523.0,3.2386625879855004e-08,1584.0,BID
704,1712179033.9152286,7898694.06174598,1523.0,1.3263094407940624e-07,1584.0,BID
705,1712179033.994979,7899911.62176027,1523.0,9.388728730732093e-08,1584.0,BID
706,1712179034.0552173,7899991.15176027,1524.0,6.132638943412652e-09,1584.0,BID
707,1712179050.6863742,7899991.15176027,1524.0,0.0,1584.0,BID
708,1712179067.4963646,7900319.07178974,1524.0,-2.5269645361587592e-08,1584.0,ASK
709,1712179073.9212508,7900319.07178975,1524.0,-7.894488890297585e-19,1584.0,ASK
710,1712179080.96885,7900319.07178975,1524.0,-0.0,1584.0,ASK
711,1712179110.954379,7900319.07178975,1524.0,-0.0,1584.0,ASK
712,1712179111.8946512,7900522.49762594,1522.0,-1.5675470596889183e-08,1584.0,ASK
713,1712179111.9009898,7900622.49762594,1522.0,-7.705742245186222e-09,1584.0,ASK
714,1712179140.6847186,7900622.49762594,1522.0,-0.0,1584.0,ASK
715,1712179170.6641128,7900622.49762594,1522.0,-0.0,1584.0,ASK
716,1712179173.9743626,7900688.19302349,1523.0,-5.062137859891482e-09,1584.0,ASK
717,1712179193.4237614,7900751.99302349,1524.0,-4.916088607472823e-09,1584.0,ASK
718,1712179196.773698,7900815.79302349,1524.0,-4.916088607544586e-09,1584.0,ASK
719,1712179197.8637588,7901345.22324688,1524.0,-4.07950766405118e-08,1584.0,ASK
720,1712179200.687364,7901345.22324688,1524.0,-0.0,1584.0,ASK
721,1712179213.1199715,7901679.23644997,1524.0,2.58007829458746e-08,1584.0,BID
722,1712179225.656788,7901743.03644997,1522.0,-4.92821821626666e-09,1584.0,ASK
723,1712179227.4835107,7901744.9394723,1522.0,-1.4699857858854123e-10,1584.0,ASK
724,1712179230.6333754,7901744.9394723,1522.0,-0.0,1584.0,ASK
725,1712179251.8537805,7901931.93088841,1520.0,-1.4443434980027885e-08,1584.0,ASK
726,1712179260.9732988,7901931.93088841,1520.0,-0.0,1584.0,ASK
727,1712179267.0270936,7902896.37088841,1520.0,-7.449283455332292e-08,1584.0,ASK
728,1712179267.030745,7902906.74789335,1520.0,-8.015143629036346e-10,1584.0,ASK
729,1712179267.034291,7902913.32684071,1520.0,-5.08154407947253e-10,1584.0,ASK
730,1712179267.0832064,7904533.35689978,1520.0,1.251302633255407e-07,1584.0,BID
731,1712179276.473483,7908598.32481688,1525.0,3.139759679326211e-07,1584.0,BID
732,1712179276.4791164,7909561.77481688,1525.0,7.441636747789635e-08,1584.0,BID
733,1712179276.573339,7916021.70720044,1525.0,-4.989617542552746e-07,1584.0,ASK
734,1712179276.5788105,7917117.69030684,1525.0,-8.465315438836872e-08,1584.0,ASK
735,1712179290.9805925,7917117.69030684,1525.0,-0.0,1584.0,ASK
736,1712179320.6730342,7917117.69030684,1525.0,-0.0,1584.0,ASK
737,1712179328.9927328,7917694.48981195,1526.0,4.4472183928297895e-08,1584.0,BID
738,1712179337.9029722,7920307.64299422,1527.0,2.014783784056583e-07,1584.0,BID
739,1712179338.9732308,7920774.06840631,1527.0,-3.5962161082865415e-08,1584.0,ASK
740,1712179339.0926974,7921267.21610764,1527.0,-3.8022493228748404e-08,1584.0,ASK
741,1712179339.172824,7922032.91358858,1527.0,-5.9036526391055374e-08,1584.0,ASK
742,1712179350.6429176,7922032.91358858,1527.0,-0.0,1584.0,ASK
743,1712179380.7029862,7922032.91358858,1527.0,-0.0,1584.0,ASK
744,1712179382.1825364,7922892.39846631,1528.0,6.622936455047173e-08,1584.0,BID
745,1712179382.4319885,7922902.27494831,1529.0,7.61052513870377e-10,1584.0,BID
746,1712179382.43652,7923138.18180627,1529.0,1.8178285273658247e-08,1584.0,BID
747,1712179410.6644106,7923138.18180627,1529.0,0.0,1584.0,BID
748,1712179439.3824904,7924473.18180627,1527.0,-1.02857766902706e-07,1584.0,ASK
749,1712179439.3886504,7924560.45272964,1527.0,-6.723964264667073e-09,1584.0,ASK
750,1712179439.4885235,7924609.19360532,1527.0,3.755339048185146e-09,1584.0,BID
751,1712179439.4975357,7928231.16996804,1527.0,2.790624722425305e-07,1584.0,BID
752,1712179440.962234,7928231.16996804,1527.0,0.0,1584.0,BID
753,1712179450.8020475,7928237.71875652,1527.0,-5.042624624038925e-10,1584.0,ASK
754,1712179454.152454,7928257.33828531,1527.0,-1.5107209414947935e-09,1584.0,ASK
755,1712179454.2721417,7928263.88707379,1527.0,-5.042624623321802e-10,1584.0,ASK
756,1712179470.9720447,7928263.88707379,1527.0,-0.0,1584.0,ASK
757,1712179500.6528382,7928263.88707379,1527.0,-0.0,1584.0,ASK
758,1712179530.671607,7928263.88707379,1527.0,-0.0,1584.0,ASK
759,1712179544.4917965,7928267.48890746,1527.0,-2.7786647278175736e-10,1584.0,ASK
760,1712179550.1319246,7928332.9767922,1530.0,5.052117673289989e-09,1584.0,BID
761,1712179551.4939475,7928336.57862587,1527.0,-2.7786647278175736e-10,1584.0,ASK
762,1712179560.9617405,7928336.57862587,1527.0,-0.0,1584.0,ASK
763,1712179590.9340816,7928336.57862587,1527.0,-0.0,1584.0,ASK
764,1712179611.7085764,7928502.51403148,1529.0,1.2801115920339209e-08,1584.0,BID
765,1712179613.7005525,7928610.75701582,1529.0,8.350423979739451e-09,1584.0,BID
766,1712179617.0412183,7929182.06960582,1529.0,4.40740097898408e-08,1584.0,BID
767,1712179620.641369,7929182.06960582,1529.0,0.0,1584.0,BID
768,1712179650.6856592,7929182.06960582,1529.0,0.0,1584.0,BID
769,1712179680.925351,7929182.06960582,1529.0,0.0,1584.0,BID
770,1712179681.8713565,7929185.66437707,1530.0,2.7729160326694887e-10,1584.0,BID
771,1712179690.601223,7929226.40182893,1530.0,-3.142384467085459e-09,1584.0,ASK
772,1712179697.581452,7929298.29725376,1530.0,-5.5458320519767606e-09,1584.0,ASK
773,1712179697.588544,7929303.95037593,1529.0,-4.360676107407447e-10,1584.0,ASK
774,1712179710.9408448,7929303.95037593,1529.0,-0.0,1584.0,ASK
775,1712179733.130697,7929315.13275959,1529.0,-8.625685131387247e-10,1584.0,ASK
776,1712179740.6327326,7929315.13275959,1529.0,-0.0,1584.0,ASK
777,1712179762.4106605,7929318.72518284,1531.0,2.7710613308551e-10,1584.0,BID
778,1712179766.2210832,7929449.52963019,1529.0,-1.0089767288946314e-08,1584.0,ASK
779,1712179766.2262888,7930479.29207623,1529.0,-7.943203502579771e-08,1584.0,ASK
780,1712179766.2314258,7930626.33638623,1529.0,-1.1342449734072858e-08,1584.0,ASK
781,1712179766.2864344,7932457.77133113,1529.0,1.4127006209066554e-07,1584.0,BID
782,1712179766.2910216,7933174.41978784,1529.0,5.5279589514547654e-08,1584.0,BID
783,1712179766.3705757,7933174.41978785,1531.0,7.902262547716411e-19,1584.0,BID
784,1712179766.3748038,7933938.71082508,1531.0,5.8954560513044064e-08,1584.0,BID
785,1712179766.380637,7933986.09942083,1531.0,3.655379560481895e-09,1584.0,BID
786,1712179766.7278342,7933989.68949915,1531.0,2.7692525395956907e-10,1584.0,BID
787,1712179770.6621368,7933989.68949915,1531.0,0.0,1584.0,BID
788,1712179781.3847892,7933993.27957747,1532.0,2.767726277219673e-10,1584.0,BID
789,1712179800.774753,7933993.27957747,1532.0,0.0,1584.0,BID
790,1712179817.813926,7934071.86400022,1532.0,6.065182441497878e-09,1584.0,BID
791,1712179818.891391,7934075.45407855,1532.0,2.7708392188319927e-10,1584.0,BID
792,1712179818.899509,7934205.59574964,1532.0,1.0044394942180944e-08,1584.0,BID
793,1712179818.9039304,7934215.04187228,1532.0,7.29056156051168e-10,1584.0,BID
794,1712179819.5957758,7936024.60737039,1531.0,-1.396631100907461e-07,1584.0,ASK
795,1712179819.5995846,7936149.06435733,1530.0,-9.605648365192862e-09,1584.0,ASK
796,1712179819.603428,7936259.32923633,1531.0,-8.510294847606879e-09,1584.0,ASK
797,1712179819.6071353,7938286.23701699,1530.0,-1.5643768894229217e-07,1584.0,ASK
798,1712179819.7702632,7938909.62948868,1531.0,4.8113722047798004e-08,1584.0,BID
799,1712179819.7902536,7938955.83336954,1531.0,3.5660370989476275e-09,1584.0,BID
800,1712179819.930415,7939062.65644232,1531.0,8.244654636418206e-09,1584.0,BID
801,1712179819.960235,7939168.95759972,1531.0,8.204372963696886e-09,1584.0,BID
802,1712179820.0404556,7939301.29261151,1531.0,1.021367800156028e-08,1584.0,BID
803,1712179824.1104326,7939308.68721995,1532.0,5.707193322515121e-10,1584.0,BID
804,1712179824.116928,7939407.89292829,1532.0,7.65674289212816e-09,1584.0,BID
805,1712179826.6409235,7940015.48720437,1532.0,4.6894409933926223e-08,1584.0,BID
806,1712179826.6480083,7940060.5193176,1532.0,3.475599526079334e-09,1584.0,BID
807,1712179826.6805646,7940255.44925881,1532.0,1.504478388189097e-08,1584.0,BID
808,1712179828.7706816,7940581.7892588,1532.0,2.5187073578325002e-08,1584.0,BID
809,1712179828.8922863,7940883.48401995,1532.0,2.32849425368944e-08,1584.0,BID
810,1712179828.9108503,7941071.8811787,1532.0,1.4540580681282089e-08,1584.0,BID
811,1712179830.680266,7941071.8811787,1532.0,0.0,1584.0,BID
812,1712179843.020499,7941091.46342414,1532.0,1.5101037677067847e-09,1584.0,BID
813,1712179843.0277045,7941127.36420743,1532.0,2.768523572956048e-09,1584.0,BID
814,1712179844.4889836,7941262.18438737,1531.0,-1.0396788372497084e-08,1584.0,ASK
815,1712179852.8306131,7941333.97535643,1533.0,5.536229907884062e-09,1584.0,BID
816,1712179852.8376937,7941390.31778593,1533.0,4.3449008610166305e-09,1584.0,BID
817,1712179860.9701822,7941390.31778593,1533.0,0.0,1584.0,BID
818,1712179870.070129,7941403.12470047,1533.0,9.875804295554246e-10,1584.0,BID
819,1712179881.9341278,7941416.17101488,1533.0,1.0060412872146779e-09,1584.0,BID
820,1712179890.9299,7941416.17101488,1533.0,0.0,1584.0,BID
821,1712179903.9147875,7941596.09408749,1533.0,1.387437713636705e-08,1584.0,BID
822,1712179903.921712,7941649.12735561,1533.0,4.089545337343188e-09,1584.0,BID
823,1712179906.3269982,7941663.12660675,1534.0,1.079521859700239e-09,1584.0,BID
824,1712179906.3341527,7941692.96709231,1534.0,2.301084261082846e-09,1584.0,BID
825,1712179906.340479,7941696.55248997,1534.0,2.7648015673753804e-10,1584.0,BID
826,1712179906.3436203,7941829.1259472,1534.0,1.0223114341015704e-08,1584.0,BID
827,1712179917.7998812,7941849.1259472,1535.0,1.542256580559533e-09,1584.0,BID
828,1712179918.3006089,7942070.76871122,1534.0,-1.7091500567145463e-08,1584.0,ASK
829,1712179920.659829,7942070.76871122,1534.0,-0.0,1584.0,ASK
830,1712179923.149781,7942119.97209429,1534.0,-3.793918353870573e-09,1584.0,ASK
831,1712179927.4300025,7942123.55049376,1537.0,2.7591914579476385e-10,1584.0,BID
832,1712179950.6696873,7942123.55049376,1537.0,0.0,1584.0,BID
833,1712179962.5542133,7942148.15218529,1536.0,1.8969473320799403e-09,1584.0,BID
834,1712179962.5606923,7944419.15218529,1536.0,1.7510858494771428e-07,1584.0,BID
835,1712179962.67073,7945098.13091188,1536.0,-5.2353590498804496e-08,1584.0,ASK
836,1712179973.7933023,7946054.74091188,1535.0,7.376073247324022e-08,1584.0,BID
837,1712179973.79662,7946689.77324175,1536.0,4.8965043011736574e-08,1584.0,BID
838,1712179980.6898806,7946689.77324175,1536.0,0.0,1584.0,BID
839,1712180001.3698256,7946693.18612175,1535.0,2.630125976485756e-10,1584.0,BID
840,1712180001.3741508,7946860.13532633,1535.0,1.2865891556527722e-08,1584.0,BID
841,1712180001.8098247,7947010.50831392,1532.0,-1.1588450248933013e-08,1584.0,ASK
842,1712180001.813161,7947044.67673114,1532.0,-2.633179066153037e-09,1584.0,ASK
843,1712180001.8163574,7947395.78558539,1532.0,-2.7058101023507324e-08,1584.0,ASK
844,1712180010.679834,7947395.78558539,1532.0,-0.0,1584.0,ASK
845,1712180019.0898657,7947415.821416,1535.0,1.5439266647094394e-09,1584.0,BID
846,1712180020.1999173,7947431.61620429,1535.0,1.2171192340048503e-09,1584.0,BID
847,1712180022.9695337,7947467.42349596,1536.0,2.759248342577405e-09,1584.0,BID
848,1712180023.194398,7947479.54003241,1536.0,-9.33679470201461e-10,1584.0,ASK
849,1712180037.3594005,7947694.14041451,1536.0,1.6536736541568755e-08,1584.0,BID
850,1712180040.293707,7947729.94770618,1536.0,2.759248342505639e-09,1584.0,BID
851,1712180040.298709,7949093.79530031,1536.0,1.0509575111792193e-07,1584.0,BID
852,1712180040.954371,7949652.36495759,1536.0,-4.304241759577735e-08,1584.0,ASK
853,1712180040.9894905,7949652.36495759,1536.0,-0.0,1584.0,ASK
854,1712180049.3476129,7949688.17224926,1536.0,2.758511573369481e-09,1584.0,BID
855,1712180049.4592376,7950238.30245759,1536.0,-4.23807687130436e-08,1584.0,ASK
856,1712180069.4693902,7950694.03162425,1536.0,-3.5108329111176305e-08,1584.0,ASK
857,1712180069.8693657,7950760.99288777,1536.0,-5.158542066941676e-09,1584.0,ASK
858,1712180069.974426,7950771.66573883,1536.0,-8.22211951745406e-10,1584.0,ASK
859,1712180070.9492512,7950771.66573883,1536.0,-0.0,1584.0,ASK
860,1712180077.6592762,7950810.46326487,1536.0,-2.9884765526120475e-09,1584.0,ASK
861,1712180098.7109444,7950829.85226226,1536.0,-1.4934860542026935e-09,1584.0,ASK
862,1712180100.6193185,7950829.85226226,1536.0,-0.0,1584.0,ASK
863,1712180100.6995127,7950894.95642892,1536.0,5.017650354218516e-09,1584.0,BID
864,1712180102.450565,7950930.76372059,1536.0,2.759707695362108e-09,1584.0,BID
865,1712180102.87464,7953893.1412679,1536.0,-2.2831372417877805e-07,1584.0,ASK
866,1712180112.9995315,7953928.94855957,1536.0,-2.759707695362108e-09,1584.0,ASK
867,1712180130.6591735,7953928.94855957,1536.0,-0.0,1584.0,ASK
868,1712180134.699257,7954569.77203312,1536.0,4.9370863141378843e-08,1584.0,BID
869,1712180143.7292671,7956909.43748685,1536.0,-1.8025448142983808e-07,1584.0,ASK
870,1712180143.849383,7956913.01588632,1536.0,2.7569007346712103e-10,1584.0,BID
871,1712180147.6995924,7956916.59661548,1536.0,2.7586955944064305e-10,1584.0,BID
872,1712180152.959115,7959260.07444526,1536.0,1.8054819772448825e-07,1584.0,BID
873,1712180154.889344,7963481.34661619,1536.0,-3.252188149088192e-07,1584.0,ASK
874,1712180157.91916,7967280.49157002,1536.0,-2.926969334173992e-07,1584.0,ASK
875,1712180157.9991612,7972251.52915415,1536.0,-3.829828749520381e-07,1584.0,ASK
876,1712180158.1792486,7972401.83841961,1536.0,-1.1580253346210602e-08,1584.0,ASK
877,1712180158.2591658,7976050.67410798,1536.0,-2.8111668007118856e-07,1584.0,ASK
1078,1712180158.5813177,7976143.77410798,1533.0,-7.1726888108278745e-09,1584.0,ASK
878,1712180158.5813177,7976143.77410798,1533.0,-7.172688810827874e-09,1584.0,ASK
879,1712180160.710312,7976143.77410798,1533.0,-0.0,1584.0,ASK
880,1712180181.8656974,7976156.8204224,1533.0,-1.0024897939629495e-09,1584.0,ASK
881,1712180183.7496057,7976982.17944046,1533.0,-6.342128246434587e-08,1584.0,ASK
882,1712180183.7580023,7977924.10312604,1533.0,-7.237820974366445e-08,1584.0,ASK
883,1712180183.968874,7979264.10312604,1535.0,1.0296672919615025e-07,1584.0,BID
884,1712180184.0689306,7979833.94981707,1535.0,-4.3787499939265886e-08,1584.0,ASK
885,1712180190.6789656,7979833.94981707,1535.0,-0.0,1584.0,ASK
886,1712180220.953584,7979833.94981707,1535.0,-0.0,1584.0,ASK
887,1712180221.9387352,7979845.94981707,1535.0,9.216891910655291e-10,1584.0,BID
888,1712180250.9691095,7979845.94981707,1535.0,0.0,1584.0,BID
889,1712180259.5894494,7980800.22981707,1535.0,-7.32956930726277e-08,1584.0,ASK
890,1712180259.596989,7980900.22981707,1535.0,-7.68073239223369e-09,1584.0,ASK
891,1712180260.0781996,7980903.81054623,1535.0,2.7502622443391116e-10,1584.0,BID
1091,1712180260.0781996,7980903.81054623,1535.0,2.750262244339112e-10,1584.0,BID
892,1712180263.4511044,7981459.19865862,1535.0,4.265787465098577e-08,1584.0,BID
893,1712180267.8995895,7981747.82992897,1535.0,2.2168995475884745e-08,1584.0,BID
894,1712180276.6259043,7981837.98688389,1535.0,6.924714440385773e-09,1584.0,BID
895,1712180276.8198786,7981844.50154187,1535.0,5.003734457001243e-10,1584.0,BID
896,1712180280.052827,7981941.63575135,1535.0,7.460618691480983e-09,1584.0,BID
897,1712180280.1746514,7982018.92367985,1535.0,5.936278959602253e-09,1584.0,BID
898,1712180280.199333,7983473.94981707,1535.0,1.1175666383690337e-07,1584.0,BID
899,1712180280.2992678,7984015.02881892,1536.0,4.155883016270213e-08,1584.0,BID
900,1712180280.3548524,7984882.74512032,1536.0,6.664696703426686e-08,1584.0,BID
901,1712180280.6619773,7984882.74512032,1536.0,0.0,1584.0,BID
902,1712180281.4701123,7984891.11844249,1536.0,6.42750711234935e-10,1584.0,BID
903,1712180304.1308422,7984991.11844249,1536.0,7.676173186316702e-09,1584.0,BID
904,1712180310.521648,7984999.13999196,1536.0,6.15748029527253e-10,1584.0,BID
905,1712180310.6226823,7984999.13999196,1536.0,0.0,1584.0,BID
906,1712180340.971763,7984999.13999196,1536.0,0.0,1584.0,BID
907,1712180370.9724946,7984999.13999196,1536.0,0.0,1584.0,BID
908,1712180400.6953793,7984999.13999196,1536.0,0.0,1584.0,BID
909,1712180416.8439703,7985317.046893,1536.0,2.4403648081246985e-08,1584.0,BID
910,1712180430.6939075,7985317.046893,1536.0,0.0,1584.0,BID
911,1712180460.9479551,7985317.046893,1536.0,0.0,1584.0,BID
912,1712180461.578683,7985417.046893,1533.0,-7.67606279991572e-09,1584.0,ASK
913,1712180490.985054,7985417.046893,1533.0,-0.0,1584.0,ASK
914,1712180506.1855714,7985422.99715116,1533.0,-4.5674017847314814e-10,1584.0,ASK
915,1712180512.8655832,7985426.25448015,1535.0,2.500316766419581e-10,1584.0,BID
916,1712180513.1959774,7985653.10188677,1535.0,1.741274448933974e-08,1584.0,BID
917,1712180515.721709,7985733.37817138,1535.0,6.161985509522026e-09,1584.0,BID
918,1712180520.665702,7985733.37817138,1535.0,0.0,1584.0,BID
919,1712180537.256133,7985736.96123326,1535.0,2.7502459316123307e-10,1584.0,BID
920,1712180542.9962244,7986366.82883913,1533.0,-4.83466621092387e-08,1584.0,ASK
921,1712180550.6485715,7986366.82883913,1533.0,-0.0,1584.0,ASK
922,1712180580.9567404,7986366.82883913,1533.0,-0.0,1584.0,ASK
923,1712180603.5482388,7986497.29198329,1533.0,-1.0013195442902657e-08,1584.0,ASK
924,1712180603.556562,7987608.73426929,1533.0,-8.530446590795228e-08,1584.0,ASK
925,1712180603.5606728,7990534.66838083,1533.0,-2.245687876110414e-07,1584.0,ASK
926,1712180603.6872635,7991480.12854008,1533.0,7.256514795046438e-08,1584.0,BID
927,1712180603.708511,7991603.24587582,1534.0,9.449396249861982e-09,1584.0,BID
928,1712180603.7277343,7991681.82899504,1534.0,6.0313442262246794e-09,1584.0,BID
929,1712180603.787519,7992210.23039082,1534.0,4.055541112641141e-08,1584.0,BID
930,1712180610.97264,7992210.23039082,1534.0,0.0,1584.0,BID
931,1712180635.0377293,7992292.92934336,1535.0,6.342877853062186e-09,1584.0,BID
932,1712180640.6825304,7992292.92934336,1535.0,0.0,1584.0,BID
933,1712180641.837774,7992419.56293461,1535.0,9.712500054548952e-09,1584.0,BID
934,1712180668.1382403,7992482.38168809,1535.0,4.8180513604324874e-09,1584.0,BID
935,1712180670.643642,7992482.38168809,1535.0,0.0,1584.0,BID
936,1712180694.8686435,7992528.90142919,1533.0,-3.567875680519812e-09,1584.0,ASK
937,1712180700.6607385,7992528.90142919,1533.0,-0.0,1584.0,ASK
938,1712180730.651223,7992528.90142919,1533.0,-0.0,1584.0,ASK
939,1712180760.9292653,7992528.90142919,1533.0,-0.0,1584.0,ASK
940,1712180764.2540996,7992653.46792141,1536.0,9.571937989647594e-09,1584.0,BID
941,1712180766.179771,7993173.73328331,1536.0,3.997822924562365e-08,1584.0,BID
942,1712180766.3013043,7993424.89934224,1536.0,1.9300101482693643e-08,1584.0,BID
943,1712180766.3047962,7993461.40096007,1536.0,2.8048571984943982e-09,1584.0,BID
944,1712180767.3455222,7993566.99722854,1536.0,8.114228118001529e-09,1584.0,BID
945,1712180774.898969,7993814.88708066,1537.0,1.9048351209733552e-08,1584.0,BID
946,1712180774.9026854,7993818.23459621,1537.0,2.572297789589128e-10,1584.0,BID
1146,1712180774.9026854,7993818.23459621,1537.0,2.5722977895891276e-10,1584.0,BID
947,1712180790.979632,7993818.23459621,1537.0,0.0,1584.0,BID
948,1712180820.692734,7993818.23459621,1537.0,0.0,1584.0,BID
949,1712180828.9001548,7993824.73654679,1538.0,4.99546835119925e-10,1584.0,BID
950,1712180848.5562322,7994221.15732209,1538.0,3.045712839880731e-08,1584.0,BID
951,1712180850.682423,7994221.15732209,1538.0,0.0,1584.0,BID
952,1712180880.964355,7994221.15732209,1538.0,0.0,1584.0,BID
953,1712180910.9775383,7994221.15732209,1538.0,0.0,1584.0,BID
954,1712180940.6711986,7994221.15732209,1538.0,0.0,1584.0,BID
955,1712180970.6213386,7994221.15732209,1538.0,0.0,1584.0,BID
956,1712180981.301493,7994665.50448975,1536.0,-3.413770231698765e-08,1584.0,ASK
957,1712180983.141922,7994669.07823894,1539.0,2.7455916204685616e-10,1584.0,BID
958,1712181000.811923,7994669.07823894,1539.0,0.0,1584.0,BID
959,1712181019.7966692,7994669.7733105,1539.0,-5.346491313618322e-11,1584.0,ASK
960,1712181019.8045068,7994994.65960029,1539.0,-2.4990257484366053e-08,1584.0,ASK
961,1712181030.6222086,7994994.65960029,1539.0,-0.0,1584.0,ASK
962,1712181047.6923587,7995030.39709217,1539.0,2.748822377660241e-09,1584.0,BID
963,1712181047.7045307,7997161.89202394,1539.0,1.639482979360229e-07,1584.0,BID
964,1712181051.062296,7997165.47275311,1536.0,-2.7541911742626327e-10,1584.0,ASK
965,1712181054.5322146,7997230.45001106,1539.0,4.997858867294452e-09,1584.0,BID
966,1712181060.978028,7997230.45001106,1539.0,0.0,1584.0,BID
967,1712181090.942365,7997230.45001106,1539.0,0.0,1584.0,BID
968,1712181110.1324646,7997236.94773685,1539.0,4.99653647236356e-10,1584.0,BID
969,1712181115.914551,7997240.31359051,1540.0,2.5882302692437203e-10,1584.0,BID
970,1712181115.924024,7997289.85927826,1540.0,3.8098997076507376e-09,1584.0,BID
971,1712181115.9303484,7997293.43070684,1540.0,2.7463105916096737e-10,1584.0,BID
972,1712181115.9925883,8000769.37692203,1540.0,-2.672887807287909e-07,1584.0,ASK
973,1712181116.0128968,8003617.19813355,1540.0,-2.1898804303537509e-07,1584.0,ASK
974,1712181116.0547698,8004249.07693146,1540.0,-4.858939206933423e-08,1584.0,ASK
975,1712181116.0927143,8004530.34039441,1540.0,-2.1628231112166625e-08,1584.0,ASK
976,1712181120.6827006,8004530.34039441,1540.0,-0.0,1584.0,ASK
977,1712181150.6657712,8004530.34039441,1540.0,-0.0,1584.0,ASK
978,1712181180.9630136,8004530.34039441,1540.0,-0.0,1584.0,ASK
979,1712181210.9731035,8004530.34039441,1540.0,-0.0,1584.0,ASK
980,1712181240.657009,8004530.34039441,1540.0,-0.0,1584.0,ASK
981,1712181264.0136445,8004533.90950537,1541.0,2.742157934456037e-10,1584.0,BID
982,1712181270.2779942,8004537.47861633,1541.0,2.742157934456037e-10,1584.0,BID
983,1712181270.6733308,8004537.47861633,1541.0,0.0,1584.0,BID
984,1712181289.3635569,8004620.44235393,1541.0,6.374121780756512e-09,1584.0,BID
985,1712181295.7838216,8004736.25889326,1541.0,8.898209594495927e-09,1584.0,BID
986,1712181296.311663,8004739.82800423,1541.0,2.7421556248405355e-10,1584.0,BID
987,1712181296.3177218,8004793.48121207,1541.0,4.122187483281197e-09,1584.0,BID
988,1712181296.3213675,8004797.41516207,1541.0,3.0224622348916077e-10,1584.0,BID
989,1712181296.325217,8004823.50796657,1541.0,2.004715774556395e-09,1584.0,BID
1190,1712181296.3311071,8004901.83562942,1541.0,6.0179311618873465e-09,1584.0,BID
990,1712181296.3311071,8004901.83562942,1541.0,6.017931161887346e-09,1584.0,BID
991,1712181296.3347225,8004911.43393459,1541.0,7.37439847922867e-10,1584.0,BID
992,1712181300.7514098,8004911.43393459,1541.0,0.0,1584.0,BID
993,1712181300.8234365,8004924.41251992,1541.0,9.981676071486956e-10,1584.0,BID
994,1712181322.383525,8005149.89467957,1542.0,1.7341565512157526e-08,1584.0,BID
995,1712181322.6435664,8005281.48978718,1542.0,1.0120823675127326e-08,1584.0,BID
996,1712181323.0435836,8005381.8087115,1542.0,7.715409506916199e-09,1584.0,BID
997,1712181324.478685,8005582.09737956,1542.0,1.5403963949489085e-08,1584.0,BID
998,1712181324.5357475,8005722.00708707,1542.0,1.076028969359062e-08,1584.0,BID
999,1712181326.253584,8005868.15387223,1542.0,1.123997593950227e-08,1584.0,BID
1000,1712181326.622036,8006075.40217936,1542.0,1.5939221537363782e-08,1584.0,BID
1201,1712181326.793693,8024058.49001242,1542.0,1.3830579601154568e-06,1584.0,BID
1202,1712181326.7957232,8024097.72477248,1542.0,3.0174988699332367e-09,1584.0,BID
1203,1712181330.6542633,8024097.72477248,1542.0,0.0,1584.0,BID
1204,1712181335.0902824,8024169.00427738,1544.0,5.4695769045509115e-09,1584.0,BID
1205,1712181360.9737058,8024169.00427738,1544.0,0.0,1584.0,BID
1206,1712181391.003873,8024169.00427738,1544.0,0.0,1584.0,BID
1207,1712181406.365733,8024194.87503154,1544.0,-1.985155265553621e-09,1584.0,ASK
1208,1712181408.263837,8024289.78862381,1544.0,7.283058557222533e-09,1584.0,BID
1209,1712181409.7940896,8024420.86452924,1544.0,1.0057921861987322e-08,1584.0,BID
1210,1712181409.8776898,8024573.65171329,1544.0,1.1723905729647632e-08,1584.0,BID
1211,1712181416.4400792,8024703.18539204,1544.0,9.939581306600068e-09,1584.0,BID
1212,1712181418.924166,8024925.37597844,1544.0,1.7049476401853082e-08,1584.0,BID
1213,1712181420.694681,8024925.37597844,1544.0,0.0,1584.0,BID
1214,1712181421.214393,8025066.76152706,1544.0,1.0848045446481391e-08,1584.0,BID
1215,1712181450.2987423,8025971.94967472,1544.0,-6.945209223510205e-08,1584.0,ASK
1216,1712181450.4244635,8026705.2515304,1544.0,5.62638256460484e-08,1584.0,BID
1217,1712181450.654479,8026705.2515304,1544.0,0.0,1584.0,BID
1218,1712181480.984625,8026705.2515304,1544.0,0.0,1584.0,BID
1219,1712181510.964137,8026705.2515304,1544.0,0.0,1584.0,BID
1220,1712181512.846763,8026716.87943738,1545.0,8.919827590020227e-10,1584.0,BID
1221,1712181512.8489115,8026798.99430302,1545.0,6.299073817397431e-09,1584.0,BID
1222,1712181532.5144844,8026801.93893633,1545.0,2.2588434438043582e-10,1584.0,BID
1223,1712181532.5160766,8027798.99430302,1545.0,7.648463290836083e-08,1584.0,BID
1224,1712181540.7049012,8027798.99430302,1545.0,0.0,1584.0,BID
1225,1712181543.69442,8027863.76114239,1544.0,-4.9676538022208764e-09,1584.0,ASK
1226,1712181546.9446225,8027978.13513492,1544.0,8.772550959578831e-09,1584.0,BID
1227,1712181549.8545122,8028301.64565945,1544.0,2.4813443158158985e-08,1584.0,BID
1228,1712181553.875374,8028901.64565945,1543.0,-4.602034482953457e-08,1584.0,ASK
1229,1712181563.5047798,8029098.11445808,1544.0,1.5069269768657012e-08,1584.0,BID
1230,1712181568.4345946,8029417.57317486,1543.0,-2.4502667175022985e-08,1584.0,ASK
1231,1712181568.44435,8031688.78753527,1543.0,-1.742034467463869e-07,1584.0,ASK
1232,1712181570.7246404,8031688.78753527,1543.0,-0.0,1584.0,ASK
1233,1712181571.6547165,8031976.4234256,1543.0,2.2051685353322072e-08,1584.0,BID
1234,1712181578.8827877,8032167.14640801,1543.0,1.4621830373574305e-08,1584.0,BID
1235,1712181579.3741574,8032273.00920001,1543.0,8.116000326427357e-09,1584.0,BID
1236,1712181579.9668436,8032378.87199201,1543.0,8.116000326355958e-09,1584.0,BID
1237,1712181580.7647116,8032475.1263288,1543.0,7.3793654413334915e-09,1584.0,BID
1238,1712181583.0544837,8032491.33396531,1543.0,1.2425629507838554e-09,1584.0,BID
1239,1712181583.0560155,8032607.93532729,1543.0,8.939275773945263e-09,1584.0,BID
1240,1712181583.2360358,8032690.96900662,1543.0,6.365800068370473e-09,1584.0,BID
1241,1712181597.5449276,8032702.69392414,1543.0,8.988940554125861e-10,1584.0,BID
1242,1712181600.868481,8032702.69392414,1543.0,0.0,1584.0,BID
1243,1712181630.6550891,8032702.69392414,1543.0,0.0,1584.0,BID
1244,1712181660.984711,8032702.69392414,1543.0,0.0,1584.0,BID
1245,1712181677.8251562,8032703.57376908,1544.0,6.747669003510045e-11,1584.0,BID
1246,1712181677.8282163,8032776.54147195,1544.0,5.596007709710601e-09,1584.0,BID
1247,1712181682.854856,8032938.45857039,1544.0,1.2417676527766892e-08,1584.0,BID
1248,1712181690.9747612,8032938.45857039,1544.0,0.0,1584.0,BID
1249,1712181693.1351633,8033076.39928515,1544.0,1.0578594688748137e-08,1584.0,BID
1250,1712181693.1813295,8033223.67554463,1544.0,1.1294532285321094e-08,1584.0,BID
1251,1712181693.1830606,8033328.38957863,1544.0,8.030459504602733e-09,1584.0,BID
1252,1712181711.945079,8033331.95175479,1544.0,2.7318125665639406e-10,1584.0,BID
1253,1712181720.6648767,8033331.95175479,1544.0,0.0,1584.0,BID
1254,1712181750.7151723,8033331.95175479,1544.0,0.0,1584.0,BID
1255,1712181766.515215,8033336.93893479,1547.0,3.8244616861883007e-10,1584.0,BID
1256,1712181766.5187998,8033437.87585597,1547.0,7.740434228608977e-09,1584.0,BID
1257,1712181767.382404,8033526.27324647,1547.0,6.778829581317986e-09,1584.0,BID
1258,1712181767.5151348,8033641.52658883,1547.0,8.838301245329644e-09,1584.0,BID
1259,1712181780.96516,8033641.52658883,1547.0,0.0,1584.0,BID
1260,1712181807.1155367,8033644.87478555,1548.0,2.567499030263763e-10,1584.0,BID
1261,1712181807.1186874,8033645.0795604,1548.0,1.5702758019445023e-11,1584.0,BID
1262,1712181810.6358607,8033741.56173146,1548.0,7.398546183690667e-09,1584.0,BID
1263,1712181810.985099,8033741.56173146,1548.0,0.0,1584.0,BID
1264,1712181812.9406064,8033846.41313509,1548.0,8.04022890441722e-09,1584.0,BID
1265,1712181828.350382,8033850.41313509,1550.0,3.0672851773214756e-10,1584.0,BID
1266,1712181828.3554225,8034178.49036678,1550.0,2.5157660744507084e-08,1584.0,BID
1267,1712181828.356999,8034228.49036678,1550.0,3.834106471651845e-09,1584.0,BID
1268,1712181828.3583767,8034334.41587702,1550.0,8.122593686467853e-09,1584.0,BID
1269,1712181840.6895132,8034334.41587702,1550.0,0.0,1584.0,BID
1270,1712181844.8554025,8034697.99201204,1549.0,-2.787782828025792e-08,1584.0,ASK
1271,1712181845.3956926,8041157.94033245,1548.0,-4.953276979137891e-07,1584.0,ASK
1272,1712181845.3986032,8041794.36419743,1549.0,-4.8798899356834893e-08,1584.0,ASK
1273,1712181851.495505,8041812.87287743,1545.0,-1.419185015279799e-09,1584.0,ASK
1274,1712181870.6481564,8041812.87287743,1545.0,-0.0,1584.0,ASK
1275,1712181876.4858422,8041821.33370562,1550.0,6.481732144756457e-10,1584.0,BID
1276,1712181876.4885075,8041824.88209272,1550.0,2.7183739241900664e-10,1584.0,BID
1277,1712181876.4910214,8041828.43277058,1549.0,2.7201288462233503e-10,1584.0,BID
1278,1712181876.4934251,8041831.98115768,1550.0,2.7183739241900664e-10,1584.0,BID
1279,1712181900.9796991,8041831.98115768,1550.0,0.0,1584.0,BID
1280,1712181905.3853972,8041835.52725697,1551.0,2.7207215049479616e-10,1584.0,BID
1281,1712181930.9455492,8041835.52725697,1551.0,0.0,1584.0,BID
1282,1712181934.1748796,8041840.86224697,1551.0,4.0932344830010016e-10,1584.0,BID
1283,1712181934.1802137,8042805.52725697,1551.0,7.401326120400334e-08,1584.0,BID
1284,1712181934.1852696,8042835.52725697,1550.0,2.301729422236189e-09,1584.0,BID
1285,1712181960.6325784,8042835.52725697,1550.0,0.0,1584.0,BID
1286,1712181973.1057477,8042839.52725697,1548.0,-3.0686074075702003e-10,1584.0,ASK
1287,1712181973.1090388,8042845.52725697,1548.0,-4.602911111355301e-10,1584.0,ASK
1288,1712181990.6906655,8042845.52725697,1548.0,-0.0,1584.0,ASK
1289,1712181991.405973,8042966.0978859,1550.0,9.249587142383864e-09,1584.0,BID
1290,1712181992.975698,8043259.76815961,1546.0,-2.2528942677975187e-08,1584.0,ASK
1291,1712182015.0458398,8043399.06880016,1548.0,-1.0686461746018516e-08,1584.0,ASK
1292,1712182020.9666014,8043399.06880016,1548.0,-0.0,1584.0,ASK
1293,1712182033.9846995,8043599.21658046,1550.0,1.535334693997498e-08,1584.0,BID
1294,1712182033.9865336,8043753.99506997,1550.0,1.1873066215059216e-08,1584.0,BID
1295,1712182033.988299,8043757.54345707,1550.0,2.72196964371865e-10,1584.0,BID
1296,1712182046.196164,8045102.54345707,1547.0,-1.0317502199275786e-07,1584.0,ASK
1297,1712182046.2002158,8048036.81171822,1547.0,-2.2508787537305105e-07,1584.0,ASK
1298,1712182046.2040873,8050598.97556895,1546.0,-1.965437261324508e-07,1584.0,ASK
1299,1712182046.208238,8052730.6749284,1548.0,-1.6352277196517177e-07,1584.0,ASK
1300,1712182050.985608,8052730.6749284,1548.0,-0.0,1584.0,ASK
1301,1712182072.5356717,8053032.0749284,1548.0,2.3094834096005688e-08,1584.0,BID
1302,1712182078.060183,8053064.19354985,1548.0,2.4610956661491e-09,1584.0,BID
1303,1712182080.680371,8053064.19354985,1548.0,0.0,1584.0,BID
1304,1712182110.7077785,8053064.19354985,1548.0,0.0,1584.0,BID
1305,1712182140.97612,8053064.19354985,1548.0,0.0,1584.0,BID
1306,1712182171.0002923,8053064.19354985,1548.0,0.0,1584.0,BID
1307,1712182187.796523,8053387.19096587,1548.0,-2.4748761257846152e-08,1584.0,ASK
1308,1712182195.621923,8053489.94087295,1548.0,7.872920318989327e-09,1584.0,BID
1309,1712182198.1061027,8053709.34102502,1548.0,1.6810914621014173e-08,1584.0,BID
1310,1712182198.1459842,8053926.56106509,1548.0,1.6643869719906687e-08,1584.0,BID
1311,1712182198.5659783,8054142.02107947,1548.0,1.6509012741387222e-08,1584.0,BID
1312,1712182198.655825,8054498.461811,1548.0,2.7311260492036012e-08,1584.0,BID
1313,1712182198.8762798,8054623.59899918,1549.0,9.588282262166212e-09,1584.0,BID
1314,1712182200.7560942,8054623.59899918,1549.0,0.0,1584.0,BID
1315,1712182221.4158914,8054688.11512821,1550.0,4.9598480976140685e-09,1584.0,BID
1316,1712182230.6859884,8054688.11512821,1550.0,0.0,1584.0,BID
1317,1712182235.986158,8054792.83787204,1549.0,8.050776085184238e-09,1584.0,BID
1318,1712182254.5273936,8054959.16595874,1549.0,1.2786813386585626e-08,1584.0,BID
1319,1712182254.7363954,8055033.32595873,1549.0,5.7012023611749644e-09,1584.0,BID
1320,1712182255.0260472,8055130.91700635,1549.0,7.502512286929735e-09,1584.0,BID
1321,1712182255.1464057,8055256.6237245,1549.0,9.663962222594247e-09,1584.0,BID
1322,1712182255.486644,8055349.18886387,1549.0,7.1161352644390215e-09,1584.0,BID
1323,1712182255.726086,8055525.33780146,1549.0,1.3541811475804708e-08,1584.0,BID
1324,1712182255.8061748,8055700.69444917,1549.0,1.3480902563438062e-08,1584.0,BID
1325,1712182255.8864958,8055830.80879845,1549.0,1.0002807921273236e-08,1584.0,BID
1326,1712182256.2958562,8056039.32220671,1549.0,1.6029896651466773e-08,1584.0,BID
1327,1712182259.4863532,8056142.56340895,1549.0,7.936879531562355e-09,1584.0,BID
1328,1712182259.5065906,8056281.88793362,1549.0,1.071085907666924e-08,1584.0,BID
1329,1712182259.572399,8056364.74046643,1549.0,6.36945868052484e-09,1584.0,BID
1330,1712182259.746755,8056459.63768626,1549.0,7.295418741079895e-09,1584.0,BID
1331,1712182260.9927294,8056459.63768626,1549.0,0.0,1584.0,BID
1332,1712182262.1568394,8056535.5298256,1549.0,5.833133589475126e-09,1584.0,BID
1333,1712182262.284111,8056638.8609004,1549.0,7.9421132214439e-09,1584.0,BID
1334,1712182262.416063,8056742.75924842,1549.0,7.985714317652547e-09,1584.0,BID
1335,1712182267.596196,8056915.47161328,1549.0,1.3274817465229193e-08,1584.0,BID
1336,1712182267.61622,8057060.89560216,1549.0,1.1177409961478649e-08,1584.0,BID
1337,1712182267.7162728,8057218.79592355,1549.0,1.213635135994946e-08,1584.0,BID
1338,1712182267.8361733,8057558.64305987,1549.0,2.6120936415850732e-08,1584.0,BID
1339,1712182272.946091,8057661.88426211,1549.0,7.935205540941361e-09,1584.0,BID
1340,1712182273.1861222,8057758.04100634,1549.0,7.390688146354532e-09,1584.0,BID
1341,1712182290.946524,8057758.04100634,1549.0,0.0,1584.0,BID
1342,1712182320.6659286,8057758.04100634,1549.0,0.0,1584.0,BID
1343,1712182321.26559,8057889.88261942,1548.0,-1.0131890912339473e-08,1584.0,ASK
1344,1712182321.4057117,8058177.72197499,1548.0,2.2120155258860484e-08,1584.0,BID
1345,1712182321.5065427,8058356.84262454,1548.0,1.3765235717216478e-08,1584.0,BID
1346,1712182321.509333,8058536.96808949,1548.0,1.3842454736146828e-08,1584.0,BID
1347,1712182321.6057627,8058717.67454048,1548.0,1.3887102909348236e-08,1584.0,BID
1348,1712182321.6257646,8059032.41880559,1548.0,2.4187769588633414e-08,1584.0,BID
1349,1712182321.6285868,8059694.77492085,1548.0,5.090137892083322e-08,1584.0,BID
1350,1712182350.6810946,8059694.77492085,1548.0,0.0,1584.0,BID
1351,1712182363.0646987,8059830.21366142,1548.0,-1.0405928914266772e-08,1584.0,ASK
1352,1712182380.9643662,8059830.21366142,1548.0,-0.0,1584.0,ASK
1353,1712182410.1336677,8059833.75976071,1551.0,2.7244688325536877e-10,1584.0,BID
1354,1712182411.0235288,8059833.75976071,1551.0,0.0,1584.0,BID
1355,1712182417.553974,8059833.75976072,1551.0,7.155350281278561e-19,1584.0,BID
1356,1712182417.5576406,8059914.25863197,1551.0,6.184727362371395e-09,1584.0,BID
1357,1712182440.6929867,8059914.25863197,1551.0,0.0,1584.0,BID
1358,1712182470.642625,8059914.25863197,1551.0,0.0,1584.0,BID
1359,1712182500.7319772,8059914.25863197,1551.0,0.0,1584.0,BID
1360,1712182518.8019114,8059917.63765197,1551.0,2.5979099680482416e-10,1584.0,BID
1361,1712182518.8053744,8060153.59391216,1551.0,1.814115099627305e-08,1584.0,BID
1362,1712182529.3113334,8061355.87944823,1551.0,-9.243596009231809e-08,1584.0,ASK
1363,1712182529.4713793,8062370.30786928,1551.0,-7.799284132712589e-08,1584.0,ASK
1364,1712182529.5712323,8062414.15140825,1551.0,-3.3708461900378514e-09,1584.0,ASK
1365,1712182529.6811974,8062901.67513745,1551.0,-3.748254688619165e-08,1584.0,ASK
1366,1712182530.6816602,8062901.67513745,1551.0,-0.0,1584.0,ASK
1367,1712182559.96104,8062905.0195532,1549.0,-2.570389326578123e-10,1584.0,ASK
1368,1712182560.1936295,8062984.60826685,1549.0,6.1168824497816525e-09,1584.0,BID
1369,1712182560.9706693,8062984.60826685,1549.0,0.0,1584.0,BID
1370,1712182590.9801984,8062984.60826685,1549.0,0.0,1584.0,BID
1371,1712182598.6102512,8063246.76485231,1549.0,2.0148148032956573e-08,1584.0,BID
1372,1712182620.6397223,8063246.76485231,1549.0,0.0,1584.0,BID
1373,1712182648.629388,8063348.31501927,1549.0,-7.80443466263976e-09,1584.0,ASK
1374,1712182650.7099962,8063348.31501927,1549.0,-0.0,1584.0,ASK
1375,1712182662.289226,8063351.86111856,1551.0,2.72525062975411e-10,1584.0,BID
1376,1712182680.9588246,8063351.86111856,1551.0,0.0,1584.0,BID
1377,1712182688.2993977,8063984.36111856,1549.0,-4.860891233129396e-08,1584.0,ASK
1378,1712182689.315472,8064326.10641767,1549.0,-2.6263821793010293e-08,1584.0,ASK
1379,1712182689.5291238,8067501.38716767,1549.0,-2.4402678830670564e-07,1584.0,ASK
1380,1712182689.6086664,8067532.98716767,1549.0,-2.428524315724981e-09,1584.0,ASK
1381,1712182696.7492232,8068964.47259253,1549.0,-1.1001256841188622e-07,1584.0,ASK
1382,1712182696.7533205,8069629.96575799,1549.0,-5.114450424812746e-08,1584.0,ASK
1383,1712182710.118648,8070255.62817677,1549.0,-4.80834302979578e-08,1584.0,ASK
1384,1712182710.9745526,8070255.62817677,1549.0,-0.0,1584.0,ASK
1385,1712182740.6825376,8070255.62817677,1549.0,-0.0,1584.0,ASK
1386,1712182770.6715708,8070255.62817677,1549.0,-0.0,1584.0,ASK
1387,1712182772.6782374,8071325.75514898,1546.0,-8.217390117373616e-08,1584.0,ASK
1388,1712182772.6824558,8071390.48006807,1545.0,-4.9701570401512845e-09,1584.0,ASK
1389,1712182772.6864576,8073315.986192,1546.0,-1.4785754779224945e-07,1584.0,ASK
1390,1712182772.6897423,8074417.33146885,1545.0,-8.457112126721004e-08,1584.0,ASK
1391,1712182772.6979475,8075018.6767457,1545.0,-4.617665812971354e-08,1584.0,ASK
1392,1712182772.7003343,8075417.33146885,1545.0,-3.061226814513641e-08,1584.0,ASK
1393,1712182773.8432424,8075517.5736258,1548.0,7.697487599652095e-09,1584.0,BID
1394,1712182800.823235,8075517.5736258,1548.0,0.0,1584.0,BID
1395,1712182806.4172137,8075619.59265251,1547.0,7.853259922489705e-09,1584.0,BID
1396,1712182807.6846128,8075757.48843123,1548.0,1.0614994353805177e-08,1584.0,BID
1397,1712182807.747595,8075822.04621045,1549.0,4.9695535880321325e-09,1584.0,BID
1398,1712182807.7497444,8076093.98182741,1549.0,2.0933164636480183e-08,1584.0,BID
1399,1712182830.6571405,8076093.98182741,1549.0,0.0,1584.0,BID
1400,1712182860.7466383,8076093.98182741,1549.0,0.0,1584.0,BID
1401,1712182862.3166986,8076416.77072347,1549.0,2.4846060905485704e-08,1584.0,BID
1402,1712182870.926559,8076423.22650139,1549.0,4.969212180781714e-10,1584.0,BID
1403,1712182872.4903216,8076722.03819389,1548.0,-2.3000461297603e-08,1584.0,ASK
1404,1712182890.6862562,8076722.03819389,1548.0,-0.0,1584.0,ASK
1405,1712182912.322668,8076803.9639275,1548.0,6.305605370336441e-09,1584.0,BID
1406,1712182916.5863025,8077448.9639275,1548.0,4.964393096832481e-08,1584.0,BID
1407,1712182916.5903523,8077690.03560992,1548.0,1.8554644899934773e-08,1584.0,BID
1408,1712182920.9660504,8077690.03560992,1548.0,0.0,1584.0,BID
1409,1712182950.965576,8077690.03560992,1548.0,0.0,1584.0,BID
1410,1712182952.9960208,8077693.86452684,1549.0,2.946675459257594e-10,1584.0,BID
1411,1712182980.628146,8077693.86452684,1549.0,0.0,1584.0,BID
1412,1712183010.6850836,8077693.86452684,1549.0,0.0,1584.0,BID
1413,1712183031.2150006,8077697.69344854,1548.0,-2.946677792541965e-10,1584.0,ASK
1414,1712183040.9649756,8077697.69344854,1548.0,-0.0,1584.0,ASK
1415,1712183046.285638,8078339.85935888,1548.0,-4.94200537982585e-08,1584.0,ASK
1416,1712183046.2897923,8078420.83050121,1548.0,-6.231408652550753e-09,1584.0,ASK
1417,1712183061.3847516,8078513.23727127,1549.0,7.1114761374724e-09,1584.0,BID
1418,1712183070.964845,8078513.23727127,1549.0,0.0,1584.0,BID
1419,1712183100.679386,8078513.23727127,1549.0,0.0,1584.0,BID
1420,1712183109.1746132,8078590.75665111,1548.0,5.974928150072979e-09,1584.0,BID
1421,1712183130.6802948,8078590.75665111,1548.0,0.0,1584.0,BID
1422,1712183160.2462626,8078664.78672283,1549.0,5.705931462261689e-09,1584.0,BID
1423,1712183160.248557,8079364.79700343,1549.0,5.395389456216979e-08,1584.0,BID
1424,1712183160.7539458,8079364.79700343,1549.0,0.0,1584.0,BID
1425,1712183190.5989466,8079364.79700343,1549.0,0.0,1584.0,BID
1426,1712183191.8437624,8079524.03267221,1545.0,-1.2272092052177135e-08,1584.0,ASK
1427,1712183216.173763,8079653.4825104,1545.0,-9.976535675638077e-09,1584.0,ASK
1428,1712183220.9532783,8079653.4825104,1545.0,-0.0,1584.0,ASK
1429,1712183242.2205052,8079853.4825104,1545.0,-1.5413217802596818e-08,1584.0,ASK
1430,1712183250.993323,8079853.4825104,1545.0,-0.0,1584.0,ASK
1431,1712183280.6854656,8079853.4825104,1545.0,-0.0,1584.0,ASK
1432,1712183310.633088,8079853.4825104,1545.0,-0.0,1584.0,ASK
1433,1712183340.9725337,8079853.4825104,1545.0,-0.0,1584.0,ASK
1434,1712183367.9426348,8079935.73814564,1550.0,6.338969154689883e-09,1584.0,BID
1435,1712183367.9464605,8079944.72357665,1550.0,6.92455536293695e-10,1584.0,BID
1436,1712183370.9465702,8079944.72357665,1550.0,0.0,1584.0,BID
1437,1712183398.3522563,8080073.18450839,1549.0,9.899637960061065e-09,1584.0,BID
1438,1712183399.8524165,8080073.75583472,1549.0,4.4028357497194656e-11,1584.0,BID
1439,1712183401.0422788,8080073.75583472,1549.0,0.0,1584.0,BID
1440,1712183419.5822718,8080077.30193401,1551.0,2.7377644003986687e-10,1584.0,BID
1441,1712183426.3851678,8080080.8480333,1551.0,2.737764399679641e-10,1584.0,BID
1442,1712183430.9379137,8080080.8480333,1551.0,0.0,1584.0,BID
1443,1712183460.6728976,8080080.8480333,1551.0,0.0,1584.0,BID
1444,1712183478.362221,8080403.22069609,1549.0,2.4888746142556727e-08,1584.0,BID
1445,1712183490.682623,8080403.22069609,1549.0,0.0,1584.0,BID
1446,1712183500.5820189,8080441.05812856,1548.0,-2.921122214974168e-09,1584.0,ASK
1447,1712183500.5864892,8080541.05812856,1548.0,-7.720191419639528e-09,1584.0,ASK
1448,1712183520.9516127,8080541.05812856,1548.0,-0.0,1584.0,ASK
1449,1712183550.9613688,8080541.05812856,1548.0,-0.0,1584.0,ASK
1450,1712183580.727679,8080541.05812856,1548.0,-0.0,1584.0,ASK
1451,1712183592.1412585,8080632.1697612,1548.0,-7.033876578088261e-09,1584.0,ASK
1452,1712183592.143973,8080730.06892856,1548.0,-7.557878619338803e-09,1584.0,ASK
1453,1712183610.655398,8080730.06892856,1548.0,-0.0,1584.0,ASK
1454,1712183640.9409666,8080730.06892856,1548.0,-0.0,1584.0,ASK
1455,1712183666.701377,8080733.62190014,1548.0,-2.7428549315621207e-10,1584.0,ASK
1456,1712183670.9512217,8080733.62190014,1548.0,-0.0,1584.0,ASK
1457,1712183673.910973,8082130.04344408,1548.0,-1.0780215956563184e-07,1584.0,ASK
1458,1712183675.4307675,8082394.90132522,1548.0,-2.0446728059140383e-08,1584.0,ASK
1459,1712183677.9211328,8082659.75920636,1548.0,-2.0446728059140383e-08,1584.0,ASK
1460,1712183686.3707323,8082924.6170875,1548.0,-2.0446728059140383e-08,1584.0,ASK
1461,1712183688.1410875,8083216.14908936,1548.0,-2.250593992862217e-08,1584.0,ASK
1462,1712183688.144772,8083753.33470985,1548.0,-4.1470120700862747e-08,1584.0,ASK
1463,1712183688.721129,8084701.08470985,1548.0,-7.316522519414784e-08,1584.0,ASK
1464,1712183689.960869,8084794.18470985,1548.0,-7.1872144189373875e-09,1584.0,ASK
1465,1712183695.8007455,8084809.38470985,1548.0,-1.1734227622945663e-09,1584.0,ASK
1466,1712183700.648352,8084809.38470985,1548.0,-0.0,1584.0,ASK
1467,1712183719.0508106,8084944.82345042,1548.0,-1.0464050408438349e-08,1584.0,ASK
1468,1712183730.6808157,8084944.82345042,1548.0,-0.0,1584.0,ASK
1469,1712183745.720631,8086640.76407805,1548.0,-1.310269180344083e-07,1584.0,ASK
1470,1712183745.820637,8088193.48352916,1548.0,-1.1996177279822034e-07,1584.0,ASK
1471,1712183760.954372,8088193.48352916,1548.0,-0.0,1584.0,ASK
1472,1712183772.17054,8089693.48352916,1548.0,-1.1584370441901733e-07,1584.0,ASK
1473,1712183773.540593,8089798.06454827,1548.0,-8.076701777082539e-09,1584.0,ASK
1474,1712183774.760666,8090241.0959134,1548.0,-3.421492967365643e-08,1584.0,ASK
1475,1712183790.9703126,8090241.0959134,1548.0,-0.0,1584.0,ASK
1476,1712183816.500375,8090847.7985724,1548.0,-4.684365531059678e-08,1584.0,ASK
1477,1712183820.6988404,8090847.7985724,1548.0,-0.0,1584.0,ASK
1478,1712183838.580169,8092145.74202492,1548.0,-1.00207253487883e-07,1584.0,ASK
1479,1712183838.690476,8093231.95845174,1548.0,-8.386094526209858e-08,1584.0,ASK
1480,1712183840.6902173,8093296.51623095,1549.0,4.984159928784617e-09,1584.0,BID
1481,1712183843.0700688,8093366.51623095,1548.0,-5.404324611007753e-09,1584.0,ASK
1482,1712183846.4904609,8093436.51623095,1548.0,-5.404324611007753e-09,1584.0,ASK
1483,1712183850.6400652,8093436.51623095,1548.0,-0.0,1584.0,ASK
1484,1712183853.1136937,8093440.0669088,1549.0,2.7404400914406343e-10,1584.0,BID
1485,1712183864.7127354,8094210.0669088,1548.0,-5.94291839363036e-08,1584.0,ASK
1486,1712183880.9796853,8094210.0669088,1548.0,-0.0,1584.0,ASK
1487,1712183910.9596825,8094210.0669088,1548.0,-0.0,1584.0,ASK
1488,1712183911.569877,8094222.97846464,1549.0,9.964315802262528e-10,1584.0,BID
1489,1712183940.6898491,8094222.97846464,1549.0,0.0,1584.0,BID
1490,1712183960.1633575,8094543.08890143,1549.0,2.470404496718924e-08,1584.0,BID
1491,1712183960.1693614,8095175.75513772,1549.0,4.8825072082069855e-08,1584.0,BID
1492,1712183960.2596598,8095245.75513772,1549.0,5.402145475295243e-09,1584.0,BID
1493,1712183960.2636392,8095911.02589491,1549.0,5.134127729714199e-08,1584.0,BID
1494,1712183960.2694445,8096107.37769182,1549.0,1.515315673206211e-08,1584.0,BID
1495,1712183967.1498408,8096989.62279182,1550.0,6.808594821522979e-08,1584.0,BID
1496,1712183967.152716,8097059.62279182,1550.0,5.402145475295243e-09,1584.0,BID
1497,1712183970.6497142,8097059.62279182,1550.0,0.0,1584.0,BID
1498,1712183987.1996615,8097124.09732437,1551.0,4.974038726104617e-09,1584.0,BID
1499,1712183989.499729,8097165.36411209,1551.0,3.183622929890408e-09,1584.0,BID
1500,1712183989.509522,8097174.05154745,1551.0,6.70212535096763e-10,1584.0,BID
