,time,acc_trade_volume,trade_price,dev,high,ask_bid
0,1712173460.2888916,18683862.36194262,134.6,0.0,135.5,ASK
1,1712173470.685804,18683862.36194262,134.6,-0.0,135.5,ASK
2,1712173500.5036142,18683862.36194262,134.6,-0.0,135.5,ASK
3,1712173530.476621,18683862.36194262,134.6,-0.0,135.5,ASK
4,1712173533.922236,18684862.36194262,134.6,3.666425263164792e-07,135.5,BID
5,1712173534.1042397,18690842.55683774,134.6,-2.192593764212516e-06,135.5,ASK
6,1712173546.8123507,18690905.29022087,133.9,-2.3000726075266253e-08,135.5,ASK
7,1712173560.703715,18690905.29022087,133.9,-0.0,135.5,ASK
8,1712173590.7059467,18690905.29022087,133.9,-0.0,135.5,ASK
9,1712173620.4837296,18690905.29022087,133.9,-0.0,135.5,ASK
10,1712173650.4835,18690905.29022087,133.9,-0.0,135.5,ASK
11,1712173680.693603,18690905.29022087,133.9,-0.0,135.5,ASK
12,1712173686.1422586,18691278.70321565,133.9,-1.368615171342836e-07,135.5,ASK
13,1712173710.7021866,18691278.70321565,133.9,-0.0,135.5,ASK
14,1712173740.4722617,18691278.70321565,133.9,-0.0,135.5,ASK
15,1712173770.4832785,18691278.70321565,133.9,-0.0,135.5,ASK
16,1712173800.50268,18691278.70321565,133.9,-0.0,135.5,ASK
17,1712173830.443777,18691278.70321565,133.9,-0.0,135.5,ASK
18,1712173860.7121675,18691278.70321565,133.9,-0.0,135.5,ASK
19,1712173890.7036014,18691278.70321565,133.9,-0.0,135.5,ASK
20,1712173920.4688945,18691278.70321565,133.9,-0.0,135.5,ASK
21,1712173950.4728453,18691278.70321565,133.9,-0.0,135.5,ASK
22,1712173980.7020802,18691278.70321565,133.9,-0.0,135.5,ASK
23,1712174010.701617,18691278.70321565,133.9,-0.0,135.5,ASK
24,1712174013.4319692,18691540.28767006,133.8,-9.595069756145925e-08,135.5,ASK
25,1712174040.466879,18691540.28767006,133.8,-0.0,135.5,ASK
26,1712174070.4920828,18691540.28767006,133.8,-0.0,135.5,ASK
27,1712174078.951709,18691640.79622166,133.9,-3.686664733239669e-08,135.5,ASK
28,1712174081.8315556,18691691.05049746,133.9,-1.8433323667564785e-08,135.5,ASK
29,1712174100.6832547,18691691.05049746,133.9,-0.0,135.5,ASK
30,1712174130.6839786,18691691.05049746,133.9,-0.0,135.5,ASK
31,1712174160.5127575,18691691.05049746,133.9,-0.0,135.5,ASK
32,1712174190.514069,18691691.05049746,133.9,-0.0,135.5,ASK
33,1712174220.513249,18691691.05049746,133.9,-0.0,135.5,ASK
34,1712174250.5041714,18691691.05049746,133.9,-0.0,135.5,ASK
35,1712174280.7026792,18691691.05049746,133.9,-0.0,135.5,ASK
36,1712174310.7234037,18691691.05049746,133.9,-0.0,135.5,ASK
37,1712174340.4428155,18691691.05049746,133.9,-0.0,135.5,ASK
38,1712174370.472818,18691691.05049746,133.9,-0.0,135.5,ASK
39,1712174400.556841,18691691.05049746,133.9,-0.0,135.5,ASK
40,1712174430.4662957,18691691.05049746,133.9,-0.0,135.5,ASK
41,1712174460.6933186,18691691.05049746,133.9,-0.0,135.5,ASK
42,1712174490.6928084,18691691.05049746,133.9,-0.0,135.5,ASK
43,1712174520.4759753,18691691.05049746,133.9,-0.0,135.5,ASK
44,1712174550.4552982,18691691.05049746,133.9,-0.0,135.5,ASK
45,1712174580.6832,18691691.05049746,133.9,-0.0,135.5,ASK
46,1712174610.704478,18691691.05049746,133.9,-0.0,135.5,ASK
47,1712174640.4378653,18691691.05049746,133.9,-0.0,135.5,ASK
48,1712174670.4663713,18691691.05049746,133.9,-0.0,135.5,ASK
49,1712174700.693238,18691691.05049746,133.9,-0.0,135.5,ASK
50,1712174730.7137065,18691691.05049746,133.9,-0.0,135.5,ASK
51,1712174760.4757724,18691691.05049746,133.9,-0.0,135.5,ASK
52,1712174790.4685905,18691691.05049746,133.9,-0.0,135.5,ASK
53,1712174820.7168136,18691691.05049746,133.9,-0.0,135.5,ASK
54,1712174850.7072484,18691691.05049746,133.9,-0.0,135.5,ASK
55,1712174880.46637,18691691.05049746,133.9,-0.0,135.5,ASK
56,1712174910.4534824,18691691.05049746,133.9,-0.0,135.5,ASK
57,1712174940.7195103,18691691.05049746,133.9,-0.0,135.5,ASK
58,1712174970.6863456,18691691.05049746,133.9,-0.0,135.5,ASK
59,1712175000.5341752,18691691.05049746,133.9,-0.0,135.5,ASK
60,1712175030.4864216,18691691.05049746,133.9,-0.0,135.5,ASK
61,1712175060.6966765,18691691.05049746,133.9,-0.0,135.5,ASK
62,1712175090.6965506,18691691.05049746,133.9,-0.0,135.5,ASK
63,1712175120.4665349,18691691.05049746,133.9,-0.0,135.5,ASK
64,1712175150.4737835,18691691.05049746,133.9,-0.0,135.5,ASK
65,1712175180.696856,18691691.05049746,133.9,-0.0,135.5,ASK
66,1712175210.714316,18691691.05049746,133.9,-0.0,135.5,ASK
67,1712175240.4792273,18691691.05049746,133.9,-0.0,135.5,ASK
68,1712175270.4938514,18691691.05049746,133.9,-0.0,135.5,ASK
69,1712175300.513533,18691691.05049746,133.9,-0.0,135.5,ASK
70,1712175330.4678462,18691691.05049746,133.9,-0.0,135.5,ASK
71,1712175360.7134705,18691691.05049746,133.9,-0.0,135.5,ASK
72,1712175390.713601,18691691.05049746,133.9,-0.0,135.5,ASK
73,1712175394.8937309,18692433.44099486,134.7,2.726121787115549e-07,135.5,BID
74,1712175396.00362,18693844.79774738,134.7,5.18262343864955e-07,135.5,BID
75,1712175396.0055115,18696071.15443212,134.7,8.17537331826999e-07,135.5,BID
76,1712175420.4769552,18696071.15443212,134.7,0.0,135.5,BID
77,1712175450.4760742,18696071.15443212,134.7,0.0,135.5,BID
78,1712175480.687541,18696071.15443212,134.7,0.0,135.5,BID
79,1712175510.6971378,18696071.15443212,134.7,0.0,135.5,BID
80,1712175540.4634511,18696071.15443212,134.7,0.0,135.5,BID
81,1712175570.5370412,18696071.15443212,134.7,0.0,135.5,BID
82,1712175600.5171702,18696071.15443212,134.7,0.0,135.5,BID
83,1712175630.4524014,18696071.15443212,134.7,0.0,135.5,BID
84,1712175660.7076974,18696071.15443212,134.7,0.0,135.5,BID
85,1712175690.729633,18696071.15443212,134.7,0.0,135.5,BID
86,1712175720.4682865,18696071.15443212,134.7,0.0,135.5,BID
87,1712175750.4603848,18696071.15443212,134.7,0.0,135.5,BID
88,1712175761.7944944,18699943.48743091,133.8,-1.4359646651482648e-06,135.5,ASK
89,1712175761.79624,18700391.58302463,133.9,-1.661658332037193e-07,135.5,ASK
90,1712175761.7977705,18704643.25043701,133.8,-1.5766320133238354e-06,135.5,ASK
91,1712175761.799296,18710890.25949782,133.9,-2.316558074160821e-06,135.5,ASK
92,1712175761.80112,18721297.15443212,133.8,-3.859155037605474e-06,135.5,ASK
93,1712175780.693207,18721297.15443212,133.8,-0.0,135.5,ASK
94,1712175810.685943,18721297.15443212,133.8,-0.0,135.5,ASK
95,1712175840.4764693,18721297.15443212,133.8,-0.0,135.5,ASK
96,1712175870.4979064,18721297.15443212,133.8,-0.0,135.5,ASK
97,1712175886.8133886,18723155.60397163,133.8,-6.883011363955518e-07,135.5,ASK
98,1712175886.815541,18728017.58453964,133.8,-1.8006982051174535e-06,135.5,ASK
99,1712175900.7032926,18728017.58453964,133.8,-0.0,135.5,ASK
100,1712175930.713505,18728017.58453964,133.8,-0.0,135.5,ASK
101,1712175944.8030488,18752991.58453964,133.5,-9.246368809040386e-06,135.5,ASK
102,1712175960.4570763,18752991.58453964,133.5,-0.0,135.5,ASK
103,1712175990.483179,18752991.58453964,133.5,-0.0,135.5,ASK
104,1712176020.6984062,18752991.58453964,133.5,-0.0,135.5,ASK
105,1712176050.7035837,18752991.58453964,133.5,-0.0,135.5,ASK
106,1712176080.4830818,18752991.58453964,133.5,-0.0,135.5,ASK
107,1712176110.513013,18752991.58453964,133.5,-0.0,135.5,ASK
108,1712176124.2438104,18758017.58453964,133.5,-1.8585310909908123e-06,135.5,ASK
109,1712176124.24567,18758092.60329432,133.3,-2.7740686028581965e-08,135.5,ASK
110,1712176124.2475753,18770874.55818154,133.0,-4.726554031344619e-06,135.5,ASK
111,1712176124.249387,18773131.89452466,132.9,-8.347253833094869e-07,135.5,ASK
112,1712176124.2512362,18773193.27212466,133.0,-2.2696414223858483e-08,135.5,ASK
113,1712176124.2530448,18773243.96496332,133.3,-1.8745367437871503e-08,135.5,ASK
114,1712176124.2550764,18778344.58453964,132.9,-1.8861241675103864e-06,135.5,ASK
115,1712176140.7081332,18778344.58453964,132.9,-0.0,135.5,ASK
116,1712176170.709494,18778344.58453964,132.9,-0.0,135.5,ASK
117,1712176200.798226,18778344.58453964,132.9,-0.0,135.5,ASK
118,1712176230.6990378,18778344.58453964,132.9,-0.0,135.5,ASK
119,1712176260.480373,18778344.58453964,132.9,-0.0,135.5,ASK
120,1712176290.4927917,18778344.58453964,132.9,-0.0,135.5,ASK
121,1712176303.257301,18780603.62068421,132.8,-8.352662666621756e-07,135.5,ASK
122,1712176303.2597408,18780754.79226395,132.3,-5.5894865311994136e-08,135.5,ASK
123,1712176303.2620704,18780793.32811301,132.5,-1.4248419553617397e-08,135.5,ASK
124,1712176303.267211,18780868.68606327,132.7,-2.7863190206394497e-08,135.5,ASK
125,1712176303.2682185,18780939.56286327,132.6,-2.6206309390769266e-08,135.5,ASK
126,1712176303.2693007,18780981.58253044,132.2,-1.5536542257422086e-08,135.5,ASK
127,1712176303.2703905,18787995.64126537,132.8,-2.5934098787036024e-06,135.5,ASK
128,1712176303.2715,18792869.90285678,132.1,-1.80223158092336e-06,135.5,ASK
129,1712176303.2725985,18802869.90285678,132.3,-3.697445340438962e-06,135.5,ASK
130,1712176303.2737043,18802945.54582198,132.2,-2.7968572922049063e-08,135.5,ASK
131,1712176303.274828,18803322.90431254,132.5,-1.3952623925969058e-07,135.5,ASK
132,1712176303.2759588,18803698.60453964,132.1,-1.3891310540942418e-07,135.5,ASK
133,1712176303.986449,18805557.05407915,132.0,-6.871515590297269e-07,135.5,ASK
134,1712176304.731715,18806174.47559447,132.0,-2.282882304904836e-07,135.5,ASK
135,1712176308.656791,18811036.45616248,132.0,-1.7976907396494686e-06,135.5,ASK
136,1712176320.711538,18811036.45616248,132.0,-0.0,135.5,ASK
137,1712176350.710551,18811036.45616248,132.0,-0.0,135.5,ASK
138,1712176374.16781,18811081.67093263,132.7,1.6691212312769793e-08,135.5,BID
139,1712176380.5126212,18811081.67093263,132.7,0.0,135.5,BID
140,1712176410.5069857,18811081.67093263,132.7,0.0,135.5,BID
141,1712176440.7147758,18811081.67093263,132.7,0.0,135.5,BID
142,1712176470.7055595,18811081.67093263,132.7,0.0,135.5,BID
143,1712176500.486471,18811081.67093263,132.7,0.0,135.5,BID
144,1712176530.4902077,18811081.67093263,132.7,0.0,135.5,BID
145,1712176560.7154143,18811081.67093263,132.7,0.0,135.5,BID
146,1712176590.7377615,18811081.67093263,132.7,0.0,135.5,BID
147,1712176620.539267,18811081.67093263,132.7,0.0,135.5,BID
148,1712176650.4813757,18811081.67093263,132.7,0.0,135.5,BID
149,1712176680.6356325,18862274.0175512,132.0,-1.8922866821953865e-05,135.5,ASK
150,1712176680.7170532,18862274.0175512,132.0,-0.0,135.5,ASK
151,1712176710.722429,18862274.0175512,132.0,-0.0,135.5,ASK
152,1712176740.477743,18862274.0175512,132.0,-0.0,135.5,ASK
153,1712176770.4897473,18862274.0175512,132.0,-0.0,135.5,ASK
154,1712176800.5293431,18862274.0175512,132.0,-0.0,135.5,ASK
155,1712176830.4717174,18862274.0175512,132.0,-0.0,135.5,ASK
156,1712176860.7037058,18862274.0175512,132.0,-0.0,135.5,ASK
157,1712176869.5692182,18862348.0175512,132.0,-2.7285390812595163e-08,135.5,ASK
158,1712176890.723508,18862348.0175512,132.0,-0.0,135.5,ASK
159,1712176903.603516,18862393.33477174,132.4,1.670937323785027e-08,135.5,BID
160,1712176920.4713678,18862393.33477174,132.4,0.0,135.5,BID
161,1712176950.5150113,18862393.33477174,132.4,0.0,135.5,BID
162,1712176980.5099926,18862393.33477174,132.4,0.0,135.5,BID
163,1712177010.4946225,18862393.33477174,132.4,0.0,135.5,BID
164,1712177040.7434075,18862393.33477174,132.4,0.0,135.5,BID
165,1712177070.7188375,18862393.33477174,132.4,0.0,135.5,BID
166,1712177100.5111518,18862393.33477174,132.4,0.0,135.5,BID
167,1712177130.488871,18862393.33477174,132.4,0.0,135.5,BID
168,1712177160.5157297,18862393.33477174,132.4,0.0,135.5,BID
169,1712177190.475803,18862393.33477174,132.4,0.0,135.5,BID
170,1712177220.713503,18862393.33477174,132.4,0.0,135.5,BID
171,1712177247.1457143,18869332.09230186,132.5,2.5584541922153467e-06,135.5,BID
172,1712177247.1485355,18872393.33477174,132.5,1.1287393451143393e-06,135.5,BID
173,1712177250.7059643,18872393.33477174,132.5,0.0,135.5,BID
174,1712177257.9158869,18874161.03667273,132.5,6.514676259684535e-07,135.5,BID
175,1712177280.5306144,18874161.03667273,132.5,0.0,135.5,BID
176,1712177310.4961567,18874161.03667273,132.5,0.0,135.5,BID
177,1712177338.096455,18874211.52977273,132.2,-1.8607085710979e-08,135.5,ASK
178,1712177338.0986612,18879135.34856318,132.0,-1.814464120080468e-06,135.5,ASK
179,1712177338.1002946,18881141.23156785,132.5,-7.391829179639935e-07,135.5,ASK
180,1712177340.7536857,18881141.23156785,132.5,-0.0,135.5,ASK
181,1712177370.728291,18881141.23156785,132.5,-0.0,135.5,ASK
182,1712177388.9964478,18883141.23156785,132.6,7.367645523895683e-07,135.5,BID
183,1712177400.5201132,18883141.23156785,132.6,0.0,135.5,BID
184,1712177430.515092,18883141.23156785,132.6,0.0,135.5,BID
185,1712177460.7365708,18883141.23156785,132.6,0.0,135.5,BID
186,1712177490.7288623,18883141.23156785,132.6,0.0,135.5,BID
187,1712177510.6666985,18883216.64634914,132.6,2.7778754945825283e-08,135.5,BID
188,1712177520.4968448,18883216.64634914,132.6,0.0,135.5,BID
189,1712177550.5207405,18883216.64634914,132.6,0.0,135.5,BID
190,1712177580.7187843,18883216.64634914,132.6,0.0,135.5,BID
191,1712177610.728836,18883216.64634914,132.6,0.0,135.5,BID
192,1712177640.5015042,18883216.64634914,132.6,0.0,135.5,BID
193,1712177670.5026815,18883216.64634914,132.6,0.0,135.5,BID
194,1712177700.7105348,18883216.64634914,132.6,0.0,135.5,BID
195,1712177730.7628312,18883216.64634914,132.6,0.0,135.5,BID
196,1712177760.5010824,18883216.64634914,132.6,0.0,135.5,BID
197,1712177790.4824338,18883216.64634914,132.6,0.0,135.5,BID
198,1712177820.5318627,18883216.64634914,132.6,0.0,135.5,BID
199,1712177850.5125468,18883216.64634914,132.6,0.0,135.5,BID
200,1712177880.7225225,18883216.64634914,132.6,0.0,135.5,BID
201,1712177910.7214537,18883216.64634914,132.6,0.0,135.5,BID
202,1712177940.4727354,18883216.64634914,132.6,0.0,135.5,BID
203,1712177970.4724505,18883216.64634914,132.6,0.0,135.5,BID
204,1712178000.6492784,18883216.64634914,132.6,0.0,135.5,BID
205,1712178030.51063,18883216.64634914,132.6,0.0,135.5,BID
206,1712178060.7173684,18883216.64634914,132.6,0.0,135.5,BID
207,1712178090.7311444,18883216.64634914,132.6,0.0,135.5,BID
208,1712178120.5216448,18883216.64634914,132.6,0.0,135.5,BID
209,1712178150.519004,18883216.64634914,132.6,0.0,135.5,BID
210,1712178180.7247877,18883216.64634914,132.6,0.0,135.5,BID
211,1712178210.7133305,18883216.64634914,132.6,0.0,135.5,BID
212,1712178240.504467,18883216.64634914,132.6,0.0,135.5,BID
213,1712178270.494024,18883216.64634914,132.6,0.0,135.5,BID
214,1712178300.7125127,18883216.64634914,132.6,0.0,135.5,BID
215,1712178330.722058,18883216.64634914,132.6,0.0,135.5,BID
216,1712178360.492087,18883216.64634914,132.6,0.0,135.5,BID
217,1712178382.533893,18883398.56791097,132.6,6.705392501794383e-08,135.5,BID
218,1712178382.5365202,18883593.72025562,132.6,7.193061973371503e-08,135.5,BID
219,1712178390.540808,18883593.72025562,132.6,0.0,135.5,BID
220,1712178420.5091405,18883593.72025562,132.6,0.0,135.5,BID
221,1712178450.4812417,18883593.72025562,132.6,0.0,135.5,BID
222,1712178480.722797,18883593.72025562,132.6,0.0,135.5,BID
223,1712178510.7189782,18883593.72025562,132.6,0.0,135.5,BID
224,1712178515.571486,18885207.85984416,132.0,-5.94939924640683e-07,135.5,ASK
225,1712178515.5736651,18885252.84544416,132.1,-1.6580802345231572e-08,135.5,ASK
226,1712178540.4820082,18885252.84544416,132.1,-0.0,135.5,ASK
227,1712178570.490246,18885252.84544416,132.1,-0.0,135.5,ASK
228,1712178600.4999957,18885252.84544416,132.1,-0.0,135.5,ASK
229,1712178621.0396652,18886009.84771517,132.0,-2.791200376403499e-07,135.5,ASK
230,1712178630.4894936,18886009.84771517,132.0,-0.0,135.5,ASK
231,1712178660.4758132,18886009.84771517,132.0,-0.0,135.5,ASK
232,1712178690.4986258,18886009.84771517,132.0,-0.0,135.5,ASK
233,1712178720.7282257,18886009.84771517,132.0,-0.0,135.5,ASK
234,1712178750.734622,18886009.84771517,132.0,-0.0,135.5,ASK
235,1712178780.486284,18886009.84771517,132.0,-0.0,135.5,ASK
236,1712178791.0675812,18886052.96121517,132.1,-1.5896119267723203e-08,135.5,ASK
237,1712178791.070298,18893585.60529093,132.0,-2.777315890203246e-06,135.5,ASK
238,1712178810.5038288,18893585.60529093,132.0,-0.0,135.5,ASK
239,1712178840.7067993,18893585.60529093,132.0,-0.0,135.5,ASK
240,1712178846.726763,18898789.05275808,132.5,1.9178247055159394e-06,135.5,BID
241,1712178846.729031,18901132.77510225,132.5,8.638212728963558e-07,135.5,BID
242,1712178855.3568337,18902132.77510225,132.0,-3.6856809213968747e-07,135.5,ASK
243,1712178855.3598063,18904497.18425628,132.0,-8.71445770938975e-07,135.5,ASK
244,1712178870.713429,18904497.18425628,132.0,-0.0,135.5,ASK
245,1712178900.5034163,18904497.18425628,132.0,-0.0,135.5,ASK
246,1712178920.4457982,18908457.02258708,132.0,1.4603398357549226e-06,135.5,BID
247,1712178923.4759588,18934846.15307221,132.0,-9.731987838655844e-06,135.5,ASK
248,1712178930.498213,18934846.15307221,132.0,-0.0,135.5,ASK
249,1712178960.698539,18934846.15307221,132.0,-0.0,135.5,ASK
250,1712178966.8955712,18934917.43365346,132.0,-2.6248625206623545e-08,135.5,ASK
251,1712178990.7303553,18934917.43365346,132.0,-0.0,135.5,ASK
252,1712179020.487847,18934917.43365346,132.0,-0.0,135.5,ASK
253,1712179035.585395,18937217.98134347,132.0,-8.471592655238355e-07,135.5,ASK
254,1712179050.4989522,18937217.98134347,132.0,-0.0,135.5,ASK
255,1712179080.7219975,18937217.98134347,132.0,-0.0,135.5,ASK
256,1712179110.697335,18937217.98134347,132.0,-0.0,135.5,ASK
257,1712179140.477558,18937217.98134347,132.0,-0.0,135.5,ASK
258,1712179170.4883554,18937217.98134347,132.0,-0.0,135.5,ASK
259,1712179200.5110524,18937217.98134347,132.0,-0.0,135.5,ASK
260,1712179228.903577,18943817.98134347,132.0,-2.4319866424896e-06,135.5,ASK
261,1712179229.0433743,18970695.12150824,132.0,-9.903764525612395e-06,135.5,ASK
262,1712179230.467713,18970695.12150824,132.0,-0.0,135.5,ASK
263,1712179260.7171392,18970695.12150824,132.0,-0.0,135.5,ASK
264,1712179283.9334784,18980342.79175556,132.0,-3.54922151835054e-06,135.5,ASK
265,1712179283.936475,18988869.10435683,132.0,-3.136692214891035e-06,135.5,ASK
266,1712179290.7173896,18988869.10435683,132.0,-0.0,135.5,ASK
267,1712179320.4865956,18988869.10435683,132.0,-0.0,135.5,ASK
268,1712179348.4036374,18988944.9193682,131.9,-2.7866520567390456e-08,135.5,ASK
269,1712179348.4053276,18988983.63051301,131.9,-1.422864540269626e-08,135.5,ASK
270,1712179348.4828236,18991983.63051301,131.8,-1.102678218870906e-06,135.5,ASK
271,1712179348.4855616,18992097.51518675,131.8,-4.185938306570188e-08,135.5,ASK
272,1712179350.5111408,18992097.51518675,131.8,-0.0,135.5,ASK
273,1712179373.0329614,18992147.51518675,131.4,-1.837509640518409e-08,135.5,ASK
274,1712179373.03606,18992485.63760955,131.4,-1.242606423138928e-07,135.5,ASK
275,1712179373.0930536,18995770.86781755,131.4,1.2073284357052062e-06,135.5,BID
276,1712179373.0960789,18995770.86781844,131.4,3.2720327681593584e-16,135.5,BID
277,1712179380.5162733,18995770.86781844,131.4,0.0,135.5,BID
278,1712179410.4871285,18995770.86781844,131.4,0.0,135.5,BID
279,1712179440.7043128,18995770.86781844,131.4,0.0,135.5,BID
280,1712179470.72688,18995770.86781844,131.4,0.0,135.5,BID
281,1712179474.9421191,18995856.62637756,132.0,3.1510846266926095e-08,135.5,BID
282,1712179500.477475,18995856.62637756,132.0,0.0,135.5,BID
283,1712179530.4955835,18995856.62637756,132.0,0.0,135.5,BID
284,1712179560.7054834,18995856.62637756,132.0,0.0,135.5,BID
285,1712179590.6915998,18995856.62637756,132.0,0.0,135.5,BID
286,1712179599.9314563,18996309.45656623,132.5,1.6641939245018482e-07,135.5,BID
287,1712179620.471801,18996309.45656623,132.5,0.0,135.5,BID
288,1712179650.4862988,18996309.45656623,132.5,0.0,135.5,BID
289,1712179654.52432,18996384.92826434,132.4,2.7735953813874204e-08,135.5,BID
290,1712179658.1410975,18996460.39996245,132.4,2.7735953815243254e-08,135.5,BID
291,1712179660.931395,18996535.87166056,132.4,2.7735953813874204e-08,135.5,BID
292,1712179680.6813436,18996535.87166056,132.4,0.0,135.5,BID
293,1712179710.6858764,18996535.87166056,132.4,0.0,135.5,BID
294,1712179740.4734185,18996535.87166056,132.4,0.0,135.5,BID
295,1712179753.980693,18996535.87166118,131.8,2.272596893712068e-16,135.5,BID
296,1712179753.9822388,19003746.93739218,131.8,2.650047470658145e-06,135.5,BID
297,1712179770.5323937,19003746.93739218,131.8,0.0,135.5,BID
298,1712179800.5851588,19003746.93739218,131.8,0.0,135.5,BID
299,1712179830.4954958,19003746.93739218,131.8,0.0,135.5,BID
300,1712179860.7203617,19003746.93739218,131.8,0.0,135.5,BID
301,1712179890.6745515,19003746.93739218,131.8,0.0,135.5,BID
302,1712179920.480047,19003746.93739218,131.8,0.0,135.5,BID
303,1712179950.5006912,19003746.93739218,131.8,0.0,135.5,BID
304,1712179980.494273,19003746.93739218,131.8,0.0,135.5,BID
305,1712180010.500015,19003746.93739218,131.8,0.0,135.5,BID
306,1712180040.7294152,19003746.93739218,131.8,0.0,135.5,BID
307,1712180061.3495338,19003821.23159723,131.8,-2.7293389758897475e-08,135.5,ASK
308,1712180070.6994116,19003821.23159723,131.8,-0.0,135.5,ASK
309,1712180100.4684508,19003821.23159723,131.8,-0.0,135.5,ASK
310,1712180130.479298,19003821.23159723,131.8,-0.0,135.5,ASK
311,1712180160.5391111,19003821.23159723,131.8,-0.0,135.5,ASK
312,1712180190.4963226,19003821.23159723,131.8,-0.0,135.5,ASK
313,1712180220.6947825,19003821.23159723,131.8,-0.0,135.5,ASK
314,1712180250.720129,19003821.23159723,131.8,-0.0,135.5,ASK
315,1712180280.490096,19003821.23159723,131.8,-0.0,135.5,ASK
316,1712180310.4667127,19003821.23159723,131.8,-0.0,135.5,ASK
317,1712180326.6512554,19003895.52580228,132.0,-2.7293511266793044e-08,135.5,ASK
318,1712180340.695127,19003895.52580228,132.0,-0.0,135.5,ASK
319,1712180370.7225764,19003895.52580228,132.0,-0.0,135.5,ASK
320,1712180400.5321448,19003895.52580228,132.0,-0.0,135.5,ASK
321,1712180430.5140371,19003895.52580228,132.0,-0.0,135.5,ASK
322,1712180443.154373,19006342.07603728,132.5,8.994662507503245e-07,135.5,BID
323,1712180443.1578326,19011442.6956136,132.5,1.875226227193013e-06,135.5,BID
324,1712180460.701362,19011442.6956136,132.5,0.0,135.5,BID
325,1712180490.7239916,19011442.6956136,132.5,0.0,135.5,BID
326,1712180520.50568,19011442.6956136,132.5,0.0,135.5,BID
327,1712180550.4857078,19011442.6956136,132.5,0.0,135.5,BID
328,1712180566.8668926,19018770.58146883,132.5,2.693083340084295e-06,135.5,BID
329,1712180566.8708668,19018989.86542492,132.5,8.058940607912297e-08,135.5,BID
330,1712180580.714218,19018989.86542492,132.5,0.0,135.5,BID
331,1712180610.7082088,19018989.86542492,132.5,0.0,135.5,BID
332,1712180640.5085907,19018989.86542492,132.5,0.0,135.5,BID
333,1712180670.463568,19018989.86542492,132.5,0.0,135.5,BID
334,1712180700.4940045,19018989.86542492,132.5,0.0,135.5,BID
335,1712180730.4807048,19018989.86542492,132.5,0.0,135.5,BID
336,1712180760.695686,19018989.86542492,132.5,0.0,135.5,BID
337,1712180790.7096329,19018989.86542492,132.5,0.0,135.5,BID
338,1712180820.5140538,19018989.86542492,132.5,0.0,135.5,BID
339,1712180850.520332,19018989.86542492,132.5,0.0,135.5,BID
340,1712180880.7110302,19018989.86542492,132.5,0.0,135.5,BID
341,1712180910.7216573,19018989.86542492,132.5,0.0,135.5,BID
342,1712180915.351117,19019027.36730039,133.3,1.3784446266207637e-08,135.5,BID
343,1712180915.3546236,19019065.08223251,132.6,1.3862758826726198e-08,135.5,BID
344,1712180940.4916935,19019065.08223251,132.6,0.0,135.5,BID
345,1712180970.457595,19019065.08223251,132.6,0.0,135.5,BID
346,1712181000.6183312,19019065.08223251,132.6,0.0,135.5,BID
347,1712181030.466217,19019065.08223251,132.6,0.0,135.5,BID
348,1712181060.7181034,19019065.08223251,132.6,0.0,135.5,BID
349,1712181090.6927283,19019065.08223251,132.6,0.0,135.5,BID
350,1712181120.5161903,19019065.08223251,132.6,0.0,135.5,BID
351,1712181150.5696816,19019065.08223251,132.6,0.0,135.5,BID
352,1712181180.7130127,19019065.08223251,132.6,0.0,135.5,BID
353,1712181210.7230053,19019065.08223251,132.6,0.0,135.5,BID
354,1712181240.4939754,19019065.08223251,132.6,0.0,135.5,BID
355,1712181270.5082576,19019065.08223251,132.6,0.0,135.5,BID
356,1712181300.5598602,19019065.08223251,132.6,0.0,135.5,BID
357,1712181330.4940429,19019065.08223251,132.6,0.0,135.5,BID
358,1712181360.71782,19019065.08223251,132.6,0.0,135.5,BID
359,1712181390.7477777,19019065.08223251,132.6,0.0,135.5,BID
360,1712181420.5120034,19019065.08223251,132.6,0.0,135.5,BID
361,1712181450.479958,19019065.08223251,132.6,0.0,135.5,BID
362,1712181480.72412,19019065.08223251,132.6,0.0,135.5,BID
363,1712181510.708725,19019065.08223251,132.6,0.0,135.5,BID
364,1712181516.5743897,19019442.25213812,132.5,1.386519325096753e-07,135.5,BID
365,1712181528.9150045,19019464.59580546,132.0,-8.213785378677265e-09,135.5,ASK
366,1712181528.9246926,19019509.59220546,132.1,-1.654118667345238e-08,135.5,ASK
367,1712181540.5155392,19019509.59220546,132.1,-0.0,135.5,ASK
368,1712181565.8548858,19023269.94052545,132.0,-1.3823167515502891e-06,135.5,ASK
369,1712181565.8584523,19023499.94052545,132.0,-8.45487773477118e-08,135.5,ASK
370,1712181565.9946144,19023679.80662545,132.0,6.61193862659225e-08,135.5,BID
371,1712181565.9983177,19023859.67272545,132.0,6.611938626729192e-08,135.5,BID
372,1712181566.014812,19024123.60672545,132.0,9.702303043704872e-08,135.5,BID
373,1712181566.0176008,19024387.54072545,132.0,9.702303043704872e-08,135.5,BID
374,1712181570.5347853,19024387.54072545,132.0,0.0,135.5,BID
375,1712181600.6757958,19024387.54072545,132.0,0.0,135.5,BID
376,1712181626.324782,19024440.24752545,132.0,1.9394808999390783e-08,135.5,BID
377,1712181630.47561,19024440.24752545,132.0,0.0,135.5,BID
378,1712181660.731925,19024440.24752545,132.0,0.0,135.5,BID
379,1712181666.4407065,19024495.24752545,131.9,-2.023859851261337e-08,135.5,ASK
380,1712181666.4424577,19025297.89048302,131.9,-2.953521557686206e-07,135.5,ASK
381,1712181666.533137,19027717.79050781,131.8,-8.904615462239813e-07,135.5,ASK
382,1712181666.5358405,19034300.75660579,131.8,-2.422363779621404e-06,135.5,ASK
383,1712181666.5925484,19034407.66600579,131.9,3.933993497905512e-08,135.5,BID
384,1712181666.6048322,19034480.52280579,131.9,2.6809445893387783e-08,135.5,BID
385,1712181666.608392,19034553.37960579,131.9,2.6809445892016973e-08,135.5,BID
386,1712181666.614704,19034607.52230579,131.9,1.9923133958567293e-08,135.5,BID
387,1712181666.6850448,19035957.31088472,131.8,-4.966878022890974e-07,135.5,ASK
388,1712181667.0546365,19036033.06846047,131.9,2.787685745136096e-08,135.5,BID
389,1712181682.9174223,19036666.75166047,131.8,-2.3317927034586962e-07,135.5,ASK
390,1712181682.9219291,19037098.58136047,131.8,-1.589023258933473e-07,135.5,ASK
391,1712181682.926405,19038350.10983873,131.8,-4.605305890659643e-07,135.5,ASK
392,1712181690.7192528,19038350.10983873,131.8,-0.0,135.5,ASK
393,1712181696.2669747,19043149.50193599,131.6,-1.7648633118695818e-06,135.5,ASK
394,1712181696.27004,19045426.0232498,131.6,-8.371370506971435e-07,135.5,ASK
395,1712181696.2730455,19045892.0780498,131.6,-1.713806667954621e-07,135.5,ASK
396,1712181696.276044,19050029.0330018,131.4,-1.521267666755318e-06,135.5,ASK
397,1712181696.278822,19055360.33536281,131.3,-1.960460773107136e-06,135.5,ASK
398,1712181696.280547,19055457.55216281,131.6,-3.5749186593096914e-08,135.5,ASK
399,1712181696.2822928,19065358.54226182,131.3,-3.640855721480179e-06,135.5,ASK
400,1712181696.2840517,19070770.86967955,131.1,-1.990255827782626e-06,135.5,ASK
401,1712181696.2859714,19076102.17204056,131.3,-1.9604607731057656e-06,135.5,ASK
402,1712181696.287718,19079974.50503935,131.4,-1.4239591811662833e-06,135.5,ASK
403,1712181696.2894657,19080128.51418568,131.2,-5.6633233238804144e-08,135.5,ASK
404,1712181696.2914157,19088506.27503869,131.3,-3.0807240720229542e-06,135.5,ASK
405,1712181696.293152,19099361.68574796,131.2,-3.991821403176223e-06,135.5,ASK
406,1712181696.2949295,19108515.00382576,131.1,-3.3659169599039354e-06,135.5,ASK
407,1712181720.4906616,19108515.00382576,131.1,-0.0,135.5,ASK
408,1712181750.5351655,19108515.00382576,131.1,-0.0,135.5,ASK
409,1712181764.7158132,19111070.58444654,131.5,9.36581958576983e-07,135.5,BID
410,1712181764.7197173,19116482.91186427,131.5,1.983536802614248e-06,135.5,BID
411,1712181778.6663945,19122893.84979153,131.6,2.349512573156201e-06,135.5,BID
412,1712181780.715227,19122893.84979153,131.6,0.0,135.5,BID
413,1712181810.7276993,19122893.84979153,131.6,0.0,135.5,BID
414,1712181827.7751942,19123271.40425237,131.6,-1.3827219670041218e-07,135.5,ASK
415,1712181828.1352444,19123313.00788323,132.2,1.5236544727529042e-08,135.5,BID
416,1712181840.5180306,19123313.00788323,132.2,0.0,135.5,BID
417,1712181870.4854555,19123313.00788323,132.2,0.0,135.5,BID
418,1712181884.2155669,19123353.00788323,132.1,1.4648949118001306e-08,135.5,BID
419,1712181900.7253332,19123353.00788323,132.1,0.0,135.5,BID
420,1712181922.6756222,19128684.31024424,131.9,1.9541403185320942e-06,135.5,BID
421,1712181922.6853907,19132071.73419103,131.9,1.241629392246347e-06,135.5,BID
422,1712181930.6991756,19132071.73419103,131.9,0.0,135.5,BID
423,1712181960.4624326,19132071.73419103,131.9,0.0,135.5,BID
424,1712181985.1919763,19132110.73419103,131.9,1.4289071597458002e-08,135.5,BID
425,1712181990.5190785,19132110.73419103,131.9,0.0,135.5,BID
426,1712182011.2256677,19132177.66859531,131.3,-2.4523812627748377e-08,135.5,ASK
427,1712182020.715915,19132177.66859531,131.3,-0.0,135.5,ASK
428,1712182050.729279,19132177.66859531,131.3,-0.0,135.5,ASK
429,1712182080.4983475,19132177.66859531,131.3,-0.0,135.5,ASK
430,1712182110.5310912,19132177.66859531,131.3,-0.0,135.5,ASK
431,1712182140.7190971,19132177.66859531,131.3,-0.0,135.5,ASK
432,1712182170.7262936,19132177.66859531,131.3,-0.0,135.5,ASK
433,1712182200.5460224,19132177.66859531,131.3,-0.0,135.5,ASK
434,1712182230.508051,19132177.66859531,131.3,-0.0,135.5,ASK
435,1712182260.7262886,19132177.66859531,131.3,-0.0,135.5,ASK
436,1712182290.698266,19132177.66859531,131.3,-0.0,135.5,ASK
437,1712182320.4887185,19132177.66859531,131.3,-0.0,135.5,ASK
438,1712182350.505089,19132177.66859531,131.3,-0.0,135.5,ASK
439,1712182380.7138374,19132177.66859531,131.3,-0.0,135.5,ASK
440,1712182410.7834568,19132177.66859531,131.3,-0.0,135.5,ASK
441,1712182434.9731357,19133658.88792616,131.7,-5.427826708417563e-07,135.5,ASK
442,1712182440.508312,19133658.88792616,131.7,-0.0,135.5,ASK
443,1712182470.4760993,19133658.88792616,131.7,-0.0,135.5,ASK
444,1712182472.5825164,19136672.77780661,132.2,1.1043403449304189e-06,135.5,BID
445,1712182500.5424097,19136672.77780661,132.2,0.0,135.5,BID
446,1712182530.5016017,19136672.77780661,132.2,0.0,135.5,BID
447,1712182535.5712633,19136738.01573285,131.7,-2.4118926853502163e-08,135.5,ASK
448,1712182560.7143347,19136738.01573285,131.7,-0.0,135.5,ASK
449,1712182590.730276,19136738.01573285,131.7,-0.0,135.5,ASK
450,1712182620.4780655,19136738.01573285,131.7,-0.0,135.5,ASK
451,1712182650.5192564,19136738.01573285,131.7,-0.0,135.5,ASK
452,1712182680.7186432,19136738.01573285,131.7,-0.0,135.5,ASK
453,1712182710.713195,19136738.01573285,131.7,-0.0,135.5,ASK
454,1712182740.5026283,19136738.01573285,131.7,-0.0,135.5,ASK
455,1712182770.4881852,19136738.01573285,131.7,-0.0,135.5,ASK
456,1712182800.6194875,19136738.01573285,131.7,-0.0,135.5,ASK
457,1712182830.4793992,19136738.01573285,131.7,-0.0,135.5,ASK
458,1712182860.526794,19136738.01573285,131.7,-0.0,135.5,ASK
459,1712182890.5063715,19136738.01573285,131.7,-0.0,135.5,ASK
460,1712182920.710416,19136738.01573285,131.7,-0.0,135.5,ASK
461,1712182950.710723,19136738.01573285,131.7,-0.0,135.5,ASK
462,1712182980.4645152,19136738.01573285,131.7,-0.0,135.5,ASK
463,1712183008.4153316,19136786.90613285,131.7,-1.807724952428533e-08,135.5,ASK
464,1712183008.5554447,19143038.01573285,131.7,2.311350859126737e-06,135.5,BID
465,1712183010.4938765,19143038.01573285,131.7,0.0,135.5,BID
466,1712183040.7144794,19143038.01573285,131.7,0.0,135.5,BID
467,1712183070.715167,19143038.01573285,131.7,0.0,135.5,BID
468,1712183100.491922,19143038.01573285,131.7,0.0,135.5,BID
469,1712183130.5102267,19143038.01573285,131.7,0.0,135.5,BID
470,1712183160.5690384,19143038.01573285,131.7,0.0,135.5,BID
471,1712183190.4381216,19143038.01573285,131.7,0.0,135.5,BID
472,1712183220.7094555,19143038.01573285,131.7,0.0,135.5,BID
473,1712183225.395364,19144141.64148058,131.8,-4.0824431365614506e-07,135.5,ASK
474,1712183225.4836314,19144555.4664157,131.8,-1.530787741762343e-07,135.5,ASK
475,1712183250.7278936,19144555.4664157,131.8,-0.0,135.5,ASK
476,1712183280.508854,19144555.4664157,131.8,-0.0,135.5,ASK
477,1712183310.463053,19144555.4664157,131.8,-0.0,135.5,ASK
478,1712183340.7125778,19144555.4664157,131.8,-0.0,135.5,ASK
479,1712183370.687126,19144555.4664157,131.8,-0.0,135.5,ASK
480,1712183400.787756,19144555.4664157,131.8,-0.0,135.5,ASK
481,1712183430.689099,19144555.4664157,131.8,-0.0,135.5,ASK
482,1712183444.3924396,19144969.29135081,132.1,1.5307367814297726e-07,135.5,BID
483,1712183460.5075705,19144969.29135081,132.1,0.0,135.5,BID
484,1712183473.3724504,19145196.39203212,132.0,8.40027526493956e-08,135.5,BID
485,1712183473.3817823,19159705.88604777,132.0,5.366947513503493e-06,135.5,BID
486,1712183484.8318312,19163388.19286595,132.0,1.362056278494081e-06,135.5,BID
487,1712183490.5066397,19163388.19286595,132.0,0.0,135.5,BID
488,1712183508.9422047,19168432.99110371,132.0,1.8643544738657124e-06,135.5,BID
489,1712183508.9468317,19171479.44959571,132.0,1.1258484980616543e-06,135.5,BID
490,1712183509.0820632,19171479.44959653,132.1,3.042545506995246e-16,135.5,BID
491,1712183509.086583,19179058.86347253,132.1,2.8010464448763363e-06,135.5,BID
492,1712183520.70481,19179058.86347253,132.1,0.0,135.5,BID
493,1712183544.3420496,19216608.19295353,132.3,1.3866117780167632e-05,135.5,BID
494,1712183550.706524,19216608.19295353,132.3,0.0,135.5,BID
495,1712183580.5266404,19216608.19295353,132.3,0.0,135.5,BID
496,1712183585.4521444,19228965.15204831,132.5,4.554789698926271e-06,135.5,BID
497,1712183585.4569445,19229301.00934189,132.3,1.2379739460088314e-07,135.5,BID
498,1712183610.4715412,19229301.00934189,132.3,0.0,135.5,BID
499,1712183638.4411678,19229376.48104,132.5,2.780172299607292e-08,135.5,BID
500,1712183640.6917129,19229376.48104,132.5,0.0,135.5,BID
501,1712183662.8910928,19236923.65085133,132.5,2.7801620584020885e-06,135.5,BID
502,1712183670.7379858,19236923.65085133,132.5,0.0,135.5,BID
503,1712183692.954535,19237528.49195133,132.2,-2.227241615518823e-07,135.5,ASK
504,1712183692.9596765,19240250.27695133,132.2,-1.0022587453955734e-06,135.5,ASK
505,1712183692.9642117,19249309.88734314,132.2,-3.336073108296392e-06,135.5,ASK
506,1712183700.475603,19249309.88734314,132.2,-0.0,135.5,ASK
507,1712183721.3709562,19249360.68105133,132.2,-1.882286588844336e-08,135.5,ASK
508,1712183721.491224,19250809.13771733,132.2,5.367614718576136e-07,135.5,BID
509,1712183721.518223,19250809.13771795,132.2,2.3054325514612317e-16,135.5,BID
510,1712183730.5023253,19250809.13771795,132.2,0.0,135.5,BID
511,1712183760.7066934,19250809.13771795,132.2,0.0,135.5,BID
512,1712183790.7063355,19250809.13771795,132.2,0.0,135.5,BID
513,1712183820.5096738,19250809.13771795,132.2,0.0,135.5,BID
514,1712183850.473214,19250809.13771795,132.2,0.0,135.5,BID
515,1712183880.7200737,19250809.13771795,132.2,0.0,135.5,BID
516,1712183910.709941,19250809.13771795,132.2,0.0,135.5,BID
517,1712183940.528746,19250809.13771795,132.2,0.0,135.5,BID
518,1712183970.4869225,19250809.13771795,132.2,0.0,135.5,BID
519,1712184000.5162408,19250809.13771795,132.2,0.0,135.5,BID
520,1712184030.4792142,19250809.13771795,132.2,0.0,135.5,BID
521,1712184060.7140093,19250809.13771795,132.2,0.0,135.5,BID
522,1712184090.7044058,19250809.13771795,132.2,0.0,135.5,BID
523,1712184120.472564,19250809.13771795,132.2,0.0,135.5,BID
524,1712184150.4943793,19250809.13771795,132.2,0.0,135.5,BID
525,1712184180.725792,19250809.13771795,132.2,0.0,135.5,BID
526,1712184210.708739,19250809.13771795,132.2,0.0,135.5,BID
527,1712184224.3585138,19268001.69668911,132.5,6.375310554805368e-06,135.5,BID
528,1712184240.4935458,19268001.69668911,132.5,0.0,135.5,BID
529,1712184270.4938376,19268001.69668911,132.5,0.0,135.5,BID
530,1712184300.5237744,19268001.69668911,132.5,0.0,135.5,BID
531,1712184330.5260634,19268001.69668911,132.5,0.0,135.5,BID
532,1712184349.098086,19268170.1963319,132.6,-6.243019764389815e-08,135.5,ASK
533,1712184360.7111907,19268170.1963319,132.6,-0.0,135.5,ASK
534,1712184390.7143445,19268170.1963319,132.6,-0.0,135.5,ASK
535,1712184419.0095632,19268850.30022276,132.9,2.519807646983133e-07,135.5,BID
536,1712184420.5034363,19268850.30022276,132.9,0.0,135.5,BID
537,1712184450.4849706,19268850.30022276,132.9,0.0,135.5,BID
538,1712184480.695953,19268850.30022276,132.9,0.0,135.5,BID
539,1712184510.679819,19268850.30022276,132.9,0.0,135.5,BID
540,1712184515.1905143,19269038.41158468,132.9,6.969355440817464e-08,135.5,BID
541,1712184527.4299376,19269326.35640083,132.9,1.066809442341472e-07,135.5,BID
542,1712184540.4936657,19269326.35640083,132.9,0.0,135.5,BID
543,1712184570.501595,19269326.35640083,132.9,0.0,135.5,BID
544,1712184584.0104237,19271901.46899053,132.9,9.540335090102324e-07,135.5,BID
545,1712184584.020082,19271984.02969053,132.9,3.0587273986268275e-08,135.5,BID
546,1712184600.5415378,19271984.02969053,132.9,0.0,135.5,BID
547,1712184630.503867,19271984.02969053,132.9,0.0,135.5,BID
548,1712184660.7207546,19271984.02969053,132.9,0.0,135.5,BID
549,1712184690.6909206,19271984.02969053,132.9,0.0,135.5,BID
550,1712184720.473394,19271984.02969053,132.9,0.0,135.5,BID
551,1712184750.4857624,19271984.02969053,132.9,0.0,135.5,BID
552,1712184780.7058675,19271984.02969053,132.9,0.0,135.5,BID
553,1712184789.301455,19274471.54479627,133.0,-9.301946063220006e-07,135.5,ASK
554,1712184810.712877,19274471.54479627,133.0,-0.0,135.5,ASK
555,1712184840.4980347,19274471.54479627,133.0,-0.0,135.5,ASK
556,1712184870.4776711,19274471.54479627,133.0,-0.0,135.5,ASK
557,1712184900.680185,19274471.54479627,133.0,-0.0,135.5,ASK
558,1712184930.7019515,19274471.54479627,133.0,-0.0,135.5,ASK
559,1712184960.4898937,19274471.54479627,133.0,-0.0,135.5,ASK
560,1712184971.472727,19274516.49529627,133.1,1.6816802786918824e-08,135.5,BID
561,1712184971.4779956,19281979.04061352,133.1,2.791874459414462e-06,135.5,BID
562,1712184971.4826803,19282625.44491327,133.1,2.4183165102641324e-07,135.5,BID
563,1712184971.4919395,19282625.44491352,133.1,9.337784100917908e-17,135.5,BID
564,1712184990.4985747,19282625.44491352,133.1,0.0,135.5,BID
565,1712185001.6056638,19288844.23267789,133.1,-2.3256177914769745e-06,135.5,ASK
566,1712185020.6829562,19288844.23267789,133.1,-0.0,135.5,ASK
567,1712185029.803083,19288883.15036082,133.2,1.4549402906277313e-08,135.5,BID
568,1712185029.808396,19288919.30775296,133.2,1.3517466270473394e-08,135.5,BID
569,1712185046.1430178,19289022.73117638,133.2,3.86649189807106e-08,135.5,BID
570,1712185050.733317,19289022.73117638,133.2,0.0,135.5,BID
571,1712185080.494792,19289022.73117638,133.2,0.0,135.5,BID
572,1712185110.4530702,19289022.73117638,133.2,0.0,135.5,BID
573,1712185113.1330647,19289078.82257638,133.3,2.0969622620465647e-08,135.5,BID
574,1712185113.27282,19289432.13907638,133.4,1.320864458787111e-07,135.5,BID
575,1712185113.2826192,19293573.02272845,133.4,1.5480584812887384e-06,135.5,BID
576,1712185140.6852486,19293573.02272845,133.4,0.0,135.5,BID
577,1712185170.7058911,19293573.02272845,133.4,0.0,135.5,BID
578,1712185200.693384,19293573.02272845,133.4,0.0,135.5,BID
579,1712185230.4560535,19293573.02272845,133.4,0.0,135.5,BID
580,1712185260.6865053,19293573.02272845,133.4,0.0,135.5,BID
581,1712185262.6631963,19293611.73387326,133.9,1.4474534138828673e-08,135.5,BID
582,1712185262.6745746,19294312.9942221,133.9,2.622091624951883e-07,135.5,BID
583,1712185272.9028783,19294537.04201896,133.9,8.377400101216226e-08,135.5,BID
584,1712185290.7230916,19294537.04201896,133.9,0.0,135.5,BID
585,1712185320.4631605,19294537.04201896,133.9,0.0,135.5,BID
586,1712185350.496097,19294537.04201896,133.9,0.0,135.5,BID
587,1712185380.71937,19294537.04201896,133.9,0.0,135.5,BID
588,1712185396.4028804,19295286.66720636,133.4,-2.802797939432849e-07,135.5,ASK
589,1712185396.4627528,19301325.53440636,133.4,2.2578916542875614e-06,135.5,BID
590,1712185396.4826632,19301325.53440706,133.4,2.618578452002099e-16,135.5,BID
591,1712185396.4926684,19301394.70470706,133.4,2.5862307933049823e-08,135.5,BID
592,1712185410.706102,19301394.70470706,133.4,0.0,135.5,BID
593,1712185440.4786668,19301394.70470706,133.4,0.0,135.5,BID
594,1712185470.4859304,19301394.70470706,133.4,0.0,135.5,BID
595,1712185500.703056,19301394.70470706,133.4,0.0,135.5,BID
596,1712185509.9128406,19302080.42200028,133.4,-2.564457157252032e-07,135.5,ASK
597,1712185524.5629156,19302138.13815264,133.4,-2.1584784497736563e-08,135.5,ASK
598,1712185530.716162,19302138.13815264,133.4,-0.0,135.5,ASK
599,1712185536.532561,19333645.33665451,133.4,-1.1782678494804752e-05,135.5,ASK
600,1712185560.4931967,19333645.33665451,133.4,-0.0,135.5,ASK
601,1712185590.4995828,19333645.33665451,133.4,-0.0,135.5,ASK
602,1712185620.7242434,19333645.33665451,133.4,-0.0,135.5,ASK
603,1712185650.7071369,19333645.33665451,133.4,-0.0,135.5,ASK
604,1712185680.5040867,19333645.33665451,133.4,-0.0,135.5,ASK
605,1712185710.486884,19333645.33665451,133.4,-0.0,135.5,ASK
606,1712185740.703535,19333645.33665451,133.4,-0.0,135.5,ASK
607,1712185760.8533714,19333690.21324388,133.7,1.675606318250936e-08,135.5,BID
608,1712185770.7236044,19333690.21324388,133.7,0.0,135.5,BID
609,1712185800.5078104,19333690.21324388,133.7,0.0,135.5,BID
610,1712185813.493693,19334375.9305371,133.5,-2.567071159185461e-07,135.5,ASK
611,1712185818.353532,19334433.64668946,133.5,-2.1606786295758482e-08,135.5,ASK
612,1712185826.9833057,19337433.65987262,133.5,-1.1230936416215862e-06,135.5,ASK
613,1712185827.0832884,19341305.99287141,133.4,-1.4496578193696683e-06,135.5,ASK
614,1712185827.1433165,19344366.84432264,133.4,-1.1458692322148523e-06,135.5,ASK
615,1712185830.493984,19344366.84432264,133.4,-0.0,135.5,ASK
616,1712185847.6734736,19344441.75068968,133.5,2.802721716236871e-08,135.5,BID
617,1712185860.718392,19344441.75068968,133.5,0.0,135.5,BID
618,1712185890.7255526,19344441.75068968,133.5,0.0,135.5,BID
619,1712185920.4707763,19344441.75068968,133.5,0.0,135.5,BID
620,1712185950.5003538,19344441.75068968,133.5,0.0,135.5,BID
621,1712185980.7172987,19344441.75068968,133.5,0.0,135.5,BID
622,1712185993.683314,19345190.81436009,133.5,2.80271122950473e-07,135.5,BID
623,1712186010.6873405,19345190.81436009,133.5,0.0,135.5,BID
624,1712186036.2932525,19345265.72072713,133.5,2.802606366652587e-08,135.5,BID
625,1712186040.5088816,19345265.72072713,133.5,0.0,135.5,BID
626,1712186070.5162485,19345265.72072713,133.5,0.0,135.5,BID
627,1712186100.5166843,19345265.72072713,133.5,0.0,135.5,BID
628,1712186108.7433789,19345951.43802035,133.4,-2.569588916379529e-07,135.5,ASK
629,1712186114.311206,19346009.15417271,133.4,-2.16279780127576e-08,135.5,ASK
630,1712186127.12417,19351009.15417271,133.4,-1.873650367137124e-06,135.5,ASK
631,1712186130.5374331,19351009.15417271,133.4,-0.0,135.5,ASK
632,1712186160.6980622,19351009.15417271,133.4,-0.0,135.5,ASK
633,1712186188.726105,19351339.40516346,133.4,-1.2371945711138686e-07,135.5,ASK
634,1712186190.747393,19351339.40516346,133.4,-0.0,135.5,ASK
635,1712186220.4783812,19351339.40516346,133.4,-0.0,135.5,ASK
636,1712186235.0944862,19364605.88821477,133.4,-4.969841237858054e-06,135.5,ASK
637,1712186235.1001978,19364685.88821477,132.6,-2.996930667237749e-08,135.5,ASK
638,1712186235.103962,19365437.76791401,133.0,-2.8166641608984905e-07,135.5,ASK
639,1712186235.10696,19370455.34195831,132.8,-1.87966519106314e-06,135.5,ASK
640,1712186235.1098151,19371389.49375033,132.5,-3.49948519169832e-07,135.5,ASK
641,1712186235.1123233,19386070.53355033,132.5,-5.499757300444536e-06,135.5,ASK
642,1712186235.1147766,19390902.03390754,132.6,-1.8099589486618368e-06,135.5,ASK
643,1712186235.117288,19391052.03390754,132.5,-5.61924500107078e-08,135.5,ASK
644,1712186235.1197696,19392245.61751183,132.4,-4.471359134515135e-07,135.5,ASK
645,1712186250.4834464,19392245.61751183,132.4,-0.0,135.5,ASK
646,1712186280.687441,19392245.61751183,132.4,-0.0,135.5,ASK
647,1712186301.40325,19393380.56936872,132.5,-4.24307712515538e-07,135.5,ASK
648,1712186305.7134464,19393994.19633568,133.2,2.294076643944002e-07,135.5,BID
649,1712186310.723391,19393994.19633568,133.2,0.0,135.5,BID
650,1712186340.5235653,19393994.19633568,133.2,0.0,135.5,BID
651,1712186370.501738,19393994.19633568,133.2,0.0,135.5,BID
652,1712186400.5975482,19393994.19633568,133.2,0.0,135.5,BID
653,1712186409.8732705,19394679.9136289,132.5,-2.563463401468604e-07,135.5,ASK
654,1712186412.963665,19394737.62978126,132.5,-2.1576420154235643e-08,135.5,ASK
655,1712186430.5076215,19394737.62978126,132.5,-0.0,135.5,ASK
656,1712186460.7085855,19394737.62978126,132.5,-0.0,135.5,ASK
657,1712186490.7094996,19394737.62978126,132.5,-0.0,135.5,ASK
658,1712186520.509492,19394737.62978126,132.5,-0.0,135.5,ASK
659,1712186550.489762,19394737.62978126,132.5,-0.0,135.5,ASK
660,1712186580.7422085,19394737.62978126,132.5,-0.0,135.5,ASK
661,1712186610.7082913,19394737.62978126,132.5,-0.0,135.5,ASK
662,1712186640.4927404,19394737.62978126,132.5,-0.0,135.5,ASK
663,1712186670.512322,19394737.62978126,132.5,-0.0,135.5,ASK
664,1712186700.725703,19394737.62978126,132.5,-0.0,135.5,ASK
665,1712186711.4193678,19394795.34593363,132.5,-2.17314786719976e-08,135.5,ASK
666,1712186713.8293362,19395481.06322685,132.5,-2.581885680295956e-07,135.5,ASK
667,1712186730.7298784,19395481.06322685,132.5,-0.0,135.5,ASK
668,1712186744.962213,19397660.31289759,132.6,-8.205079404867857e-07,135.5,ASK
669,1712186760.51991,19397660.31289759,132.6,-0.0,135.5,ASK
670,1712186790.5151858,19397660.31289759,132.6,-0.0,135.5,ASK
671,1712186820.740744,19397660.31289759,132.6,-0.0,135.5,ASK
672,1712186850.7221203,19397660.31289759,132.6,-0.0,135.5,ASK
673,1712186880.512362,19397660.31289759,132.6,-0.0,135.5,ASK
674,1712186901.8022864,19397715.22659791,133.0,2.067327397399361e-08,135.5,BID
675,1712186901.808113,19398295.18323524,133.0,2.1833535869440577e-07,135.5,BID
676,1712186901.8135214,19398947.60499948,133.0,2.456161904983338e-07,135.5,BID
677,1712186901.901741,19400557.68754058,133.0,-6.061452296796035e-07,135.5,ASK
678,1712186910.502209,19400557.68754058,133.0,-0.0,135.5,ASK
679,1712186940.541608,19400557.68754058,133.0,-0.0,135.5,ASK
680,1712186970.5501328,19400557.68754058,133.0,-0.0,135.5,ASK
681,1712187000.6081667,19400557.68754058,133.0,-0.0,135.5,ASK
682,1712187030.5388167,19400557.68754058,133.0,-0.0,135.5,ASK
683,1712187060.7112412,19400557.68754058,133.0,-0.0,135.5,ASK
684,1712187063.0139856,19400766.33837066,133.0,7.864552747156143e-08,135.5,BID
685,1712187063.0197337,19401121.50333005,133.0,1.338702345927001e-07,135.5,BID
686,1712187076.2464197,19414192.46058895,133.0,4.926758871728655e-06,135.5,BID
687,1712187076.2518637,19421937.77582204,133.0,2.919396015388741e-06,135.5,BID
688,1712187090.7408617,19421937.77582204,133.0,0.0,135.5,BID
689,1712187120.5920873,19421937.77582204,133.0,0.0,135.5,BID
690,1712187150.4954977,19421937.77582204,133.0,0.0,135.5,BID
691,1712187180.740757,19421937.77582204,133.0,0.0,135.5,BID
692,1712187210.690314,19421937.77582204,133.0,0.0,135.5,BID
693,1712187240.505113,19421937.77582204,133.0,0.0,135.5,BID
694,1712187268.4354725,19422087.70085952,133.4,5.644985749408999e-08,135.5,BID
695,1712187270.520749,19422087.70085952,133.4,0.0,135.5,BID
696,1712187300.70002,19422087.70085952,133.4,0.0,135.5,BID
697,1712187305.405731,19422154.54577931,133.0,-2.5217163799201466e-08,135.5,ASK
698,1712187307.0658925,19422201.40698724,133.0,-1.7678333071256102e-08,135.5,ASK
699,1712187307.0717008,19422215.06438371,132.9,-5.15223602652466e-09,135.5,ASK
700,1712187307.9755003,19422330.68456591,132.9,-4.361757156934005e-08,135.5,ASK
701,1712187313.2719028,19422841.04655803,132.9,-1.9253343399480386e-07,135.5,ASK
702,1712187330.7217834,19422841.04655803,132.9,-0.0,135.5,ASK
703,1712187360.4997232,19422841.04655803,132.9,-0.0,135.5,ASK
704,1712187390.502089,19422841.04655803,132.9,-0.0,135.5,ASK
705,1712187420.716874,19422841.04655803,132.9,-0.0,135.5,ASK
706,1712187450.7031264,19422841.04655803,132.9,-0.0,135.5,ASK
707,1712187480.4983704,19422841.04655803,132.9,-0.0,135.5,ASK
708,1712187498.9577298,19423722.34397988,132.9,-3.324558104779863e-07,135.5,ASK
709,1712187510.500702,19423722.34397988,132.9,-0.0,135.5,ASK
710,1712187540.747879,19423722.34397988,132.9,-0.0,135.5,ASK
711,1712187544.7979178,19426355.90304684,132.9,-9.934254993227746e-07,135.5,ASK
712,1712187544.8037648,19430342.54334155,132.9,-1.503831896190642e-06,135.5,ASK
713,1712187570.7472515,19430342.54334155,132.9,-0.0,135.5,ASK
714,1712187600.581814,19430342.54334155,132.9,-0.0,135.5,ASK
715,1712187605.1481292,19430400.25949391,132.7,-2.2258819062314864e-08,135.5,ASK
716,1712187612.2241027,19431085.97678713,132.7,-2.644538233046388e-07,135.5,ASK
717,1712187630.4909873,19431085.97678713,132.7,-0.0,135.5,ASK
718,1712187632.1478574,19431161.44848524,132.7,-2.9105317855308204e-08,135.5,ASK
719,1712187660.7038548,19431161.44848524,132.7,-0.0,135.5,ASK
720,1712187690.7093744,19431161.44848524,132.7,-0.0,135.5,ASK
721,1712187720.469055,19431161.44848524,132.7,-0.0,135.5,ASK
722,1712187750.4914858,19431161.44848524,132.7,-0.0,135.5,ASK
723,1712187780.7352438,19431161.44848524,132.7,-0.0,135.5,ASK
724,1712187801.6947143,19432604.98678046,132.7,-5.566918421060653e-07,135.5,ASK
725,1712187801.7010677,19436325.15068117,132.7,-1.4346587836844542e-06,135.5,ASK
726,1712187810.7357063,19436325.15068117,132.7,-0.0,135.5,ASK
727,1712187826.5321088,19436400.43331114,132.7,2.9024622632371044e-08,135.5,BID
728,1712187829.4785385,19436475.7912614,132.7,2.905366177684061e-08,135.5,BID
729,1712187840.5064352,19436475.7912614,132.7,0.0,135.5,BID
730,1712187870.5440106,19436475.7912614,132.7,0.0,135.5,BID
731,1712187900.548264,19436475.7912614,132.7,0.0,135.5,BID
732,1712187904.939509,19436533.50741377,132.2,-2.2360679245082463e-08,135.5,ASK
733,1712187906.2889388,19437219.22470699,132.2,-2.65664009412124e-07,135.5,ASK
734,1712187930.5168324,19437219.22470699,132.2,-0.0,135.5,ASK
735,1712187960.7296302,19437219.22470699,132.2,-0.0,135.5,ASK
736,1712187990.7196116,19437219.22470699,132.2,-0.0,135.5,ASK
737,1712188020.5565827,19437219.22470699,132.2,-0.0,135.5,ASK
738,1712188050.510065,19437219.22470699,132.2,-0.0,135.5,ASK
739,1712188080.7269647,19437219.22470699,132.2,-0.0,135.5,ASK
740,1712188093.0101888,19438031.09575608,132.2,-3.145271496983317e-07,135.5,ASK
741,1712188093.0164924,19440403.3986364,132.2,-9.19054404025898e-07,135.5,ASK
742,1712188097.4899948,19440478.75658666,132.7,2.91944408272758e-08,135.5,BID
743,1712188110.736282,19440478.75658666,132.7,0.0,135.5,BID
744,1712188140.526677,19440478.75658666,132.7,0.0,135.5,BID
745,1712188170.5176296,19440478.75658666,132.7,0.0,135.5,BID
746,1712188183.660426,19442478.75658666,132.7,7.746911221456642e-07,135.5,BID
747,1712188200.541896,19442478.75658666,132.7,0.0,135.5,BID
748,1712188204.7953937,19442536.47273902,132.2,-2.242329822486587e-08,135.5,ASK
749,1712188207.3203945,19443222.19003224,132.2,-2.664079765447e-07,135.5,ASK
750,1712188230.5105467,19443222.19003224,132.2,-0.0,135.5,ASK
751,1712188254.1611524,19445251.5146655,132.8,7.883826649183502e-07,135.5,BID
752,1712188254.1674464,19446741.9207249,132.7,5.790154427054065e-07,135.5,BID
753,1712188254.1716273,19446988.18712535,132.9,9.567328848559894e-08,135.5,BID
754,1712188254.3633304,19449988.50668081,132.9,1.1656094288567647e-06,135.5,BID
755,1712188254.7008784,19450558.99163662,133.0,-2.2163060674770249e-07,135.5,ASK
756,1712188255.700636,19451311.89676373,133.0,2.924999484137513e-07,135.5,BID
757,1712188255.70556,19451386.05930579,133.0,2.881178377679716e-08,135.5,BID
758,1712188255.8603551,19452288.31494488,133.0,3.5052188965886417e-07,135.5,BID
759,1712188260.7406526,19452288.31494488,133.0,0.0,135.5,BID
760,1712188290.733402,19452288.31494488,133.0,0.0,135.5,BID
761,1712188320.5338352,19452288.31494488,133.0,0.0,135.5,BID
762,1712188350.5153155,19452288.31494488,133.0,0.0,135.5,BID
763,1712188358.451363,19453037.94013228,133.0,-2.9108948160508144e-07,135.5,ASK
764,1712188372.027372,19454374.47487243,133.0,-5.18994307016878e-07,135.5,ASK
765,1712188380.7447083,19454374.47487243,133.0,-0.0,135.5,ASK
766,1712188387.0515916,19457375.81321829,133.0,1.165334248537444e-06,135.5,BID
767,1712188400.9016652,19459275.81321829,133.0,7.377159177248808e-07,135.5,BID
768,1712188410.7418234,19459275.81321829,133.0,0.0,135.5,BID
769,1712188440.4930737,19459275.81321829,133.0,0.0,135.5,BID
770,1712188470.5120952,19459275.81321829,133.0,0.0,135.5,BID
771,1712188484.4008198,19459506.04144213,132.5,-8.936844635761086e-08,135.5,ASK
772,1712188500.7534556,19459506.04144213,132.5,-0.0,135.5,ASK
773,1712188503.811699,19459563.75759449,132.5,-2.2450362592259732e-08,135.5,ASK
774,1712188504.6906364,19460249.47488771,132.5,-2.6672952439558045e-07,135.5,ASK
775,1712188530.739648,19460249.47488771,132.5,-0.0,135.5,ASK
776,1712188560.515375,19460249.47488771,132.5,-0.0,135.5,ASK
777,1712188590.498057,19460249.47488771,132.5,-0.0,135.5,ASK
778,1712188597.4578574,19460339.5649778,132.5,-3.5041796999066724e-08,135.5,ASK
779,1712188620.7099755,19460339.5649778,132.5,-0.0,135.5,ASK
780,1712188650.7367277,19460339.5649778,132.5,-0.0,135.5,ASK
781,1712188672.846828,19460885.68377484,132.5,-2.1241953639029018e-07,135.5,ASK
782,1712188672.853243,19460935.20371344,132.5,-1.926138132642217e-08,135.5,ASK
783,1712188677.8459857,19462275.87736923,132.5,-5.214712951764958e-07,135.5,ASK
784,1712188680.4888968,19462275.87736923,132.5,-0.0,135.5,ASK
785,1712188691.876014,19485061.64572653,132.1,-8.861916884109227e-06,135.5,ASK
786,1712188691.8824136,19500625.94224695,132.2,-6.053318016786562e-06,135.5,ASK
787,1712188691.886274,19500777.34270115,132.1,-5.888316866351695e-08,135.5,ASK
788,1712188699.13234,19500842.34270115,132.0,-2.528001638717968e-08,135.5,ASK
789,1712188699.1374454,19515842.34270115,132.0,-5.833849935503002e-06,135.5,ASK
790,1712188699.1418543,19517120.46770115,132.0,-4.97092629920985e-07,135.5,ASK
791,1712188710.1375327,19517530.47580935,132.0,1.5946171837280618e-07,135.5,BID
792,1712188710.5082028,19517530.47580935,132.0,0.0,135.5,BID
793,1712188740.7447145,19517530.47580935,132.0,0.0,135.5,BID
794,1712188763.8142023,19521101.28032062,132.4,1.3848379598735436e-06,135.5,BID
795,1712188770.757038,19521101.28032062,132.4,0.0,135.5,BID
796,1712188800.646542,19521101.28032062,132.4,0.0,135.5,BID
797,1712188802.0876193,100.0,132.3,-4.1659086366538265e-08,132.3,ASK
798,1712188802.0929165,3972.33299879,132.1,-1.6131785483658873e-06,132.3,ASK
799,1712188802.0964422,4559.35904518,132.0,-2.445496876596851e-07,132.3,ASK
800,1712188802.099343,4600.51494518,132.3,-1.7145171925926017e-08,132.3,ASK
801,1712188802.102224,5017.58696641,132.2,-1.737483935348726e-07,132.3,ASK
802,1712188804.5134618,5075.30311878,132.0,-2.4044021763260995e-08,132.3,ASK
803,1712188804.573586,5761.02041201,132.0,-2.856635594169742e-07,132.3,ASK
804,1712188806.463829,14020.55281182,132.0,-3.4408457359090584e-06,132.3,ASK
805,1712188806.4741266,17875.92129731,131.8,-1.6061112871185776e-06,132.3,ASK
806,1712188806.4791155,19031.85245228,131.9,-4.815503581866755e-07,132.3,ASK
807,1712188812.4195373,19331.85245228,131.8,-1.249772590996148e-07,132.3,ASK
808,1712188817.4661205,19369.85245228,132.3,1.583045281928454e-08,132.3,BID
809,1712188820.0881906,19407.85245228,132.2,-1.583045281928454e-08,132.3,ASK
810,1712188821.5970576,19445.85245228,132.2,-1.583045281928454e-08,132.3,ASK
811,1712188824.648376,19483.85245228,132.4,1.583045281928454e-08,132.4,BID
812,1712188830.5451458,19483.85245228,132.4,0.0,132.4,BID
813,1712188860.3446777,19483.85245228,132.4,0.0,132.4,BID
814,1712188860.7807703,19483.85245228,132.4,0.0,132.4,BID
815,1712188865.193328,19630.89795909,131.9,-6.119226224403204e-08,132.4,ASK
816,1712188865.2021482,23121.56588954,131.8,-1.4526242388550155e-06,132.4,ASK
817,1712188875.091996,23166.88311008,132.4,1.8858537765709746e-08,132.4,BID
818,1712188890.7422626,23166.88311008,132.4,0.0,132.4,BID
819,1712188920.2933533,23166.88311008,132.4,0.0,132.4,BID
820,1712188920.7152145,23166.88311008,132.4,0.0,132.4,BID
821,1712188950.5138347,23166.88311008,132.4,0.0,132.4,BID
822,1712188980.4084692,23166.88311008,132.4,0.0,132.4,BID
823,1712188980.99379,23166.88311008,132.4,0.0,132.4,BID
824,1712189010.7708168,23166.88311008,132.4,0.0,132.4,BID
825,1712189019.520867,23463.02825133,131.8,-1.2321444729167324e-07,132.4,ASK
826,1712189040.3288546,23463.02825133,131.8,-0.0,132.4,ASK
827,1712189040.8211007,23463.02825133,131.8,-0.0,132.4,ASK
828,1712189070.5079098,23463.02825133,131.8,-0.0,132.4,ASK
829,1712189077.8033435,23508.37972525,132.3,1.8868673732959983e-08,132.4,BID
830,1712189100.3300111,23508.37972525,132.3,0.0,132.4,BID
831,1712189100.7791672,23508.37972525,132.3,0.0,132.4,BID
832,1712189130.7446482,23508.37972525,132.3,0.0,132.4,BID
833,1712189160.3341274,23508.37972525,132.3,0.0,132.4,BID
834,1712189160.73516,23508.37972525,132.3,0.0,132.4,BID
835,1712189190.5345604,23508.37972525,132.3,0.0,132.4,BID
836,1712189217.5812526,30091.34582323,132.4,2.8554281264883903e-06,132.4,BID
837,1712189217.5843875,32573.88654284,132.3,1.0768271460644935e-06,132.4,BID
838,1712189217.587368,100101.88389828,132.4,2.929095184514542e-05,132.4,BID
839,1712189220.3694963,100101.88389828,132.4,0.0,132.4,BID
840,1712189220.864763,100101.88389828,132.4,0.0,132.4,BID
841,1712189228.6558754,100201.88389828,132.9,-4.318605131473829e-08,132.9,ASK
842,1712189233.1941342,100239.88389828,133.6,1.641069949960055e-08,133.6,BID
843,1712189237.988563,100301.30637056,133.5,-2.6525940397627586e-08,133.6,ASK
844,1712189242.9675236,104085.20664957,133.5,-1.63411711619178e-06,133.6,ASK
845,1712189245.9223127,104451.20664957,133.5,-1.5806094781194214e-07,133.6,ASK
846,1712189249.4684558,107791.94307467,133.5,-1.442732146833838e-06,133.6,ASK
847,1712189250.7484827,107791.94307467,133.5,-0.0,133.6,ASK
848,1712189253.138258,107871.36818813,132.4,-3.4285370398191497e-08,133.6,ASK
849,1712189280.340406,107871.36818813,132.4,-0.0,133.6,ASK
850,1712189280.7584023,107871.36818813,132.4,-0.0,133.6,ASK
851,1712189303.928548,110832.21963937,132.6,-1.2781023969524507e-06,133.6,ASK
852,1712189303.9336922,113981.80369836,132.6,-1.359572069551981e-06,133.6,ASK
853,1712189303.9396355,117712.78349148,132.5,-1.6105415266850895e-06,133.6,ASK
854,1712189303.9434035,119499.3608244,132.1,-7.712067995135909e-07,133.6,ASK
855,1712189310.537967,119499.3608244,132.1,-0.0,133.6,ASK
856,1712189340.3495078,119499.3608244,132.1,-0.0,133.6,ASK
857,1712189340.8298109,119499.3608244,132.1,-0.0,133.6,ASK
858,1712189354.5278077,124701.14055009,132.3,-2.2439452979587665e-06,133.6,ASK
859,1712189370.7420862,124701.14055009,132.3,-0.0,133.6,ASK
860,1712189376.3675687,126611.01085009,132.3,8.236359066832752e-07,133.6,BID
861,1712189376.3876424,126633.99140787,132.3,9.910417761466618e-09,133.6,BID
862,1712189400.3650508,126633.99140787,132.3,0.0,133.6,BID
863,1712189400.8059912,126633.99140787,132.3,0.0,133.6,BID
864,1712189424.827478,129413.53795009,132.3,-1.23909430617852e-06,133.6,ASK
865,1712189424.8343232,141285.08207843,132.3,-5.292216738067052e-06,133.6,ASK
866,1712189430.5303712,141285.08207843,132.3,-0.0,133.6,ASK
867,1712189460.3701007,141285.08207843,132.3,-0.0,133.6,ASK
868,1712189460.785561,141285.08207843,132.3,-0.0,133.6,ASK
869,1712189490.7442398,141285.08207843,132.3,-0.0,133.6,ASK
870,1712189520.3608444,141285.08207843,132.3,-0.0,133.6,ASK
871,1712189520.7460134,141285.08207843,132.3,-0.0,133.6,ASK
872,1712189543.5368917,141364.50719189,132.9,3.5376360116545885e-08,133.6,BID
873,1712189543.7074225,143542.41842154,132.9,-9.700530298990418e-07,133.6,ASK
874,1712189550.502372,143542.41842154,132.9,-0.0,133.6,ASK
875,1712189580.347144,143542.41842154,132.9,-0.0,133.6,ASK
876,1712189580.7435918,143542.41842154,132.9,-0.0,133.6,ASK
877,1712189610.7350311,143542.41842154,132.9,-0.0,133.6,ASK
878,1712189640.3509955,143542.41842154,132.9,-0.0,133.6,ASK
879,1712189640.6933684,143542.41842154,132.9,-0.0,133.6,ASK
880,1712189670.48711,143542.41842154,132.9,-0.0,133.6,ASK
881,1712189700.3874202,143542.41842154,132.9,-0.0,133.6,ASK
882,1712189700.781881,143542.41842154,132.9,-0.0,133.6,ASK
883,1712189730.5992255,143542.41842154,132.9,-0.0,133.6,ASK
884,1712189760.7306285,143542.41842154,132.9,-0.0,133.6,ASK
885,1712189790.725844,143542.41842154,132.9,-0.0,133.6,ASK
886,1712189801.0764208,144020.16142154,132.9,2.21768356889231e-07,133.6,BID
887,1712189801.088537,144294.86386924,132.9,1.275169085886881e-07,133.6,BID
888,1712189820.4861317,144294.86386924,132.9,0.0,133.6,BID
889,1712189833.4651785,144417.76212567,132.9,5.704673700487272e-08,133.6,BID
890,1712189833.4712272,145046.83597319,133.0,2.920025993742064e-07,133.6,BID
891,1712189850.4710624,145046.83597319,133.0,0.0,133.6,BID
892,1712189880.7351968,145046.83597319,133.0,0.0,133.6,BID
893,1712189886.7567167,145197.893375,132.4,-7.011435429997926e-08,133.6,ASK
894,1712189886.760057,147375.80460465,132.4,-1.0108927981009278e-06,133.6,ASK
895,1712189886.7652192,147833.01279555,132.3,-2.1221639391051925e-07,133.6,ASK
896,1712189910.775795,147833.01279555,132.3,-0.0,133.6,ASK
897,1712189932.116241,147833.01279631,132.3,3.527070449409758e-16,133.6,BID
898,1712189932.1303897,150258.82794731,132.3,1.1257664118543036e-06,133.6,BID
899,1712189940.4613156,150258.82794731,132.3,0.0,133.6,BID
900,1712189970.4779785,150258.82794731,132.3,0.0,133.6,BID
901,1712189994.6062586,150304.04271746,132.7,2.098003612668061e-08,133.6,BID
902,1712190000.5382392,150304.04271746,132.7,0.0,133.6,BID
903,1712190011.5067668,150904.04271746,132.6,2.816407604354017e-07,133.6,BID
904,1712190011.5122511,163775.5868458,132.7,6.041919127139179e-06,133.6,BID
905,1712190011.525964,164861.06981006,132.7,5.095270791564381e-07,133.6,BID
906,1712190011.7335732,168143.34971976,132.8,1.5407063495495871e-06,133.6,BID
907,1712190013.3772058,170395.70469176,132.7,-1.0572582784742303e-06,133.6,ASK
908,1712190013.495787,170395.70469196,132.7,-9.388096832903491e-17,133.6,ASK
909,1712190030.5352712,170395.70469196,132.7,-0.0,133.6,ASK
910,1712190042.436262,171265.56307564,132.4,-4.078022117153843e-07,133.6,ASK
911,1712190051.84634,178824.14206279,132.3,-3.5435713286395747e-06,133.6,ASK
912,1712190051.8524473,179202.07101214,132.3,-1.7717856642846128e-07,133.6,ASK
913,1712190060.7352338,179202.07101214,132.3,-0.0,133.6,ASK
914,1712190063.4351044,179785.50645748,132.3,2.733736590000715e-07,133.6,BID
915,1712190071.0455782,181357.81170562,132.3,-7.367170475879552e-07,133.6,ASK
916,1712190073.5553951,181663.74227216,132.3,-1.433463788376166e-07,133.6,ASK
917,1712190080.8850825,181814.9138519,132.4,7.083273431607238e-08,133.6,BID
918,1712190086.475705,183203.24247216,132.4,6.505132278924562e-07,133.6,BID
919,1712190086.480283,186214.0098719,132.4,1.4107207696052946e-06,133.6,BID
920,1712190086.4869888,188547.3086719,132.4,1.0932870733021068e-06,133.6,BID
921,1712190086.6147697,188547.30867216,132.4,1.2181796528101624e-16,133.6,BID
922,1712190088.519036,190412.58712252,132.3,-8.739921427498076e-07,133.6,ASK
923,1712190090.7411883,190412.58712252,132.3,-0.0,133.6,ASK
924,1712190119.304753,191100.93089725,132.5,-3.223052645863825e-07,133.6,ASK
925,1712190120.5010512,191100.93089725,132.5,-0.0,133.6,ASK
926,1712190150.532776,191100.93089725,132.5,-0.0,133.6,ASK
927,1712190166.7807257,194383.21080695,132.7,1.5368061099418634e-06,133.6,BID
928,1712190166.9014132,213886.69925395,132.8,9.131786756501705e-06,133.6,BID
929,1712190166.914596,213886.69925455,132.8,2.809299366699519e-16,133.6,BID
930,1712190180.726309,213886.69925455,132.8,0.0,133.6,BID
931,1712190181.6999636,216947.55070579,133.3,-1.4311030766721474e-06,133.6,ASK
932,1712190181.7056594,216955.83985304,133.3,-3.875596160560163e-09,133.6,ASK
933,1712190199.1073406,316749.29913247,132.3,-4.665849646139902e-05,133.6,ASK
934,1712190199.1132452,321002.81424914,132.7,-1.9887337452041053e-06,133.6,ASK
935,1712190199.1186135,324063.66570038,132.5,-1.431103076672161e-06,133.6,ASK
936,1712190199.124426,327679.84005741,132.2,-1.6907446606179086e-06,133.6,ASK
937,1712190199.1362112,357591.95616936,132.2,-1.3985429243959047e-05,133.6,ASK
938,1712190199.1542394,365603.93149046,132.1,-3.7460042458455488e-06,133.6,ASK
939,1712190199.1722815,365643.93149046,132.0,-1.8702025883580747e-08,133.6,ASK
940,1712190199.1853216,366399.78938917,132.3,-3.534018496495865e-07,133.6,ASK
941,1712190199.190411,422692.73730356,131.7,-2.6319804223949625e-05,133.6,ASK
942,1712190199.195366,422844.02323396,132.2,-7.073383465404006e-08,133.6,ASK
943,1712190199.1986458,424901.84167677,131.8,-9.62134344528578e-07,133.6,ASK
944,1712190199.2019694,425574.89196639,132.3,-3.1468509843562134e-07,133.6,ASK
945,1712190199.2052927,435574.89196639,131.8,-4.675506470895187e-06,133.6,ASK
946,1712190199.208649,445574.89196639,132.0,-4.675506470895187e-06,133.6,ASK
947,1712190199.2119956,447090.8259569,131.8,-7.087759182079495e-07,133.6,ASK
948,1712190199.2153423,447281.33353265,132.0,-8.907194031736879e-08,133.6,ASK
949,1712190199.2189667,447581.33353265,131.7,-1.402651941268556e-07,133.6,ASK
950,1712190210.74118,447581.33353265,131.7,-0.0,133.6,ASK
951,1712190222.5349717,447635.69983265,131.9,-2.5057288120582813e-08,133.6,ASK
952,1712190222.5498834,454143.83353265,131.9,-2.99958211701352e-06,133.6,ASK
953,1712190240.496361,454143.83353265,131.9,-0.0,133.6,ASK
954,1712190257.6848912,455452.35625992,132.0,-6.028542575661595e-07,133.6,ASK
955,1712190257.6885,458908.7119038,131.9,-1.5923901604087329e-06,133.6,ASK
956,1712190257.6918688,461634.47023676,132.0,-1.2557940201388044e-06,133.6,ASK
957,1712190270.5282185,461634.47023676,132.0,-0.0,133.6,ASK
958,1712190300.7015696,461634.47023676,132.0,-0.0,133.6,ASK
959,1712190330.724485,461634.47023676,132.0,-0.0,133.6,ASK
960,1712190360.5131707,461634.47023676,132.0,-0.0,133.6,ASK
961,1712190366.1845045,462386.91568446,132.9,-3.534256022565231e-07,133.6,ASK
962,1712190370.66492,463139.36113216,132.9,-3.5342560225649575e-07,133.6,ASK
963,1712190382.004602,463891.80657986,132.9,3.5342560225649575e-07,133.6,BID
964,1712190385.774548,464644.25202756,132.9,3.534256022565231e-07,133.6,BID
965,1712190390.507979,464644.25202756,132.9,0.0,133.6,BID
966,1712190391.909954,465396.1317268,132.9,3.530935291364538e-07,133.6,BID
967,1712190394.285394,466045.62906454,132.9,3.05013298509265e-07,133.6,BID
968,1712190394.2941003,466148.01142604,132.9,4.808023062718879e-08,133.6,BID
969,1712190420.7372105,466148.01142604,132.9,0.0,133.6,BID
970,1712190450.7241676,466148.01142604,132.9,0.0,133.6,BID
971,1712190476.6743107,466900.45687374,132.9,3.533260523080052e-07,133.6,BID
972,1712190480.4963796,466900.45687374,132.9,0.0,133.6,BID
973,1712190510.5251265,466900.45687374,132.9,0.0,133.6,BID
974,1712190540.5273497,466900.45687374,132.9,0.0,133.6,BID
975,1712190541.9355383,467857.66704444,132.9,4.494563843946826e-07,133.6,BID
976,1712190541.9432657,478256.73226877,132.9,4.882863136936713e-06,133.6,BID
977,1712190555.91861,478332.09021903,132.9,3.538419554660703e-08,133.6,BID
978,1712190555.92233,480958.36578982,132.9,1.2331631637471625e-06,133.6,BID
979,1712190555.9851952,485781.18674582,132.9,-2.2645472601712214e-06,133.6,ASK
980,1712190570.5251064,485781.18674582,132.9,-0.0,133.6,ASK
981,1712190573.5058432,485824.27124582,133.0,2.0206445143837896e-08,133.6,BID
982,1712190573.5855253,487826.29952777,133.0,-9.389426512002736e-07,133.6,ASK
983,1712190600.6493356,487826.29952777,133.0,-0.0,133.6,ASK
984,1712190630.5074117,487826.29952777,133.0,-0.0,133.6,ASK
985,1712190660.729645,487826.29952777,133.0,-0.0,133.6,ASK
986,1712190690.741294,487826.29952777,133.0,-0.0,133.6,ASK
987,1712190702.0288122,488237.78689958,133.0,1.944770991115875e-07,133.6,BID
988,1712190702.032668,490034.86661866,133.1,8.493355436442366e-07,133.6,BID
989,1712190702.03769,490080.58743775,133.0,2.1608566567969445e-08,133.6,BID
990,1712190720.5420506,490080.58743775,133.0,0.0,133.6,BID
991,1712190750.4833028,490080.58743775,133.0,0.0,133.6,BID
992,1712190780.530794,490080.58743775,133.0,0.0,133.6,BID
993,1712190810.477678,490080.58743775,133.0,0.0,133.6,BID
994,1712190840.7130957,490080.58743775,133.0,0.0,133.6,BID
995,1712190870.7238717,490080.58743775,133.0,0.0,133.6,BID
996,1712190900.554097,490080.58743775,133.0,0.0,133.6,BID
997,1712190930.5240743,490080.58743775,133.0,0.0,133.6,BID
998,1712190960.7612336,490080.58743775,133.0,0.0,133.6,BID
999,1712190990.735629,490080.58743775,133.0,0.0,133.6,BID
1000,1712191020.47736,490080.58743775,133.0,0.0,133.6,BID
1201,1712191050.5465045,490080.58743775,133.0,0.0,133.6,BID
1202,1712191059.813506,490118.1889415,133.0,1.8612921324123385e-08,133.6,BID
1203,1712191070.733353,490268.56488134,133.0,7.443679795084816e-08,133.6,BID
1204,1712191080.7266898,490268.56488134,133.0,0.0,133.6,BID
1205,1712191110.7271187,490268.56488134,133.0,0.0,133.6,BID
1206,1712191120.9644518,490574.54048134,133.0,1.5145748766579534e-07,133.6,BID
1207,1712191120.9670198,491148.20753195,133.0,2.839643757281188e-07,133.6,BID
1208,1712191121.104141,491565.95378087,133.0,-2.0678380022207464e-07,133.6,ASK
1209,1712191140.5141249,491565.95378087,133.0,-0.0,133.6,ASK
1210,1712191170.540403,491565.95378087,133.0,-0.0,133.6,ASK
1211,1712191200.597009,491565.95378087,133.0,-0.0,133.6,ASK
1212,1712191230.5297244,491565.95378087,133.0,-0.0,133.6,ASK
1213,1712191247.3854842,496565.95378087,132.9,2.514915466196451e-06,133.6,BID
1214,1712191247.3950398,501565.95378087,132.9,2.514915466196451e-06,133.6,BID
1215,1712191260.7351692,501565.95378087,132.9,0.0,133.6,BID
1216,1712191287.1321113,588873.12458598,132.9,4.388469547115278e-05,133.6,BID
1217,1712191287.2250783,595104.61054091,132.9,3.132238290888088e-06,133.6,BID
1218,1712191287.2271447,596359.4130603,132.9,6.307228367620282e-07,133.6,BID
1219,1712191287.3051262,603878.2100523,133.0,3.779301439510461e-06,133.6,BID
1220,1712191287.3250155,603878.21005278,133.0,2.4126073790262013e-16,133.6,BID
1221,1712191290.7380283,603878.21005278,133.0,0.0,133.6,BID
1222,1712191320.5388224,603878.21005278,133.0,0.0,133.6,BID
1223,1712191328.2859282,604878.21005278,133.3,4.99234811241299e-07,133.6,BID
1224,1712191331.9956632,611380.08552164,133.3,-3.2459625724107704e-06,133.6,ASK
1225,1712191350.5079272,611380.08552164,133.3,-0.0,133.6,ASK
1226,1712191355.9559784,614534.78370196,133.2,1.5741492804564183e-06,133.6,BID
1227,1712191355.9586756,618881.9609905,133.3,2.1691793032567487e-06,133.6,BID
1228,1712191359.5361483,618977.99330196,133.3,4.7918750176601056e-08,133.6,BID
1229,1712191359.5454822,624581.64560196,133.3,2.7961423666457355e-06,133.6,BID
1230,1712191359.635751,626383.83645936,133.3,-8.992674668907725e-07,133.6,ASK
1231,1712191372.0358374,627379.97735936,133.3,4.970600644937641e-07,133.6,BID
1232,1712191374.4461582,633885.71192822,133.3,-3.246268519219403e-06,133.6,ASK
1233,1712191380.7198474,633885.71192822,133.3,-0.0,133.6,ASK
1234,1712191410.7262363,633885.71192822,133.3,-0.0,133.6,ASK
1235,1712191440.514844,633885.71192822,133.3,-0.0,133.6,ASK
1236,1712191470.529568,633885.71192822,133.3,-0.0,133.6,ASK
1237,1712191500.551435,633885.71192822,133.3,-0.0,133.6,ASK
1238,1712191530.5179658,633885.71192822,133.3,-0.0,133.6,ASK
1239,1712191560.751659,633885.71192822,133.3,-0.0,133.6,ASK
1240,1712191590.7314212,633885.71192822,133.3,-0.0,133.6,ASK
1241,1712191599.275456,645138.52513152,133.3,5.746934442152979e-06,133.6,BID
1242,1712191620.512669,645138.52513152,133.3,0.0,133.6,BID
1243,1712191650.54515,645138.52513152,133.3,0.0,133.6,BID
1244,1712191680.740549,645138.52513152,133.3,0.0,133.6,BID
1245,1712191710.7217486,645138.52513152,133.3,0.0,133.6,BID
1246,1712191740.488669,645138.52513152,133.3,0.0,133.6,BID
1247,1712191770.5286844,645138.52513152,133.3,0.0,133.6,BID
1248,1712191800.5889478,645138.52513152,133.3,0.0,133.6,BID
1249,1712191830.4816806,645138.52513152,133.3,0.0,133.6,BID
1250,1712191836.3893008,645734.74876026,133.3,3.050213872651559e-07,133.6,BID
1251,1712191836.3915827,653009.16929606,133.7,3.7215127620305616e-06,133.7,BID
1252,1712191836.3937333,660093.87306775,133.8,3.624455772359433e-06,133.8,BID
1253,1712191860.759257,660093.87306775,133.8,0.0,133.8,BID
1254,1712191861.9188385,660707.50003471,133.1,-3.136038693167456e-07,133.8,ASK
1255,1712191890.7324648,660707.50003471,133.1,-0.0,133.8,ASK
1256,1712191920.4724257,660707.50003471,133.1,-0.0,133.8,ASK
1257,1712191950.5525236,660707.50003471,133.1,-0.0,133.8,ASK
1258,1712191980.5700088,660707.50003471,133.1,-0.0,133.8,ASK
1259,1712192010.5314312,660707.50003471,133.1,-0.0,133.8,ASK
1260,1712192040.733377,660707.50003471,133.1,-0.0,133.8,ASK
1261,1712192070.75466,660707.50003471,133.1,-0.0,133.8,ASK
1262,1712192079.700761,660821.45922308,133.8,5.8238233769767184e-08,133.8,BID
1263,1712192079.7039087,662535.93897144,133.9,8.761757064679e-07,133.9,BID
1264,1712192079.705235,662574.65011625,133.9,1.9783123530385584e-08,133.9,BID
1265,1712192100.550877,662574.65011625,133.9,0.0,133.9,BID
1266,1712192130.5334866,662574.65011625,133.9,0.0,133.9,BID
1267,1712192160.7603428,662574.65011625,133.9,0.0,133.9,BID
1268,1712192190.7503226,662574.65011625,133.9,0.0,133.9,BID
1269,1712192220.5256283,662574.65011625,133.9,0.0,133.9,BID
1270,1712192250.5448828,662574.65011625,133.9,0.0,133.9,BID
1271,1712192280.591016,662574.65011625,133.9,0.0,133.9,BID
1272,1712192310.5457969,662574.65011625,133.9,0.0,133.9,BID
1273,1712192340.7502625,662574.65011625,133.9,0.0,133.9,BID
1274,1712192363.4612648,663829.45263564,133.8,6.477433784168905e-07,133.9,BID
1275,1712192363.4640267,667512.38138132,133.9,1.9011698425303432e-06,133.9,BID
1276,1712192363.466278,670196.15048966,133.8,1.385392236837499e-06,133.9,BID
1277,1712192370.7513795,670196.15048966,133.8,0.0,133.9,BID
1278,1712192400.8510828,670196.15048966,133.8,0.0,133.9,BID
1279,1712192430.7476797,670196.15048966,133.8,0.0,133.9,BID
1280,1712192460.5121117,670196.15048966,133.8,0.0,133.9,BID
1281,1712192490.5322251,670196.15048966,133.8,0.0,133.9,BID
1282,1712192520.755773,670196.15048966,133.8,0.0,133.9,BID
1283,1712192550.7519474,670196.15048966,133.8,0.0,133.9,BID
1284,1712192580.5282252,670196.15048966,133.8,0.0,133.9,BID
1285,1712192610.5029223,670196.15048966,133.8,0.0,133.9,BID
1286,1712192640.707609,670196.15048966,133.8,0.0,133.9,BID
1287,1712192670.7603528,670196.15048966,133.8,0.0,133.9,BID
1288,1712192700.5114608,670196.15048966,133.8,0.0,133.9,BID
1289,1712192730.505916,670196.15048966,133.8,0.0,133.9,BID
1290,1712192760.7922034,670196.15048966,133.8,0.0,133.9,BID
1291,1712192765.4702215,670838.40783632,133.8,3.369589636563104e-07,133.9,BID
1292,1712192790.7411618,670838.40783632,133.8,0.0,133.9,BID
1293,1712192820.5636425,670838.40783632,133.8,0.0,133.9,BID
1294,1712192850.4965234,670838.40783632,133.8,0.0,133.9,BID
1295,1712192880.7555609,670838.40783632,133.8,0.0,133.9,BID
1296,1712192910.7147677,670838.40783632,133.8,0.0,133.9,BID
1297,1712192940.534612,670838.40783632,133.8,0.0,133.9,BID
1298,1712192970.544748,670838.40783632,133.8,0.0,133.9,BID
1299,1712193000.5484805,670838.40783632,133.8,0.0,133.9,BID
1300,1712193005.0995653,672323.40636694,133.8,7.818369235194273e-07,133.9,BID
1301,1712193005.1028066,672403.86747757,133.7,4.2361972689371214e-08,133.9,BID
1302,1712193030.5326896,672403.86747757,133.7,0.0,133.9,BID
1303,1712193060.7149873,672403.86747757,133.7,0.0,133.9,BID
1304,1712193082.4892852,674647.69694557,133.7,-1.1812235900761487e-06,133.9,ASK
1305,1712193082.5133507,674647.69694653,133.7,-5.054153200158312e-16,133.9,ASK
1306,1712193090.7597468,674647.69694653,133.7,-0.0,133.9,ASK
1307,1712193120.512611,674647.69694653,133.7,-0.0,133.9,ASK
1308,1712193150.5450869,674647.69694653,133.7,-0.0,133.9,ASK
1309,1712193180.744475,674647.69694653,133.7,-0.0,133.9,ASK
1310,1712193198.1783104,677298.06338102,133.7,1.395017335849462e-06,133.9,BID
1311,1712193198.1880934,685675.02673181,133.7,4.409205060875472e-06,133.9,BID
1312,1712193210.7329974,685675.02673181,133.7,0.0,133.9,BID
1313,1712193240.470746,685675.02673181,133.7,0.0,133.9,BID
1314,1712193270.4917817,685675.02673181,133.7,0.0,133.9,BID
1315,1712193300.577231,685675.02673181,133.7,0.0,133.9,BID
1316,1712193322.0781112,688175.02673181,133.8,1.3157737641850143e-06,133.9,BID
1317,1712193330.5133488,688175.02673181,133.8,0.0,133.9,BID
1318,1712193360.718361,688175.02673181,133.8,0.0,133.9,BID
1319,1712193363.9161215,692106.56007281,133.7,-2.068839149014689e-06,133.9,ASK
1320,1712193390.7482777,692106.56007281,133.7,-0.0,133.9,ASK
1321,1712193420.5395892,692106.56007281,133.7,-0.0,133.9,ASK
1322,1712193450.5533297,692106.56007281,133.7,-0.0,133.9,ASK
1323,1712193480.6897838,692106.56007281,133.7,-0.0,133.9,ASK
1324,1712193510.7036643,692106.56007281,133.7,-0.0,133.9,ASK
1325,1712193540.5207975,692106.56007281,133.7,-0.0,133.9,ASK
1326,1712193546.9985547,692736.85407381,133.7,3.315796170015769e-07,133.9,BID
1327,1712193547.0018828,693602.44638545,133.7,4.553633173054326e-07,133.9,BID
1328,1712193570.5349803,693602.44638545,133.7,0.0,133.9,BID
1329,1712193600.5115075,693602.44638545,133.7,0.0,133.9,BID
1330,1712193615.4615126,693888.11506943,133.6,1.5034354952050544e-07,133.9,BID
1331,1712193630.5183415,693888.11506943,133.6,0.0,133.9,BID
1332,1712193656.9679615,700363.99851502,133.6,3.408101071991509e-06,133.9,BID
1333,1712193660.588463,700363.99851502,133.6,0.0,133.9,BID
1334,1712193688.078536,701116.44396272,133.6,-3.958136456184165e-07,133.9,ASK
1335,1712193690.5132382,701116.44396272,133.6,-0.0,133.9,ASK
1336,1712193720.720597,701116.44396272,133.6,-0.0,133.9,ASK
1337,1712193750.7308018,701116.44396272,133.6,-0.0,133.9,ASK
1338,1712193780.0590584,703116.44396272,133.8,1.0520170386601955e-06,133.9,BID
1339,1712193780.5169706,703116.44396272,133.8,0.0,133.9,BID
1340,1712193810.5434532,703116.44396272,133.8,0.0,133.9,BID
1341,1712193840.710591,703116.44396272,133.8,0.0,133.9,BID
1342,1712193844.7037215,703490.13604044,133.8,1.9653755188468769e-07,133.9,BID
1343,1712193870.7307186,703490.13604044,133.8,0.0,133.9,BID
1344,1712193900.5639703,703490.13604044,133.8,0.0,133.9,BID
1345,1712193930.5014584,703490.13604044,133.8,0.0,133.9,BID
1346,1712193937.9584432,708216.13945048,133.8,2.4863616918095874e-06,133.9,BID
1347,1712193937.9612062,740365.0478491,133.8,1.691361756235948e-05,133.9,BID
1348,1712193952.8184044,740738.73992682,133.8,1.966002954212943e-07,133.9,BID
1349,1712193960.7384694,740738.73992682,133.8,0.0,133.9,BID
1350,1712193990.7310898,740738.73992682,133.8,0.0,133.9,BID
1351,1712194008.889084,741138.73992682,133.8,2.0989061833238306e-07,133.9,BID
1352,1712194008.8926308,745910.92489357,133.8,2.504092133669139e-06,133.9,BID
1353,1712194009.008643,746920.06579357,133.8,-5.295230187137431e-07,133.9,ASK
1354,1712194009.0120883,747819.82919357,133.8,-4.721297409470858e-07,133.9,ASK
1355,1712194009.1286502,762867.76488157,133.8,-7.896051315450665e-06,133.9,ASK
1356,1712194009.1313596,765124.40368157,133.8,-1.1841182827120947e-06,133.9,ASK
1357,1712194009.134236,773924.31616,133.8,-4.617547678421358e-06,133.9,ASK
1358,1712194020.5231147,773924.31616,133.8,-0.0,133.9,ASK
1359,1712194050.5888245,773924.31616,133.8,-0.0,133.9,ASK
1360,1712194080.7047234,773924.31616,133.8,-0.0,133.9,ASK
1361,1712194110.7286725,773924.31616,133.8,-0.0,133.9,ASK
1362,1712194140.5460782,773924.31616,133.8,-0.0,133.9,ASK
1363,1712194170.5202038,773924.31616,133.8,-0.0,133.9,ASK
1364,1712194200.6799664,773924.31616,133.8,-0.0,133.9,ASK
1365,1712194230.5391464,773924.31616,133.8,-0.0,133.9,ASK
1366,1712194260.7444868,773924.31616,133.8,-0.0,133.9,ASK
1367,1712194290.7238157,773924.31616,133.8,-0.0,133.9,ASK
1368,1712194314.0384874,774924.31616,133.4,-5.245659259329642e-07,133.9,ASK
1369,1712194320.542427,774924.31616,133.4,-0.0,133.9,ASK
1370,1712194350.5091574,774924.31616,133.4,-0.0,133.9,ASK
1371,1712194380.7387202,774924.31616,133.4,-0.0,133.9,ASK
1372,1712194410.7272685,774924.31616,133.4,-0.0,133.9,ASK
1373,1712194440.5315695,774924.31616,133.4,-0.0,133.9,ASK
1374,1712194450.9285767,775373.04232165,133.4,2.353699839686181e-07,133.9,BID
1375,1712194470.5394988,775373.04232165,133.4,0.0,133.9,BID
1376,1712194476.8188229,775448.00484039,133.4,3.9318797005959824e-08,133.9,BID
1377,1712194500.7286508,775448.00484039,133.4,0.0,133.9,BID
1378,1712194530.7262154,775448.00484039,133.4,0.0,133.9,BID
1379,1712194560.573293,775448.00484039,133.4,0.0,133.9,BID
1380,1712194590.5332882,775448.00484039,133.4,0.0,133.9,BID
1381,1712194598.890769,775498.00484039,133.3,-2.6382848372070842e-08,133.9,ASK
1382,1712194598.8944397,776828.27060615,133.2,-7.019239998521053e-07,133.9,ASK
1383,1712194598.8980832,786828.27060615,133.0,-5.276569674414169e-06,133.9,ASK
1384,1712194598.900373,787579.58540705,133.1,-3.964364894367151e-07,133.9,ASK
1385,1712194598.9019444,787624.46199642,133.1,-2.3679445056128323e-08,133.9,ASK
1386,1712194598.903563,787724.46199642,133.0,-5.2765696744141684e-08,133.9,ASK
1387,1712194598.9051657,788473.89973066,133.3,-3.954460421352278e-07,133.9,ASK
1388,1712194598.9067788,792831.52557588,133.1,-2.2993316387330947e-06,133.9,ASK
1389,1712194620.7427793,792831.52557588,133.1,-0.0,133.9,ASK
1390,1712194650.7593749,792831.52557588,133.1,-0.0,133.9,ASK
1391,1712194668.0991657,804516.72091772,133.1,-6.1582586686581086e-06,133.9,ASK
1392,1712194668.1028929,804707.82239177,133.1,-1.0071310532120165e-07,133.9,ASK
1393,1712194680.5131254,804707.82239177,133.1,-0.0,133.9,ASK
1394,1712194710.509015,804707.82239177,133.1,-0.0,133.9,ASK
1395,1712194740.7387407,804707.82239177,133.1,-0.0,133.9,ASK
1396,1712194770.7282624,804707.82239177,133.1,-0.0,133.9,ASK
1397,1712194800.5615778,804707.82239177,133.1,-0.0,133.9,ASK
1398,1712194830.5203516,804707.82239177,133.1,-0.0,133.9,ASK
1399,1712194860.741546,804707.82239177,133.1,-0.0,133.9,ASK
1400,1712194879.3978202,804807.82239177,133.1,5.28593625508422e-08,133.9,BID
1401,1712194890.7416344,804807.82239177,133.1,0.0,133.9,BID
1402,1712194920.4905734,804807.82239177,133.1,0.0,133.9,BID
1403,1712194950.501648,804807.82239177,133.1,0.0,133.9,BID
1404,1712194980.749862,804807.82239177,133.1,0.0,133.9,BID
1405,1712195010.7376974,804807.82239177,133.1,0.0,133.9,BID
1406,1712195040.5425792,804807.82239177,133.1,0.0,133.9,BID
1407,1712195070.527427,804807.82239177,133.1,0.0,133.9,BID
1408,1712195100.51642,804807.82239177,133.1,0.0,133.9,BID
1409,1712195125.7771635,812320.97040078,133.1,3.986162113112122e-06,133.9,BID
1410,1712195130.5731173,812320.97040078,133.1,0.0,133.9,BID
1411,1712195160.7372994,812320.97040078,133.1,0.0,133.9,BID
1412,1712195190.7554414,812320.97040078,133.1,0.0,133.9,BID
1413,1712195220.5070736,812320.97040078,133.1,0.0,133.9,BID
1414,1712195248.4491763,812447.04193471,133.1,6.685281393862637e-08,133.9,BID
1415,1712195248.4509706,812857.17968082,133.1,2.174865457345593e-07,133.9,BID
1416,1712195248.4526806,816051.90165978,133.5,1.6940870582537682e-06,133.9,BID
1417,1712195248.4543962,818532.69599865,133.4,1.3155077691728278e-06,133.9,BID
1418,1712195250.5263283,818532.69599865,133.4,0.0,133.9,BID
1419,1712195280.732264,818532.69599865,133.4,0.0,133.9,BID
1420,1712195310.742385,818532.69599865,133.4,0.0,133.9,BID
1421,1712195310.9518063,847381.31385839,132.8,-1.5291033428029835e-05,133.9,ASK
1422,1712195310.9549458,851253.64685717,132.8,-2.0525064187370686e-06,133.9,ASK
1423,1712195340.571341,851253.64685717,132.8,-0.0,133.9,ASK
1424,1712195352.5263934,861125.20935717,132.8,5.220337721088603e-06,133.9,BID
1425,1712195370.5273807,861125.20935717,132.8,0.0,133.9,BID
1426,1712195400.5775316,861125.20935717,132.8,0.0,133.9,BID
1427,1712195430.4976935,861125.20935717,132.8,0.0,133.9,BID
1428,1712195460.7267566,861125.20935717,132.8,0.0,133.9,BID
1429,1712195490.7647555,861125.20935717,132.8,0.0,133.9,BID
1430,1712195520.557618,861125.20935717,132.8,0.0,133.9,BID
1431,1712195550.521295,861125.20935717,132.8,0.0,133.9,BID
1432,1712195580.7125096,861125.20935717,132.8,0.0,133.9,BID
1433,1712195610.7424662,861125.20935717,132.8,0.0,133.9,BID
1434,1712195640.4916575,861125.20935717,132.8,0.0,133.9,BID
1435,1712195670.4826794,861125.20935717,132.8,0.0,133.9,BID
1436,1712195700.7657266,861125.20935717,132.8,0.0,133.9,BID
1437,1712195730.746293,861125.20935717,132.8,0.0,133.9,BID
1438,1712195760.7164896,861125.20935717,132.8,0.0,133.9,BID
1439,1712195790.7616796,861125.20935717,132.8,0.0,133.9,BID
1440,1712195799.9062393,868006.78363027,132.8,3.826699252616291e-06,133.9,BID
1441,1712195820.5104277,868006.78363027,132.8,0.0,133.9,BID
1442,1712195850.531737,868006.78363027,132.8,0.0,133.9,BID
1443,1712195878.5875626,890023.49419711,132.8,1.2236812821988305e-05,133.9,BID
1444,1712195878.5997598,892089.34405157,132.8,1.148192320129521e-06,133.9,BID
1445,1712195880.7316785,892089.34405157,132.8,0.0,133.9,BID
1446,1712195881.8161871,895150.19550281,132.8,1.6981922367529283e-06,133.9,BID
1447,1712195910.752516,895150.19550281,132.8,0.0,133.9,BID
1448,1712195940.5078924,895150.19550281,132.8,0.0,133.9,BID
1449,1712195970.5193074,895150.19550281,132.8,0.0,133.9,BID
1450,1712196000.9264486,895150.19550281,132.8,0.0,133.9,BID
1451,1712196030.7517242,895150.19550281,132.8,0.0,133.9,BID
1452,1712196060.5119026,895150.19550281,132.8,0.0,133.9,BID
1453,1712196090.5172403,895150.19550281,132.8,0.0,133.9,BID
1454,1712196120.7371218,895150.19550281,132.8,0.0,133.9,BID
1455,1712196150.738281,895150.19550281,132.8,0.0,133.9,BID
1456,1712196161.7604718,895904.34331578,132.6,-4.192024003143709e-07,133.9,ASK
1457,1712196161.7624488,906507.66156615,132.6,-5.893985748425827e-06,133.9,ASK
1458,1712196175.546943,910379.99456494,133.3,2.152484247771278e-06,133.9,BID
1459,1712196175.5571568,912532.6425112,132.8,1.1965760167758974e-06,133.9,BID
1460,1712196175.561171,938252.28722953,133.6,1.4296582998357444e-05,133.9,BID
1461,1712196175.564351,952649.61314964,133.4,8.00293189215641e-06,133.9,BID
1462,1712196175.567653,961997.87685471,133.3,5.196348138309113e-06,133.9,BID
1463,1712196177.1381445,965870.2098535,132.8,-2.152484247771278e-06,133.9,ASK
1464,1712196177.1437511,967072.96798348,132.8,-6.685680000841024e-07,133.9,ASK
1465,1712196177.1548142,970945.30098227,132.8,-2.1524842477713428e-06,133.9,ASK
1466,1712196180.5326571,970945.30098227,132.8,-0.0,133.9,ASK
1467,1712196191.619593,974817.63398106,132.9,-2.140468229245517e-06,133.9,ASK
1468,1712196191.6241295,994447.82266031,132.5,-1.0850770121050896e-05,133.9,ASK
1469,1712196191.6278336,1026435.51627083,132.5,-1.7681496379973806e-05,133.9,ASK
1470,1712196210.5236082,1026435.51627083,132.5,-0.0,133.9,ASK
1471,1712196240.7311652,1026435.51627083,132.5,-0.0,133.9,ASK
1472,1712196270.7335055,1026435.51627083,132.5,-0.0,133.9,ASK
1473,1712196299.3468356,1026511.01627083,133.0,4.1564371202811124e-08,133.9,BID
1474,1712196300.5388582,1026511.01627083,133.0,0.0,133.9,BID
1475,1712196330.498245,1026511.01627083,133.0,0.0,133.9,BID
1476,1712196360.7639074,1026511.01627083,133.0,0.0,133.9,BID
1477,1712196390.7316446,1026511.01627083,133.0,0.0,133.9,BID
1478,1712196399.7665346,1026586.20424075,133.0,4.174661982253403e-08,133.9,BID
1479,1712196420.5136511,1026586.20424075,133.0,0.0,133.9,BID
1480,1712196450.5161626,1026586.20424075,133.0,0.0,133.9,BID
1481,1712196470.4764724,1031982.8883529,132.4,-2.996384518459084e-06,133.9,ASK
1482,1712196470.6364958,1097772.38326514,132.4,-3.652810131844894e-05,133.9,ASK
1483,1712196480.7317004,1097772.38326514,132.4,-0.0,133.9,ASK
1484,1712196499.9766564,1097847.57123506,133.0,4.152906469732181e-08,133.9,BID
1485,1712196500.3030603,1104891.37842602,132.4,-3.890552236748951e-06,133.9,ASK
1486,1712196510.7367496,1104891.37842602,132.4,-0.0,133.9,ASK
1487,1712196529.980007,1112444.24851665,132.4,4.169555481817447e-06,133.9,BID
1488,1712196540.4828186,1112444.24851665,132.4,0.0,133.9,BID
1489,1712196570.5611446,1112444.24851665,132.4,0.0,133.9,BID
1490,1712196600.541198,1112444.24851665,132.4,0.0,133.9,BID
1491,1712196618.6368787,1112595.30591846,132.4,8.352058464542367e-08,133.9,BID
1492,1712196630.502839,1112595.30591846,132.4,0.0,133.9,BID
1493,1712196656.4267457,1126401.30491949,132.3,-7.63333900586472e-06,133.9,ASK
1494,1712196656.4304852,1126671.30491949,132.3,-1.4928304220721228e-07,133.9,ASK
1495,1712196660.7329342,1126671.30491949,132.3,-0.0,133.9,ASK
1496,1712196690.7273152,1126671.30491949,132.3,-0.0,133.9,ASK
1497,1712196720.5540478,1126671.30491949,132.3,-0.0,133.9,ASK
1498,1712196721.6379557,1126709.105373,132.3,-2.0878379421519843e-08,133.9,ASK
1499,1712196721.6414192,1127770.96351449,132.3,-5.864976504558141e-07,133.9,ASK
1500,1712196723.6378098,1127770.96351482,132.3,-1.822257575773757e-16,133.9,ASK
1501,1712196734.324705,1128770.96351482,132.1,-5.523314532700443e-07,133.9,ASK
1502,1712196734.3284442,1128812.05171482,132.1,-2.2694305218313613e-08,133.9,ASK
1503,1712196750.6679468,1128812.05171482,132.1,-0.0,133.9,ASK
1504,1712196780.7201922,1128812.05171482,132.1,-0.0,133.9,ASK
1505,1712196810.7739809,1128812.05171482,132.1,-0.0,133.9,ASK
1506,1712196813.579579,1131080.77458299,132.0,-1.25289115096859e-06,133.9,ASK
1507,1712196840.504412,1131080.77458299,132.0,-0.0,133.9,ASK
1508,1712196870.5176604,1131080.77458299,132.0,-0.0,133.9,ASK
1509,1712196900.5334098,1131080.77458299,132.0,-0.0,133.9,ASK
1510,1712196930.529296,1131080.77458299,132.0,-0.0,133.9,ASK
1511,1712196960.7438605,1131080.77458299,132.0,-0.0,133.9,ASK
1512,1712196990.7427268,1131080.77458299,132.0,-0.0,133.9,ASK
1513,1712197020.7445295,1131080.77458299,132.0,-0.0,133.9,ASK
1514,1712197050.5428329,1131080.77458299,132.0,-0.0,133.9,ASK
1515,1712197080.5389564,1131080.77458299,132.0,-0.0,133.9,ASK
1516,1712197110.524402,1131080.77458299,132.0,-0.0,133.9,ASK
1517,1712197140.7260838,1131080.77458299,132.0,-0.0,133.9,ASK
1518,1712197170.7435625,1131080.77458299,132.0,-0.0,133.9,ASK
1519,1712197174.3444028,1131838.35034056,132.0,-4.193979240028144e-07,133.9,ASK
1520,1712197174.3489954,1135996.32990475,132.0,-2.301879356410129e-06,133.9,ASK
1521,1712197174.3537402,1186303.76569019,132.0,-2.7850461052228367e-05,133.9,ASK
1522,1712197175.4422095,1193885.26682741,131.9,-4.197158905894446e-06,133.9,ASK
1523,1712197175.444379,1193923.97797222,131.9,-2.143069337526764e-08,133.9,ASK
1524,1712197200.5082548,1193923.97797222,131.9,-0.0,133.9,ASK
1525,1712197209.1902237,1194151.97797222,131.9,-1.2638772261628646e-07,133.9,ASK
1526,1712197210.9241507,1196019.12805376,131.9,-1.0350212569677771e-06,133.9,ASK
1527,1712197230.496264,1196019.12805376,131.9,-0.0,133.9,ASK
1528,1712197260.7045543,1196019.12805376,131.9,-0.0,133.9,ASK
1529,1712197267.57777,1205923.97797176,131.9,-5.4897354492989e-06,133.9,ASK
1530,1712197267.5976384,1205923.97797222,131.9,-2.548653267080902e-16,133.9,ASK
1531,1712197290.755429,1205923.97797222,131.9,-0.0,133.9,ASK
1532,1712197316.785648,1206846.27258117,131.7,-5.108093403168785e-07,133.9,ASK
1533,1712197316.7943757,1221653.76970432,131.7,-8.201075625748471e-06,133.9,ASK
1534,1712197320.4662857,1221653.76970432,131.7,-0.0,133.9,ASK
1535,1712197333.6051495,1222032.85123417,131.7,2.097122404393152e-07,133.9,BID
1536,1712197333.6855638,1222087.85123417,131.5,-3.0426629408003994e-08,133.9,ASK
1537,1712197333.6883328,1222847.72965362,131.6,-4.20373437522646e-07,133.9,ASK
1538,1712197333.691084,1222947.72965362,131.5,-5.532114437818908e-08,133.9,ASK
1539,1712197333.6946714,1223005.96135362,131.5,-3.2214442830940494e-08,133.9,ASK
1540,1712197333.8063517,1223195.4936803,131.4,-1.0485145208593377e-07,133.9,ASK
1541,1712197333.8156953,1225795.92206362,131.4,-1.4385867403879231e-06,133.9,ASK
1542,1712197333.8277924,1248839.45123162,131.4,-1.274794404085938e-05,133.9,ASK
1543,1712197340.1148393,1251900.30268286,131.4,-1.693298050542384e-06,133.9,ASK
1544,1712197340.1460893,1253621.6808911,131.4,-9.522861238751504e-07,133.9,ASK
1545,1712197343.4784925,1253661.6808911,131.3,-2.2128457751275632e-08,133.9,ASK
1546,1712197343.4857376,1253700.59857403,131.2,-2.1529707562293512e-08,133.9,ASK
1547,1712197343.4933808,1254494.85162281,131.2,-4.393898758437018e-07,133.9,ASK
1548,1712197343.502458,1254644.71834025,131.3,-8.290798312987721e-08,133.9,ASK
1549,1712197343.5770333,1259106.64069714,131.1,-2.468386509097841e-06,133.9,ASK
1550,1712197343.5821755,1259335.47364908,131.1,-1.265930077275428e-07,133.9,ASK
1551,1712197346.0383224,1259435.47364908,131.0,-5.532114437818908e-08,133.9,ASK
1552,1712197346.0430984,1260435.47364908,131.0,-5.532114437818908e-07,133.9,ASK
1553,1712197346.0478184,1282046.66341719,131.0,-1.1955557493460651e-05,133.9,ASK
1554,1712197346.124045,1282198.32346302,130.9,-8.390007291755045e-08,133.9,ASK
1555,1712197346.1287782,1282274.71765706,130.9,-4.2262142381412256e-08,133.9,ASK
1556,1712197346.13264,1283274.71765706,130.8,-5.532114437818908e-07,133.9,ASK
1557,1712197346.1363957,1283351.22875116,130.7,-4.232681283243451e-08,133.9,ASK
1558,1712197346.138996,1283427.6229452,130.9,-4.2262142381412256e-08,133.9,ASK
1559,1712197346.1410758,1283627.6229452,130.7,-1.1064228875637817e-07,133.9,ASK
1560,1712197346.1432073,1283666.58398416,130.9,-2.155369261438372e-08,133.9,ASK
1561,1712197346.1453176,1284431.10997804,130.8,-4.229445288830759e-07,133.9,ASK
1562,1712197346.147571,1284890.17654268,130.7,-2.5396087701650384e-07,133.9,ASK
1563,1712197346.2196062,1286278.41877704,130.7,7.67991490789272e-07,133.9,BID
1564,1712197350.494498,1286278.41877704,130.7,0.0,133.9,BID
1565,1712197350.7555225,1286469.20825072,131.0,1.0505416962181205e-07,133.9,BID
1566,1712197358.3235135,1286683.99069346,131.0,1.182653882112139e-07,133.9,BID
1567,1712197376.855791,1286783.99069346,130.7,-5.5062875113314034e-08,133.9,ASK
1568,1712197380.755726,1286783.99069346,130.7,-0.0,133.9,ASK
1569,1712197395.735973,1288692.3027591,130.7,-1.050733188590927e-06,133.9,ASK
1570,1712197395.7399204,1298803.99382275,130.7,-5.567584874957048e-06,133.9,ASK
1571,1712197410.7560446,1298803.99382275,130.7,-0.0,133.9,ASK
1572,1712197420.355988,1298979.45745395,130.7,9.652830011683716e-08,133.9,BID
1573,1712197439.8763938,1299018.55393174,130.6,-2.1508255105716675e-08,133.9,ASK
1574,1712197439.8838606,1299155.45814629,130.5,-7.531549996392338e-08,133.9,ASK
1575,1712197439.8861246,1304349.57754629,130.6,-2.857455490100944e-06,133.9,ASK
1576,1712197439.8883746,1307305.15225893,130.5,-1.6259586156292717e-06,133.9,ASK
1577,1712197439.8906343,1310902.88777555,130.5,-1.979232341847333e-06,133.9,ASK
1578,1712197439.8928652,1310979.45745395,130.6,-4.2123492178453256e-08,133.9,ASK
1579,1712197440.5040972,1310979.45745395,130.6,-0.0,133.9,ASK
1580,1712197445.185663,1311136.50726238,130.5,-8.632277005190747e-08,133.9,ASK
1581,1712197446.2877147,1311235.3235473,130.7,5.4314586727569664e-08,133.9,BID
1582,1712197451.2458785,1312220.37042707,130.7,5.414331678769566e-07,133.9,BID
1583,1712197453.4764955,1313264.43567673,130.5,-5.738727437273621e-07,133.9,ASK
1584,1712197453.4863338,1313802.15730249,130.4,-2.955598654747715e-07,133.9,ASK
1585,1712197453.4902225,1315337.19623463,130.2,-8.437375001249394e-07,133.9,ASK
1586,1712197453.4927485,1315720.92608881,130.3,-2.109179520533655e-07,133.9,ASK
1587,1712197453.4949925,1315935.66688635,130.4,-1.1803274815876917e-07,133.9,ASK
1588,1712197453.4972434,1319101.94470017,130.2,-1.7403515125244156e-06,133.9,ASK
1589,1712197468.2263403,1320174.66250017,130.2,-5.896216805717947e-07,133.9,ASK
1590,1712197468.2313626,1343563.34698372,130.2,-1.2855641485164533e-05,133.9,ASK
1591,1712197468.308185,1347435.67998251,130.2,2.1284362863002003e-06,133.9,BID
1592,1712197468.325665,1349544.3427819,130.2,1.1590311110112976e-06,133.9,BID
1593,1712197468.6470947,1350496.53143375,130.2,-5.233725711694035e-07,133.9,ASK
1594,1712197468.6505208,1351006.61143654,130.1,-2.803665870661973e-07,133.9,ASK
1595,1712197468.6538243,1351806.78053723,130.1,-4.3981469300726426e-07,133.9,ASK
1596,1712197468.6606867,1365366.58316859,130.0,-7.453175118120026e-06,133.9,ASK
1597,1712197468.6640103,1375121.70560737,130.1,-5.361924344442866e-06,133.9,ASK
1598,1712197468.667344,1379455.57706769,130.0,-2.3821219092440084e-06,133.9,ASK
1599,1712197468.6704605,1379686.5239499,129.9,-1.2694045797642481e-07,133.9,ASK
1600,1712197468.6728036,1382763.44702682,130.0,-1.6912374863209338e-06,133.9,ASK
1601,1712197468.675146,1383919.96206151,129.7,-6.356810135531407e-07,133.9,ASK
1602,1712197468.6774852,1383959.96206151,130.0,-2.198608732219428e-08,133.9,ASK
1603,1712197468.6798294,1383998.53569297,129.7,-2.1202080740386453e-08,133.9,ASK
1604,1712197468.6826503,1384384.04070453,129.7,-2.118936711825033e-07,133.9,ASK
1605,1712197468.688332,1395447.35004184,129.5,-6.08097212906364e-06,133.9,ASK
1606,1712197468.692339,1397121.85511622,130.0,-9.203953696693838e-07,133.9,ASK
1607,1712197468.6963408,1397176.85511622,129.9,-3.0230870068017136e-08,133.9,ASK
1608,1712197468.699728,1397292.77819314,130.0,-6.371737229550228e-08,133.9,ASK
1609,1712197468.7024848,1397338.86114245,129.5,-2.5329593689889312e-08,133.9,ASK
1610,1712197468.704838,1400399.71259369,129.8,-1.6824036821807011e-06,133.9,ASK
1611,1712197468.7072628,1412867.70404492,130.0,-6.853058719477809e-06,133.9,ASK
1612,1712197468.7096183,1413638.71406805,129.7,-4.237873423706375e-07,133.9,ASK
1613,1712197468.7120214,1414052.1320819,129.9,-2.272361138268524e-07,133.9,ASK
1614,1712197468.906529,1415796.6524819,129.6,-9.58879446243753e-07,133.9,ASK
1615,1712197469.1710918,1419706.37529253,129.6,-2.1489876780021443e-06,133.9,ASK
1616,1712197469.175211,1425111.78069794,129.5,-2.971092881380058e-06,133.9,ASK
1617,1712197469.179572,1427968.91166097,129.7,-1.5704282711030869e-06,133.9,ASK
1618,1712197469.183248,1437258.48695055,129.5,-5.106035337570124e-06,133.9,ASK
1619,1712197469.18555,1445326.4572819,129.5,-4.434577505448406e-06,133.9,ASK
1620,1712197469.4117684,1455365.06732051,129.5,-5.517743922558358e-06,133.9,ASK
1621,1712197469.4185295,1477805.22176068,129.5,-1.233427987612754e-05,133.9,ASK
1622,1712197469.4225736,1504643.9646819,129.5,-1.475197363709674e-05,133.9,ASK
1623,1712197469.6859517,1513933.53997148,129.5,-5.106035337569996e-06,133.9,ASK
1624,1712197469.697249,1524424.96101202,129.4,-5.766632478280523e-06,133.9,ASK
1625,1712197469.7012806,1530410.2213132,129.5,-3.289811390695131e-06,133.9,ASK
1626,1712197469.7052815,1533499.024402,129.5,-1.6977673607855331e-06,133.9,ASK
1627,1712197469.7093008,1534302.7183819,129.4,-4.41752150560135e-07,133.9,ASK
1628,1712197469.9968836,1562911.52531663,129.4,-1.572489318626923e-05,133.9,ASK
1629,1712197470.0022564,1572208.27956702,129.4,-5.109981269051378e-06,133.9,ASK
1630,1712197470.0068798,1581756.7242819,129.4,-5.248323482312449e-06,133.9,ASK
1631,1712197470.228464,1583809.76790437,129.5,-1.1284599089974843e-06,133.9,ASK
1632,1712197470.2310016,1590654.3503819,129.4,-3.762139700873386e-06,133.9,ASK
1633,1712197470.277794,1592854.83169027,129.4,-1.209499354916922e-06,133.9,ASK
1634,1712197470.28061,1598905.9049819,129.4,-3.325985644569379e-06,133.9,ASK
1635,1712197470.483583,1607523.72542314,129.4,-4.736803818702326e-06,133.9,ASK
1636,1712197470.4860864,1610769.4063819,129.4,-1.7839956244819994e-06,133.9,ASK
1637,1712197470.518829,1610769.4063819,129.4,-0.0,133.9,ASK
1638,1712197470.544341,1611448.34019105,129.4,-3.653712880096008e-07,133.9,ASK
