,time,acc_trade_volume,trade_price,dev,high,ask_bid
0,1712173460.2582705,18273694.60379496,158.0,0.0,161.5,BID
1,1712173470.3824952,18273694.60379496,158.0,0.0,161.5,BID
2,1712173500.3029644,18273694.60379496,158.0,0.0,161.5,BID
3,1712173530.2621284,18273694.60379496,158.0,0.0,161.5,BID
4,1712173547.832123,18274894.60379496,156.8,-3.752726403202935e-07,161.5,ASK
5,1712173547.8421023,18279513.39452506,156.8,-1.444421493642975e-06,161.5,ASK
6,1712173560.4023364,18279513.39452506,156.8,-0.0,161.5,ASK
7,1712173589.082145,18281272.15481536,156.8,-5.498552923938943e-07,161.5,ASK
8,1712173589.1824784,18297937.00846755,156.8,5.210066447458526e-06,161.5,BID
9,1712173589.1839857,18299137.00846755,156.8,3.751655950563037e-07,161.5,BID
10,1712173589.1854784,18299800.28337749,157.0,-2.073649385611771e-07,161.5,ASK
11,1712173590.402176,18299800.28337749,157.0,-0.0,161.5,ASK
12,1712173612.522275,18299849.39052035,156.8,-1.5337504995213793e-08,161.5,ASK
13,1712173620.2722025,18299849.39052035,156.8,-0.0,161.5,ASK
14,1712173650.2721865,18299849.39052035,156.8,-0.0,161.5,ASK
15,1712173680.39205,18299849.39052035,156.8,-0.0,161.5,ASK
16,1712173710.4024413,18299849.39052035,156.8,-0.0,161.5,ASK
17,1712173740.2621076,18299849.39052035,156.8,-0.0,161.5,ASK
18,1712173741.0421517,18301040.28337749,156.8,-3.719475448075188e-07,161.5,ASK
19,1712173741.162264,18301040.28337835,156.8,2.687701954954117e-16,161.5,BID
20,1712173741.163586,18302949.39052035,156.8,5.962649872170529e-07,161.5,BID
21,1712173741.4820306,18303578.49762035,157.7,1.964868962506806e-07,161.5,BID
22,1712173741.4922214,18304858.49762035,157.1,3.997780778501541e-07,161.5,BID
23,1712173770.272044,18304858.49762035,157.1,0.0,161.5,BID
24,1712173800.2820518,18304858.49762035,157.1,0.0,161.5,BID
25,1712173830.2531295,18304858.49762035,157.1,0.0,161.5,BID
26,1712173860.3918877,18304858.49762035,157.1,0.0,161.5,BID
27,1712173890.391917,18304858.49762035,157.1,0.0,161.5,BID
28,1712173920.2519405,18304858.49762035,157.1,0.0,161.5,BID
29,1712173950.262076,18304858.49762035,157.1,0.0,161.5,BID
30,1712173980.40214,18304858.49762035,157.1,0.0,161.5,BID
31,1712174010.3916993,18304858.49762035,157.1,0.0,161.5,BID
32,1712174040.261761,18304858.49762035,157.1,0.0,161.5,BID
33,1712174070.271709,18304858.49762035,157.1,0.0,161.5,BID
34,1712174100.3816493,18304858.49762035,157.1,0.0,161.5,BID
35,1712174130.3818948,18304858.49762035,157.1,0.0,161.5,BID
36,1712174160.2921915,18304858.49762035,157.1,0.0,161.5,BID
37,1712174190.294748,18304858.49762035,157.1,0.0,161.5,BID
38,1712174220.294224,18304858.49762035,157.1,0.0,161.5,BID
39,1712174245.7522123,18306058.49762035,157.3,3.7470458445252057e-07,161.5,BID
40,1712174245.7559776,18310201.48199996,157.1,1.2936627002953068e-06,161.5,BID
41,1712174250.2823014,18310201.48199996,157.1,0.0,161.5,BID
42,1712174280.39548,18310201.48199996,157.1,0.0,161.5,BID
43,1712174310.3823285,18310201.48199996,157.1,0.0,161.5,BID
44,1712174340.252679,18310201.48199996,157.1,0.0,161.5,BID
45,1712174370.2729442,18310201.48199996,157.1,0.0,161.5,BID
46,1712174400.3427029,18310201.48199996,157.1,0.0,161.5,BID
47,1712174430.2628157,18310201.48199996,157.1,0.0,161.5,BID
48,1712174460.3885438,18310201.48199996,157.1,0.0,161.5,BID
49,1712174472.8335075,18311441.48199996,156.9,-3.8738212326022434e-07,161.5,ASK
50,1712174472.8350842,18312681.48199996,157.1,-3.8738212326022434e-07,161.5,ASK
51,1712174472.8365524,18314367.67073947,157.0,-5.267736888130981e-07,161.5,ASK
52,1712174472.8379903,18315004.20793947,157.1,-1.988573645727187e-07,161.5,ASK
53,1712174472.839494,18316689.25660642,156.8,-5.264175245161482e-07,161.5,ASK
54,1712174472.8529384,18317148.66503939,156.8,-1.4352146307114856e-07,161.5,ASK
55,1712174472.854421,18317230.47750005,156.8,-2.5558616709658355e-08,161.5,ASK
56,1712174477.4432695,18318510.47750005,157.8,3.998783207847477e-07,161.5,BID
57,1712174477.4452288,18319750.47750005,157.7,3.8738212326022434e-07,161.5,BID
58,1712174477.4472134,18320336.45975607,157.8,1.8306375042655165e-07,161.5,BID
59,1712174489.343188,18321616.45975607,157.7,3.998783207847477e-07,161.5,BID
60,1712174489.4427805,18323346.69477221,157.7,-5.405339631386473e-07,161.5,ASK
61,1712174489.4528124,18324585.73651274,157.7,-3.87082758269565e-07,161.5,ASK
62,1712174490.393005,18324585.73651274,157.7,-0.0,161.5,ASK
63,1712174520.2632637,18324585.73651274,157.7,-0.0,161.5,ASK
64,1712174526.333105,18324589.51751274,157.0,-1.180368479085534e-09,161.5,ASK
65,1712174526.3428583,18325829.51751274,157.1,-3.871084142454871e-07,161.5,ASK
66,1712174527.984351,18326434.19401274,157.0,-1.8877045245688254e-07,161.5,ASK
67,1712174527.9862623,18326462.42891274,157.0,-8.814489811238689e-09,161.5,ASK
68,1712174529.6330354,18327086.25921274,156.9,-1.947499662831597e-07,161.5,ASK
69,1712174531.259256,18327712.82561274,156.9,-1.9560413348637266e-07,161.5,ASK
70,1712174532.9232914,18328312.54891274,156.9,-1.872241416532615e-07,161.5,ASK
71,1712174532.9253955,18328342.15221274,156.9,-9.241682676259072e-09,161.5,ASK
72,1712174534.567787,18328974.26351274,156.9,-1.973351636860733e-07,161.5,ASK
73,1712174536.3330288,18329607.17491274,156.8,-1.975849422669583e-07,161.5,ASK
74,1712174550.253269,18329607.17491274,156.8,-0.0,161.5,ASK
75,1712174580.3932295,18329607.17491274,156.8,-0.0,161.5,ASK
76,1712174610.3832655,18329607.17491274,156.8,-0.0,161.5,ASK
77,1712174631.6532564,18330579.92617198,156.8,-3.036028812843008e-07,161.5,ASK
78,1712174640.2534044,18330579.92617198,156.8,-0.0,161.5,ASK
79,1712174670.2734935,18330579.92617198,156.8,-0.0,161.5,ASK
80,1712174689.4136558,18330661.21083085,156.8,-2.536833712756524e-08,161.5,ASK
81,1712174700.3933458,18330661.21083085,156.8,-0.0,161.5,ASK
82,1712174727.5233984,18333847.95397936,156.9,-9.960099994710069e-07,161.5,ASK
83,1712174730.3935404,18333847.95397936,156.9,-0.0,161.5,ASK
84,1712174760.2748346,18333847.95397936,156.9,-0.0,161.5,ASK
85,1712174762.2255511,18337249.41021474,156.9,-1.062952020265694e-06,161.5,ASK
86,1712174765.0344496,18338842.78178899,157.4,4.979271866754814e-07,161.5,BID
87,1712174765.0387738,18339151.21449458,157.4,9.638494363427541e-08,161.5,BID
88,1712174777.853426,18339251.21449458,156.9,-3.1249910235792376e-08,161.5,ASK
89,1712174788.5595431,18340641.10859458,157.4,4.343406586234945e-07,161.5,BID
90,1712174788.560773,18343323.93639439,157.4,8.383812792209566e-07,161.5,BID
91,1712174790.263254,18343323.93639439,157.4,0.0,161.5,BID
92,1712174798.293411,18343423.93639439,156.9,-3.123536856481494e-08,161.5,ASK
93,1712174820.4037025,18343423.93639439,156.9,-0.0,161.5,ASK
94,1712174850.407098,18343423.93639439,156.9,-0.0,161.5,ASK
95,1712174862.8750012,18343678.87584627,156.9,-7.963088715468508e-08,161.5,ASK
96,1712174880.273846,18343678.87584627,156.9,-0.0,161.5,ASK
97,1712174910.2535462,18343678.87584627,156.9,-0.0,161.5,ASK
98,1712174940.394152,18343678.87584627,156.9,-0.0,161.5,ASK
99,1712174970.3834214,18343678.87584627,156.9,-0.0,161.5,ASK
100,1712175000.3037057,18343678.87584627,156.9,-0.0,161.5,ASK
101,1712175030.2634256,18343678.87584627,156.9,-0.0,161.5,ASK
102,1712175060.3936512,18343678.87584627,156.9,-0.0,161.5,ASK
103,1712175085.2836611,18344322.16059318,157.5,2.010993358886107e-07,161.5,BID
104,1712175085.2855127,18350028.08219547,157.5,1.7837467006043495e-06,161.5,BID
105,1712175090.3935711,18350028.08219547,157.5,0.0,161.5,BID
106,1712175099.5636756,18356397.50894647,157.0,1.9905449313108834e-06,161.5,BID
107,1712175099.5655134,18356397.50894707,157.0,1.8743799713776788e-16,161.5,BID
108,1712175100.0434766,18357637.50894707,157.3,3.875192872634797e-07,161.5,BID
109,1712175120.263598,18357637.50894707,157.3,0.0,161.5,BID
110,1712175150.263511,18357637.50894707,157.3,0.0,161.5,BID
111,1712175180.395131,18357637.50894707,157.3,0.0,161.5,BID
112,1712175202.363545,18362243.99146168,157.5,1.43905998707355e-06,161.5,BID
113,1712175202.3654578,18362896.07072529,157.5,2.0370883286413146e-07,161.5,BID
114,1712175210.4034932,18362896.07072529,157.5,0.0,161.5,BID
115,1712175232.324042,18364176.07072529,156.9,-3.9976713465198907e-07,161.5,ASK
116,1712175232.3263416,18369334.73342236,156.8,-1.6111435976914097e-06,161.5,ASK
117,1712175232.328315,18370614.73342236,157.0,-3.9976713465198907e-07,161.5,ASK
118,1712175232.3302264,18370650.20822236,156.9,-1.1079421209058322e-08,161.5,ASK
119,1712175240.2944105,18370650.20822236,156.9,-0.0,161.5,ASK
120,1712175270.2734387,18370650.20822236,156.9,-0.0,161.5,ASK
121,1712175300.303738,18370650.20822236,156.9,-0.0,161.5,ASK
122,1712175330.254043,18370650.20822236,156.9,-0.0,161.5,ASK
123,1712175360.407061,18370650.20822236,156.9,-0.0,161.5,ASK
124,1712175390.4038813,18370650.20822236,156.9,-0.0,161.5,ASK
125,1712175420.263413,18370650.20822236,156.9,-0.0,161.5,ASK
126,1712175450.273612,18370650.20822236,156.9,-0.0,161.5,ASK
127,1712175480.3935142,18370650.20822236,156.9,-0.0,161.5,ASK
128,1712175498.3536382,18370692.60055538,157.0,-1.3239463087473646e-08,161.5,ASK
129,1712175510.3932168,18370692.60055538,157.0,-0.0,161.5,ASK
130,1712175540.2533953,18370692.60055538,157.0,-0.0,161.5,ASK
131,1712175570.283707,18370692.60055538,157.0,-0.0,161.5,ASK
132,1712175600.2934742,18370692.60055538,157.0,-0.0,161.5,ASK
133,1712175630.2537577,18370692.60055538,157.0,-0.0,161.5,ASK
134,1712175660.3933349,18370692.60055538,157.0,-0.0,161.5,ASK
135,1712175690.4036453,18370692.60055538,157.0,-0.0,161.5,ASK
136,1712175720.253708,18370692.60055538,157.0,-0.0,161.5,ASK
137,1712175750.2632885,18370692.60055538,157.0,-0.0,161.5,ASK
138,1712175759.7532604,18370734.9928884,156.9,-1.3239463293356222e-08,161.5,ASK
139,1712175780.3932853,18370734.9928884,156.9,-0.0,161.5,ASK
140,1712175810.3830726,18370734.9928884,156.9,-0.0,161.5,ASK
141,1712175840.2731428,18370734.9928884,156.9,-0.0,161.5,ASK
142,1712175870.2729945,18370734.9928884,156.9,-0.0,161.5,ASK
143,1712175900.393219,18370734.9928884,156.9,-0.0,161.5,ASK
144,1712175930.4033928,18370734.9928884,156.9,-0.0,161.5,ASK
145,1712175960.2635314,18370734.9928884,156.9,-0.0,161.5,ASK
146,1712175990.2838435,18370734.9928884,156.9,-0.0,161.5,ASK
147,1712176020.3932364,18370734.9928884,156.9,-0.0,161.5,ASK
148,1712176050.3930058,18370734.9928884,156.9,-0.0,161.5,ASK
149,1712176076.653278,18371934.9928884,157.9,3.750559322624481e-07,161.5,BID
150,1712176080.2656343,18371934.9928884,157.9,0.0,161.5,BID
151,1712176110.2528863,18371934.9928884,157.9,0.0,161.5,BID
152,1712176120.9329555,18371977.38522142,157.1,-1.3248795374373812e-08,161.5,ASK
153,1712176140.4031348,18371977.38522142,157.1,-0.0,161.5,ASK
154,1712176170.3936124,18371977.38522142,157.1,-0.0,161.5,ASK
155,1712176200.4742725,18371977.38522142,157.1,-0.0,161.5,ASK
156,1712176230.385502,18371977.38522142,157.1,-0.0,161.5,ASK
157,1712176260.2805955,18371977.38522142,157.1,-0.0,161.5,ASK
158,1712176261.025755,18372070.84312142,157.8,2.9560031058610843e-08,161.5,BID
159,1712176290.2881107,18372070.84312142,157.8,0.0,161.5,BID
160,1712176320.4168537,18372070.84312142,157.8,0.0,161.5,BID
161,1712176350.4046786,18372070.84312142,157.8,0.0,161.5,BID
162,1712176380.287996,18372070.84312142,157.8,0.0,161.5,BID
163,1712176402.961731,18373270.84312142,157.7,3.79549206751153e-07,161.5,BID
164,1712176402.9645376,18373409.09452142,157.7,4.3727674334444754e-08,161.5,BID
165,1712176403.0381837,18373485.96702142,157.7,-2.431408033073577e-08,161.5,ASK
166,1712176403.0579822,18375241.42016644,157.7,-5.552340405675397e-07,161.5,ASK
167,1712176410.2785597,18375241.42016644,157.7,-0.0,161.5,ASK
168,1712176440.4089622,18375241.42016644,157.7,-0.0,161.5,ASK
169,1712176470.3993003,18375241.42016644,157.7,-0.0,161.5,ASK
170,1712176500.2820406,18375241.42016644,157.7,-0.0,161.5,ASK
171,1712176530.2802107,18375241.42016644,157.7,-0.0,161.5,ASK
172,1712176560.400568,18375241.42016644,157.7,-0.0,161.5,ASK
173,1712176590.411026,18375241.42016644,157.7,-0.0,161.5,ASK
174,1712176620.281414,18375241.42016644,157.7,-0.0,161.5,ASK
175,1712176650.2716663,18375241.42016644,157.7,-0.0,161.5,ASK
176,1712176680.411995,18375241.42016644,157.7,-0.0,161.5,ASK
177,1712176710.402068,18375241.42016644,157.7,-0.0,161.5,ASK
178,1712176740.2724342,18375241.42016644,157.7,-0.0,161.5,ASK
179,1712176770.2727244,18375241.42016644,157.7,-0.0,161.5,ASK
180,1712176800.332981,18375241.42016644,157.7,-0.0,161.5,ASK
181,1712176830.2630763,18375241.42016644,157.7,-0.0,161.5,ASK
182,1712176860.393093,18375241.42016644,157.7,-0.0,161.5,ASK
183,1712176890.4137352,18375241.42016644,157.7,-0.0,161.5,ASK
184,1712176892.9342277,18378426.13354223,157.0,-1.0071385474404013e-06,161.5,ASK
185,1712176892.9367268,18382892.87669073,156.9,-1.4125695708042387e-06,161.5,ASK
186,1712176892.9391448,18384206.64269073,157.0,-4.154673356085025e-07,161.5,ASK
187,1712176893.0540314,18384775.37469073,156.8,-1.7985666299463914e-07,161.5,ASK
188,1712176893.057105,18397810.15216644,156.9,4.122137631882617e-06,161.5,BID
189,1712176893.0736396,18398250.40356644,156.8,-1.3922576482804286e-07,161.5,ASK
190,1712176893.076092,18399490.40356644,157.0,-3.921394648323792e-07,161.5,ASK
191,1712176920.2740786,18399490.40356644,157.0,-0.0,161.5,ASK
192,1712176950.294131,18399490.40356644,157.0,-0.0,161.5,ASK
193,1712176980.2939212,18399490.40356644,157.0,-0.0,161.5,ASK
194,1712176997.6941605,18401172.14983333,157.0,5.311987544689166e-07,161.5,BID
195,1712177000.858554,18402412.14983333,157.3,3.916681538169372e-07,161.5,BID
196,1712177000.8605125,18404163.24608119,157.0,5.531037375442077e-07,161.5,BID
197,1712177010.284707,18404163.24608119,157.0,0.0,161.5,BID
198,1712177040.412537,18404163.24608119,157.0,0.0,161.5,BID
199,1712177070.409322,18404163.24608119,157.0,0.0,161.5,BID
200,1712177100.295841,18404163.24608119,157.0,0.0,161.5,BID
201,1712177130.2907622,18404163.24608119,157.0,0.0,161.5,BID
202,1712177160.3053596,18404163.24608119,157.0,0.0,161.5,BID
203,1712177190.2755363,18404163.24608119,157.0,0.0,161.5,BID
204,1712177220.405564,18404163.24608119,157.0,0.0,161.5,BID
205,1712177226.988807,18405303.24608119,157.4,3.600840307729811e-07,161.5,BID
206,1712177226.995445,18405443.24608119,157.0,4.422084588440119e-08,161.5,BID
207,1712177250.395905,18405443.24608119,157.0,0.0,161.5,BID
208,1712177280.3161342,18405443.24608119,157.0,0.0,161.5,BID
209,1712177310.2859232,18405443.24608119,157.0,0.0,161.5,BID
210,1712177340.4359455,18405443.24608119,157.0,0.0,161.5,BID
211,1712177370.4061718,18405443.24608119,157.0,0.0,161.5,BID
212,1712177400.29987,18405443.24608119,157.0,0.0,161.5,BID
213,1712177430.2865958,18405443.24608119,157.0,0.0,161.5,BID
214,1712177460.4261923,18405443.24608119,157.0,0.0,161.5,BID
215,1712177466.4765792,18405490.83491367,157.6,1.5043488588650964e-08,161.5,BID
216,1712177490.426972,18405490.83491367,157.6,0.0,161.5,BID
217,1712177520.2766657,18405490.83491367,157.6,0.0,161.5,BID
218,1712177550.2967124,18405490.83491367,157.6,0.0,161.5,BID
219,1712177580.4068775,18405490.83491367,157.6,0.0,161.5,BID
220,1712177610.417025,18405490.83491367,157.6,0.0,161.5,BID
221,1712177640.2971656,18405490.83491367,157.6,0.0,161.5,BID
222,1712177670.3075132,18405490.83491367,157.6,0.0,161.5,BID
223,1712177700.397262,18405490.83491367,157.6,0.0,161.5,BID
224,1712177730.4304194,18405490.83491367,157.6,0.0,161.5,BID
225,1712177740.6275904,18407399.23186023,157.2,-6.035760749389908e-07,161.5,ASK
226,1712177740.6306016,18409894.84071077,157.1,-7.89295852367551e-07,161.5,ASK
227,1712177760.277607,18409894.84071077,157.1,-0.0,161.5,ASK
228,1712177790.2728057,18409894.84071077,157.1,-0.0,161.5,ASK
229,1712177820.3077812,18409894.84071077,157.1,-0.0,161.5,ASK
230,1712177841.957489,18410106.53951077,157.6,6.694014543076133e-08,161.5,BID
231,1712177850.297944,18410106.53951077,157.6,0.0,161.5,BID
232,1712177880.4180646,18410106.53951077,157.6,0.0,161.5,BID
233,1712177910.407895,18410106.53951077,157.6,0.0,161.5,BID
234,1712177940.2735198,18410106.53951077,157.6,0.0,161.5,BID
235,1712177942.058101,18411134.84071077,157.6,3.251501930689169e-07,161.5,BID
236,1712177942.0609002,18412010.09281026,157.6,2.76755866017499e-07,161.5,BID
237,1712177970.2788377,18412010.09281026,157.6,0.0,161.5,BID
238,1712178000.3784468,18412010.09281026,157.6,0.0,161.5,BID
239,1712178030.2883492,18412010.09281026,157.6,0.0,161.5,BID
240,1712178060.408486,18412010.09281026,157.6,0.0,161.5,BID
241,1712178090.4184868,18412010.09281026,157.6,0.0,161.5,BID
242,1712178105.5987656,18413630.44956131,157.6,5.135230061397806e-07,161.5,BID
243,1712178105.6009722,18415172.13701026,157.6,4.885911530288421e-07,161.5,BID
244,1712178120.303211,18415172.13701026,157.6,0.0,161.5,BID
245,1712178150.2988305,18415172.13701026,157.6,0.0,161.5,BID
246,1712178180.4085462,18415172.13701026,157.6,0.0,161.5,BID
247,1712178189.4288974,18416445.1996168,157.2,-4.033949340193677e-07,161.5,ASK
248,1712178210.4083676,18416445.1996168,157.2,-0.0,161.5,ASK
249,1712178214.259731,18417080.53395682,157.2,-2.013054201349997e-07,161.5,ASK
250,1712178214.2752454,18417728.40047587,157.2,-2.052762358252529e-07,161.5,ASK
251,1712178214.32315,18419032.75170242,157.2,-4.132831410577041e-07,161.5,ASK
252,1712178240.2972667,18419032.75170242,157.2,-0.0,161.5,ASK
253,1712178270.2564476,18419032.75170242,157.2,-0.0,161.5,ASK
254,1712178300.4167805,18419032.75170242,157.2,-0.0,161.5,ASK
255,1712178330.4186091,18419032.75170242,157.2,-0.0,161.5,ASK
256,1712178341.5071354,18419096.28410394,157.4,2.012762076929905e-08,161.5,BID
257,1712178360.2640743,18419096.28410394,157.4,0.0,161.5,BID
258,1712178390.3064597,18419096.28410394,157.4,0.0,161.5,BID
259,1712178402.5695162,18419131.70340394,157.2,-1.122110864149148e-08,161.5,ASK
260,1712178402.572487,18420360.14723594,157.2,-3.891805230449808e-07,161.5,ASK
261,1712178420.3272915,18420360.14723594,157.2,-0.0,161.5,ASK
262,1712178450.2747257,18420360.14723594,157.2,-0.0,161.5,ASK
263,1712178480.4121451,18420360.14723594,157.2,-0.0,161.5,ASK
264,1712178510.4044826,18420360.14723594,157.2,-0.0,161.5,ASK
265,1712178523.2812202,18420756.79723594,157.0,-1.256538838983165e-07,161.5,ASK
266,1712178540.2710292,18420756.79723594,157.0,-0.0,161.5,ASK
267,1712178570.287804,18420756.79723594,157.0,-0.0,161.5,ASK
268,1712178584.2306309,18420884.26696188,156.9,-4.0380058416549714e-08,161.5,ASK
269,1712178584.2336926,18423504.02048435,156.9,-8.298896031502047e-07,161.5,ASK
270,1712178584.236333,18424784.02048435,157.1,-4.0548039459471163e-07,161.5,ASK
271,1712178584.2386775,18430756.79723594,157.0,-1.8920655266097184e-06,161.5,ASK
272,1712178600.2900004,18430756.79723594,157.0,-0.0,161.5,ASK
273,1712178630.279705,18430756.79723594,157.0,-0.0,161.5,ASK
274,1712178660.2793734,18430756.79723594,157.0,-0.0,161.5,ASK
275,1712178664.4992602,18434525.71223915,157.0,-1.1963858693785837e-06,161.5,ASK
276,1712178690.289102,18434525.71223915,157.0,-0.0,161.5,ASK
277,1712178705.13321,18435765.71223915,157.6,3.935455896434184e-07,161.5,BID
278,1712178705.139394,18436811.75693915,157.6,3.319889340766483e-07,161.5,BID
279,1712178720.4083471,18436811.75693915,157.6,0.0,161.5,BID
280,1712178750.417756,18436811.75693915,157.6,0.0,161.5,BID
281,1712178780.2998197,18436811.75693915,157.6,0.0,161.5,BID
282,1712178810.2769506,18436811.75693915,157.6,0.0,161.5,BID
283,1712178840.406748,18436811.75693915,157.6,0.0,161.5,BID
284,1712178862.900143,18438011.75693915,157.1,-3.80807027532156e-07,161.5,ASK
285,1712178862.9019067,18439996.71953662,157.0,-6.2990642208778e-07,161.5,ASK
286,1712178870.396424,18439996.71953662,157.0,-0.0,161.5,ASK
287,1712178900.306789,18439996.71953662,157.0,-0.0,161.5,ASK
288,1712178930.2757776,18439996.71953662,157.0,-0.0,161.5,ASK
289,1712178960.3856332,18439996.71953662,157.0,-0.0,161.5,ASK
290,1712178990.385476,18439996.71953662,157.0,-0.0,161.5,ASK
291,1712179020.2751906,18439996.71953662,157.0,-0.0,161.5,ASK
292,1712179036.4356067,18440085.41483662,157.5,2.8142027918300612e-08,161.5,BID
293,1712179036.438754,18440393.54563662,157.5,9.776646086464933e-08,161.5,BID
294,1712179036.5348136,18461075.21520862,157.5,-6.562062730560564e-06,161.5,ASK
295,1712179036.554736,18461075.21520941,157.5,-2.505825156477825e-16,161.5,ASK
296,1712179036.6350822,18462315.21520941,157.4,-3.934381485773073e-07,161.5,ASK
297,1712179050.2891502,18462315.21520941,157.4,-0.0,161.5,ASK
298,1712179080.4045908,18462315.21520941,157.4,-0.0,161.5,ASK
299,1712179110.3943129,18462315.21520941,157.4,-0.0,161.5,ASK
300,1712179140.2742171,18462315.21520941,157.4,-0.0,161.5,ASK
301,1712179170.2742777,18462315.21520941,157.4,-0.0,161.5,ASK
302,1712179200.2939544,18462315.21520941,157.4,-0.0,161.5,ASK
303,1712179230.264274,18462315.21520941,157.4,-0.0,161.5,ASK
304,1712179260.419431,18462315.21520941,157.4,-0.0,161.5,ASK
305,1712179290.4032,18462315.21520941,157.4,-0.0,161.5,ASK
306,1712179320.272969,18462315.21520941,157.4,-0.0,161.5,ASK
307,1712179350.283092,18462315.21520941,157.4,-0.0,161.5,ASK
308,1712179380.3033116,18462315.21520941,157.4,-0.0,161.5,ASK
309,1712179410.2825253,18462315.21520941,157.4,-0.0,161.5,ASK
310,1712179440.392302,18462315.21520941,157.4,-0.0,161.5,ASK
311,1712179452.1122344,18463595.21520941,157.0,-4.056772569584702e-07,161.5,ASK
312,1712179452.1148076,18498494.86434853,157.0,-1.1060932759040402e-05,161.5,ASK
313,1712179461.7902005,18508871.92964853,157.0,3.288858895455083e-06,161.5,BID
314,1712179470.4223385,18508871.92964853,157.0,0.0,161.5,BID
315,1712179500.2719147,18508871.92964853,157.0,0.0,161.5,BID
316,1712179528.9620304,18508971.92964853,157.0,3.181838667560511e-08,161.5,BID
317,1712179530.2818167,18508971.92964853,157.0,0.0,161.5,BID
318,1712179534.5419655,18509071.92964853,156.9,-3.181822772807142e-08,161.5,ASK
319,1712179537.102108,18509326.86910041,156.9,-8.111721536811506e-08,161.5,ASK
320,1712179553.0425236,18520045.15466129,157.0,3.4103685083057498e-06,161.5,BID
321,1712179560.3914697,18520045.15466129,157.0,0.0,161.5,BID
322,1712179576.921867,18520083.22572728,157.6,1.2106841606409225e-08,161.5,BID
323,1712179576.9256418,18520425.64804814,157.7,1.0889248024816801e-07,161.5,BID
324,1712179590.391474,18520425.64804814,157.7,0.0,161.5,BID
325,1712179594.9816673,18520525.64804814,157.0,-3.1800030530642514e-08,161.5,ASK
326,1712179620.2719254,18520525.64804814,157.0,-0.0,161.5,ASK
327,1712179650.2827168,18520525.64804814,157.0,-0.0,161.5,ASK
328,1712179680.3979652,18520525.64804814,157.0,-0.0,161.5,ASK
329,1712179710.3912933,18520525.64804814,157.0,-0.0,161.5,ASK
330,1712179740.2711208,18520525.64804814,157.0,-0.0,161.5,ASK
331,1712179770.2608168,18520525.64804814,157.0,-0.0,161.5,ASK
332,1712179774.0295167,18520725.64804814,157.4,-6.359974353290061e-08,161.5,ASK
333,1712179778.6805644,18520780.64804814,157.4,-1.7489929471547666e-08,161.5,ASK
334,1712179800.3705237,18520780.64804814,157.4,-0.0,161.5,ASK
335,1712179807.7030947,18521415.16581463,157.6,-2.0190121981398122e-07,161.5,ASK
336,1712179807.70619,18522050.48982987,157.6,-2.0215776520136625e-07,161.5,ASK
337,1712179830.2703106,18522050.48982987,157.6,-0.0,161.5,ASK
338,1712179856.9302287,18522250.48982987,157.3,-6.363521221508603e-08,161.5,ASK
339,1712179860.4002297,18522250.48982987,157.3,-0.0,161.5,ASK
340,1712179874.6928236,18524515.76673898,157.3,-7.207496696118403e-07,161.5,ASK
341,1712179890.3841944,18524515.76673898,157.3,-0.0,161.5,ASK
342,1712179920.2601194,18524515.76673898,157.3,-0.0,161.5,ASK
343,1712179949.996752,18525749.7070943,157.6,3.9256184566263545e-07,161.5,BID
344,1712179950.2798452,18525749.7070943,157.6,0.0,161.5,BID
345,1712179957.9796944,18525949.7070943,157.3,-6.362342532294773e-08,161.5,ASK
346,1712179980.3097548,18525949.7070943,157.3,-0.0,161.5,ASK
347,1712180010.2804968,18525949.7070943,157.3,-0.0,161.5,ASK
348,1712180040.4195402,18525949.7070943,157.3,-0.0,161.5,ASK
349,1712180053.0901885,18526981.0436481,157.6,3.280825376293844e-07,161.5,BID
350,1712180053.093743,18528252.7557597,157.7,4.0454935410757524e-07,161.5,BID
351,1712180053.097174,18530081.42429559,157.8,5.81724958284626e-07,161.5,BID
352,1712180053.1004746,18531384.80365703,157.7,4.146231478162155e-07,161.5,BID
353,1712180053.1020885,18531694.68666627,157.8,9.857810591995284e-08,161.5,BID
354,1712180063.0595353,18532694.68666627,157.3,-3.1811394294159426e-07,161.5,ASK
355,1712180070.3996828,18532694.68666627,157.3,-0.0,161.5,ASK
356,1712180100.244136,18532694.68666627,157.3,-0.0,161.5,ASK
357,1712180130.259091,18532694.68666627,157.3,-0.0,161.5,ASK
358,1712180153.0090604,18532894.68666627,157.5,-6.360139487425909e-08,161.5,ASK
359,1712180160.324733,18532894.68666627,157.5,-0.0,161.5,ASK
360,1712180190.2689326,18532894.68666627,157.5,-0.0,161.5,ASK
361,1712180194.0589404,18533120.73494173,157.6,-7.188420806083852e-08,161.5,ASK
362,1712180220.3926222,18533120.73494173,157.6,-0.0,161.5,ASK
363,1712180250.4070497,18533120.73494173,157.6,-0.0,161.5,ASK
364,1712180275.8247817,18536095.42791608,157.8,9.45952919876995e-07,161.5,BID
365,1712180280.2707767,18536095.42791608,157.8,0.0,161.5,BID
366,1712180296.213165,18538603.88955654,157.9,7.975722141663323e-07,161.5,BID
367,1712180296.216858,18558043.58263673,158.0,6.180903388200603e-06,161.5,BID
368,1712180310.2610772,18558043.58263673,158.0,0.0,161.5,BID
369,1712180340.3922417,18558043.58263673,158.0,0.0,161.5,BID
370,1712180370.402674,18558043.58263673,158.0,0.0,161.5,BID
371,1712180400.3033562,18558043.58263673,158.0,0.0,161.5,BID
372,1712180430.2993555,18558043.58263673,158.0,0.0,161.5,BID
373,1712180460.3945043,18558043.58263673,158.0,0.0,161.5,BID
374,1712180490.4053175,18558043.58263673,158.0,0.0,161.5,BID
375,1712180520.2856903,18558043.58263673,158.0,0.0,161.5,BID
376,1712180550.294364,18558043.58263673,158.0,0.0,161.5,BID
377,1712180555.8664267,18561043.58263673,158.1,-9.552654931524474e-07,161.5,ASK
378,1712180580.407058,18561043.58263673,158.1,-0.0,161.5,ASK
379,1712180610.4021802,18561043.58263673,158.1,-0.0,161.5,ASK
380,1712180638.8376455,18561911.50037666,158.1,-2.7632222370288704e-07,161.5,ASK
381,1712180640.2878382,18561911.50037666,158.1,-0.0,161.5,ASK
382,1712180670.258568,18561911.50037666,158.1,-0.0,161.5,ASK
383,1712180700.2888353,18561911.50037666,158.1,-0.0,161.5,ASK
384,1712180730.2728574,18561911.50037666,158.1,-0.0,161.5,ASK
385,1712180760.3893542,18561911.50037666,158.1,-0.0,161.5,ASK
386,1712180790.3995926,18561911.50037666,158.1,-0.0,161.5,ASK
387,1712180820.290073,18561911.50037666,158.1,-0.0,161.5,ASK
388,1712180850.273652,18561911.50037666,158.1,-0.0,161.5,ASK
389,1712180880.4009922,18561911.50037666,158.1,-0.0,161.5,ASK
390,1712180910.410922,18561911.50037666,158.1,-0.0,161.5,ASK
391,1712180940.28106,18561911.50037666,158.1,-0.0,161.5,ASK
392,1712180970.2644715,18561911.50037666,158.1,-0.0,161.5,ASK
393,1712180976.1414318,18563555.44704972,158.5,5.237876047110489e-07,161.5,BID
394,1712180993.2618146,18563951.45607033,158.5,-1.261747839814671e-07,161.5,ASK
395,1712180998.9218516,18565066.09343659,158.5,-3.5514122554197174e-07,161.5,ASK
396,1712180998.9251227,18566346.09343659,158.4,-4.0782839554218274e-07,161.5,ASK
397,1712181000.3817244,18566346.09343659,158.4,-0.0,161.5,ASK
398,1712181008.4619634,18566446.09343659,158.2,-3.189762399837319e-08,161.5,ASK
399,1712181030.2719843,18566446.09343659,158.2,-0.0,161.5,ASK
400,1712181060.392099,18566446.09343659,158.2,-0.0,161.5,ASK
401,1712181090.3825538,18566446.09343659,158.2,-0.0,161.5,ASK
402,1712181097.0623088,18567919.37381026,158.2,-4.699390626267032e-07,161.5,ASK
403,1712181120.302678,18567919.37381026,158.2,-0.0,161.5,ASK
404,1712181150.4703095,18567919.37381026,158.2,-0.0,161.5,ASK
405,1712181180.4030666,18567919.37381026,158.2,-0.0,161.5,ASK
406,1712181210.4137826,18567919.37381026,158.2,-0.0,161.5,ASK
407,1712181240.2933075,18567919.37381026,158.2,-0.0,161.5,ASK
408,1712181270.2817636,18567919.37381026,158.2,-0.0,161.5,ASK
409,1712181300.3525188,18567919.37381026,158.2,-0.0,161.5,ASK
410,1712181330.2663162,18567919.37381026,158.2,-0.0,161.5,ASK
411,1712181340.0137732,18568019.37381026,158.2,-3.1895142692183176e-08,161.5,ASK
412,1712181345.613729,18568069.12837287,158.8,1.586928873997953e-08,161.5,BID
413,1712181346.1965,18569328.5742167,158.2,-4.017020490205737e-07,161.5,ASK
414,1712181346.4938202,18569556.4042571,158.2,-7.266671648091488e-08,161.5,ASK
415,1712181346.4977756,18570588.02006053,158.2,-3.290353325396588e-07,161.5,ASK
416,1712181346.6135828,18572477.18882627,158.2,-6.025530735284842e-07,161.5,ASK
417,1712181349.943793,18572526.92481416,158.8,1.5863364307045666e-08,161.5,BID
418,1712181360.4035523,18572526.92481416,158.8,0.0,161.5,BID
419,1712181390.4398482,18572526.92481416,158.8,0.0,161.5,BID
420,1712181420.2639594,18572526.92481416,158.8,0.0,161.5,BID
421,1712181436.2441516,18572726.92481416,158.4,-6.377545711983253e-08,161.5,ASK
422,1712181450.2713125,18572726.92481416,158.4,-0.0,161.5,ASK
423,1712181480.4145796,18572726.92481416,158.4,-0.0,161.5,ASK
424,1712181488.0542226,18573976.89894624,158.6,-3.98584331794885e-07,161.5,ASK
425,1712181510.4044783,18573976.89894624,158.6,-0.0,161.5,ASK
426,1712181540.3047054,18573976.89894624,158.6,-0.0,161.5,ASK
427,1712181570.3061287,18573976.89894624,158.6,-0.0,161.5,ASK
428,1712181580.4551947,18574113.84724385,158.6,-4.3666499862056895e-08,161.5,ASK
429,1712181580.4592686,18574176.89894624,158.7,-2.0104281702300133e-08,161.5,ASK
430,1712181600.4345744,18574176.89894624,158.7,-0.0,161.5,ASK
431,1712181604.454577,18575176.89894624,158.6,-3.1897633633321457e-07,161.5,ASK
432,1712181623.1863668,18575247.75924624,158.9,2.260275888571394e-08,161.5,BID
433,1712181623.18955,18575306.61844624,158.9,1.8774691974559023e-08,161.5,BID
434,1712181623.1926773,18575906.61844624,159.0,1.9138580179992882e-07,161.5,BID
435,1712181623.1958025,18575958.91869624,159.0,1.6682542134710466e-08,161.5,BID
436,1712181623.198773,18575991.81363224,160.0,1.0492706168897528e-08,161.5,BID
437,1712181623.2005455,18576191.81363224,159.8,6.379526726664291e-08,161.5,BID
438,1712181623.2023356,18581891.56976905,159.0,1.8180873305131345e-06,161.5,BID
439,1712181623.2041285,18583211.56976905,159.3,4.210487639598432e-07,161.5,BID
440,1712181623.2059507,18592007.31640648,160.0,2.805635037722626e-06,161.5,BID
441,1712181623.2077734,18593247.31640648,159.2,3.955306570531861e-07,161.5,BID
442,1712181623.2095797,18593279.79732251,159.6,1.0360643596221052e-08,161.5,BID
443,1712181623.211422,18593979.79732251,160.0,2.232834354332502e-07,161.5,BID
444,1712181623.5445845,18595259.79732251,158.7,-4.0828971050651466e-07,161.5,ASK
445,1712181623.5464425,18595542.29732251,158.6,-9.011081501413312e-08,161.5,ASK
446,1712181623.6050072,18596479.79732251,158.6,-2.9904031531238865e-07,161.5,ASK
447,1712181623.7446997,18598354.79732251,158.6,-5.980806306247773e-07,161.5,ASK
448,1712181623.8046346,18599604.79732251,158.6,-3.987204204165182e-07,161.5,ASK
449,1712181624.0448582,18600854.79732251,158.6,-3.987204204165182e-07,161.5,ASK
450,1712181624.1052265,18602872.87489282,158.6,-6.43718989813081e-07,161.5,ASK
451,1712181624.108489,18602934.78471218,158.5,-1.9747767362766256e-08,161.5,ASK
452,1712181624.1116798,18610354.79732251,158.6,-2.366808437989691e-06,161.5,ASK
453,1712181630.2647398,18610354.79732251,158.6,-0.0,161.5,ASK
454,1712181660.4184618,18610354.79732251,158.6,-0.0,161.5,ASK
455,1712181690.4047663,18610354.79732251,158.6,-0.0,161.5,ASK
456,1712181720.2846594,18610354.79732251,158.6,-0.0,161.5,ASK
457,1712181750.3165154,18610354.79732251,158.6,-0.0,161.5,ASK
458,1712181774.715438,18611594.79732251,159.0,-3.948058082054981e-07,161.5,ASK
459,1712181780.405089,18611594.79732251,159.0,-0.0,161.5,ASK
460,1712181810.4076772,18611594.79732251,159.0,-0.0,161.5,ASK
461,1712181840.3054552,18611594.79732251,159.0,-0.0,161.5,ASK
462,1712181870.282329,18611594.79732251,159.0,-0.0,161.5,ASK
463,1712181900.415822,18611594.79732251,159.0,-0.0,161.5,ASK
464,1712181919.0358715,18611794.79732251,159.1,-6.38426483852975e-08,161.5,ASK
465,1712181930.3955212,18611794.79732251,159.1,-0.0,161.5,ASK
466,1712181960.2663343,18611794.79732251,159.1,-0.0,161.5,ASK
467,1712181990.3030252,18611794.79732251,159.1,-0.0,161.5,ASK
468,1712182020.4057825,18611794.79732251,159.1,-0.0,161.5,ASK
469,1712182026.1856973,18611994.79732251,158.8,-6.384199991877916e-08,161.5,ASK
470,1712182050.4195592,18611994.79732251,158.8,-0.0,161.5,ASK
471,1712182059.7658622,18612202.08375467,159.2,6.616723111439965e-08,161.5,BID
472,1712182080.2758896,18612202.08375467,159.2,0.0,161.5,BID
473,1712182110.2959142,18612202.08375467,159.2,0.0,161.5,BID
474,1712182126.963037,18612302.08375467,158.8,-3.19203401008558e-08,161.5,ASK
475,1712182140.4061615,18612302.08375467,158.8,-0.0,161.5,ASK
476,1712182170.4059298,18612302.08375467,158.8,-0.0,161.5,ASK
477,1712182200.316584,18612302.08375467,158.8,-0.0,161.5,ASK
478,1712182221.916073,18612402.08375467,158.4,-3.192095249994504e-08,161.5,ASK
479,1712182230.2901535,18612402.08375467,158.4,-0.0,161.5,ASK
480,1712182244.256041,18612434.08375467,159.0,1.0214653151847457e-08,161.5,BID
481,1712182260.4165602,18612434.08375467,159.0,0.0,161.5,BID
482,1712182268.3967288,18612634.08375467,158.4,-6.38414785121956e-08,161.5,ASK
483,1712182290.4063272,18612634.08375467,158.4,-0.0,161.5,ASK
484,1712182320.2775347,18612634.08375467,158.4,-0.0,161.5,ASK
485,1712182350.2950914,18612634.08375467,158.4,-0.0,161.5,ASK
486,1712182380.4043462,18612634.08375467,158.4,-0.0,161.5,ASK
487,1712182410.453665,18612634.08375467,158.4,-0.0,161.5,ASK
488,1712182440.2830489,18612634.08375467,158.4,-0.0,161.5,ASK
489,1712182470.2825444,18612634.08375467,158.4,-0.0,161.5,ASK
490,1712182500.322199,18612634.08375467,158.4,-0.0,161.5,ASK
491,1712182524.6638863,18613444.71857553,159.1,2.5959629696261735e-07,161.5,BID
492,1712182530.2817605,18613444.71857553,159.1,0.0,161.5,BID
493,1712182560.421192,18613444.71857553,159.1,0.0,161.5,BID
494,1712182578.3504784,18613544.71857553,158.5,-3.2022504947826337e-08,161.5,ASK
495,1712182590.410236,18613544.71857553,158.5,-0.0,161.5,ASK
496,1712182620.2801929,18613544.71857553,158.5,-0.0,161.5,ASK
497,1712182650.299512,18613544.71857553,158.5,-0.0,161.5,ASK
498,1712182667.5992005,18614340.60310336,158.7,-2.548608687394562e-07,161.5,ASK
499,1712182680.4000118,18614340.60310336,158.7,-0.0,161.5,ASK
500,1712182710.4089026,18614340.60310336,158.7,-0.0,161.5,ASK
501,1712182734.6888623,18620854.79384665,158.7,-2.085912097789439e-06,161.5,ASK
502,1712182734.694433,18623176.3355679,158.5,-7.433819721764006e-07,161.5,ASK
503,1712182734.6989615,18623430.8019075,158.7,-8.148278691366538e-08,161.5,ASK
504,1712182734.7035265,18624710.8019075,158.4,-4.0986940517834106e-07,161.5,ASK
505,1712182734.7060158,18628552.45067566,158.3,-1.2301361683672246e-06,161.5,ASK
506,1712182734.708526,18632898.79479665,158.2,-1.391744905914648e-06,161.5,ASK
507,1712182740.268716,18632898.79479665,158.2,-0.0,161.5,ASK
508,1712182770.2980592,18632898.79479665,158.2,-0.0,161.5,ASK
509,1712182800.351159,18632898.79479665,158.2,-0.0,161.5,ASK
510,1712182830.271943,18632898.79479665,158.2,-0.0,161.5,ASK
511,1712182860.3068168,18632898.79479665,158.2,-0.0,161.5,ASK
512,1712182885.7865634,18632998.79479665,158.3,-3.201513756390986e-08,161.5,ASK
513,1712182890.153234,18633098.79479665,158.3,-3.201513756390986e-08,161.5,ASK
514,1712182890.2936356,18633098.79479665,158.3,-0.0,161.5,ASK
515,1712182893.6764455,18633148.53395441,159.0,1.592389837624026e-08,161.5,BID
516,1712182897.5463548,18633198.25767834,159.0,1.5918957263456034e-08,161.5,BID
517,1712182920.3960376,18633198.25767834,159.0,0.0,161.5,BID
518,1712182950.3983943,18633198.25767834,159.0,0.0,161.5,BID
519,1712182980.2615774,18633198.25767834,159.0,0.0,161.5,BID
520,1712183010.2752054,18633198.25767834,159.0,0.0,161.5,BID
521,1712183040.405055,18633198.25767834,159.0,0.0,161.5,BID
522,1712183070.394658,18633198.25767834,159.0,0.0,161.5,BID
523,1712183100.2743132,18633198.25767834,159.0,0.0,161.5,BID
524,1712183117.4247537,18634478.25767834,158.9,4.107005875970563e-07,161.5,BID
525,1712183117.5443506,18636342.91176639,158.9,-5.982926012714377e-07,161.5,ASK
526,1712183130.2844005,18636342.91176639,158.9,-0.0,161.5,ASK
527,1712183158.3839526,18636972.2383869,159.0,2.0189326567689042e-07,161.5,BID
528,1712183160.3341436,18636972.2383869,159.0,0.0,161.5,BID
529,1712183190.2439415,18636972.2383869,159.0,0.0,161.5,BID
530,1712183220.393448,18636972.2383869,159.0,0.0,161.5,BID
531,1712183250.4070337,18636972.2383869,159.0,0.0,161.5,BID
532,1712183268.9236617,18637944.06782228,159.0,3.1176103757585104e-07,161.5,BID
533,1712183268.9330623,18645744.86725636,159.0,2.5024816464145395e-06,161.5,BID
534,1712183280.2832143,18645744.86725636,159.0,0.0,161.5,BID
535,1712183306.7930834,18645981.36745636,159.6,7.583488167417284e-08,161.5,BID
536,1712183306.8038554,18647181.36745636,159.5,3.84785543554317e-07,161.5,BID
537,1712183306.8082125,18648514.46681903,159.8,4.274644690633211e-07,161.5,BID
538,1712183306.8126884,18653049.83540316,160.0,1.4542868882196832e-06,161.5,BID
539,1712183306.8165455,18655409.64588692,159.6,7.566841330660024e-07,161.5,BID
540,1712183306.8189762,18656609.43531332,159.7,3.847180221571085e-07,161.5,BID
541,1712183306.8213973,18657018.99591332,159.6,1.3132749840710333e-07,161.5,BID
542,1712183306.823854,18658500.21742739,159.9,4.749605211805388e-07,161.5,BID
543,1712183310.2630167,18658500.21742739,159.9,0.0,161.5,BID
544,1712183331.3909123,18658845.1499278,159.9,1.1053195784315085e-07,161.5,BID
545,1712183340.4028249,18658845.1499278,159.9,0.0,161.5,BID
546,1712183370.382497,18658845.1499278,159.9,0.0,161.5,BID
547,1712183393.532442,18658883.14866117,159.1,-1.2176295823383512e-08,161.5,ASK
548,1712183400.472411,18658883.14866117,159.1,-0.0,161.5,ASK
549,1712183430.3823354,18658883.14866117,159.1,-0.0,161.5,ASK
550,1712183460.2921903,18658883.14866117,159.1,-0.0,161.5,ASK
551,1712183490.281933,18658883.14866117,159.1,-0.0,161.5,ASK
552,1712183520.3950207,18658883.14866117,159.1,-0.0,161.5,ASK
553,1712183543.7716513,18659278.71657969,159.1,-1.2753059308079994e-07,161.5,ASK
554,1712183550.4023948,18659278.71657969,159.1,-0.0,161.5,ASK
555,1712183580.2913675,18659278.71657969,159.1,-0.0,161.5,ASK
556,1712183610.263311,18659278.71657969,159.1,-0.0,161.5,ASK
557,1712183640.3948364,18659278.71657969,159.1,-0.0,161.5,ASK
558,1712183658.0609431,18659786.17206091,159.1,-1.6359968132289858e-07,161.5,ASK
559,1712183670.388625,18659786.17206091,159.1,-0.0,161.5,ASK
560,1712183700.26075,18659786.17206091,159.1,-0.0,161.5,ASK
561,1712183730.2991288,18659786.17206091,159.1,-0.0,161.5,ASK
562,1712183760.400549,18659786.17206091,159.1,-0.0,161.5,ASK
563,1712183790.390242,18659786.17206091,159.1,-0.0,161.5,ASK
564,1712183820.2903411,18659786.17206091,159.1,-0.0,161.5,ASK
565,1712183824.37017,18660786.17206091,159.1,-3.236795296423871e-07,161.5,ASK
566,1712183850.2598789,18660786.17206091,159.1,-0.0,161.5,ASK
567,1712183880.4199898,18660786.17206091,159.1,-0.0,161.5,ASK
568,1712183910.389796,18660786.17206091,159.1,-0.0,161.5,ASK
569,1712183940.302181,18660786.17206091,159.1,-0.0,161.5,ASK
570,1712183970.2798655,18660786.17206091,159.1,-0.0,161.5,ASK
571,1712183977.8646796,18660886.17206091,159.2,-3.2366286184226435e-08,161.5,ASK
572,1712183982.1799457,18660936.00612477,159.6,1.6129435725443695e-08,161.5,BID
573,1712184000.299694,18660936.00612477,159.6,0.0,161.5,BID
574,1712184015.774721,18661036.00612477,159.2,-3.243780768237124e-08,161.5,ASK
575,1712184030.2624278,18661036.00612477,159.2,-0.0,161.5,ASK
576,1712184041.9692698,18661085.78724172,159.6,1.614781958984633e-08,161.5,BID
577,1712184060.399415,18661085.78724172,159.6,0.0,161.5,BID
578,1712184090.399464,18661085.78724172,159.6,0.0,161.5,BID
579,1712184120.2502382,18661085.78724172,159.6,0.0,161.5,BID
580,1712184150.2739632,18661085.78724172,159.6,0.0,161.5,BID
581,1712184150.3048637,18662341.28002263,159.3,-4.072511810819786e-07,161.5,ASK
582,1712184180.3986366,18662341.28002263,159.3,-0.0,161.5,ASK
583,1712184210.3786783,18662341.28002263,159.3,-0.0,161.5,ASK
584,1712184240.278664,18662341.28002263,159.3,-0.0,161.5,ASK
585,1712184270.2782557,18662341.28002263,159.3,-0.0,161.5,ASK
586,1712184300.2885654,18662341.28002263,159.3,-0.0,161.5,ASK
587,1712184330.2940044,18662341.28002263,159.3,-0.0,161.5,ASK
588,1712184360.3990822,18662341.28002263,159.3,-0.0,161.5,ASK
589,1712184385.3529117,18662729.26790119,159.3,1.260676131659675e-07,161.5,BID
590,1712184388.2017598,18662764.50000119,159.5,1.1447849273382872e-08,161.5,BID
591,1712184388.2072814,18689535.04343823,159.6,8.698463794231341e-06,161.5,BID
592,1712184388.2123044,18689607.14583823,159.5,2.3427993434727376e-08,161.5,BID
593,1712184388.2147102,18702278.43456785,159.6,4.1172397751304695e-06,161.5,BID
594,1712184390.3984318,18702278.43456785,159.6,0.0,161.5,BID
595,1712184413.6694636,18703200.91328972,159.6,2.991184644618752e-07,161.5,BID
596,1712184413.6755989,18721288.47215557,159.6,5.864983880452425e-06,161.5,BID
597,1712184420.2790334,18721288.47215557,159.6,0.0,161.5,BID
598,1712184450.2721136,18721288.47215557,159.6,0.0,161.5,BID
599,1712184480.3895853,18721288.47215557,159.6,0.0,161.5,BID
600,1712184510.3799393,18721288.47215557,159.6,0.0,161.5,BID
601,1712184540.2708027,18721288.47215557,159.6,0.0,161.5,BID
602,1712184570.2702382,18721288.47215557,159.6,0.0,161.5,BID
603,1712184600.3208344,18721288.47215557,159.6,0.0,161.5,BID
604,1712184630.272508,18721288.47215557,159.6,0.0,161.5,BID
605,1712184660.4104996,18721288.47215557,159.6,0.0,161.5,BID
606,1712184681.0007408,18724741.45189605,159.5,1.1205490949902509e-06,161.5,BID
607,1712184681.0059235,18732008.58058621,159.5,2.3583035780597662e-06,161.5,BID
608,1712184690.3806918,18732008.58058621,159.5,0.0,161.5,BID
609,1712184720.2509942,18732008.58058621,159.5,0.0,161.5,BID
610,1712184750.2611363,18732008.58058621,159.5,0.0,161.5,BID
611,1712184780.391355,18732008.58058621,159.5,0.0,161.5,BID
612,1712184810.3912833,18732008.58058621,159.5,0.0,161.5,BID
613,1712184840.2829683,18732008.58058621,159.5,0.0,161.5,BID
614,1712184870.2635677,18732008.58058621,159.5,0.0,161.5,BID
615,1712184900.3718665,18732008.58058621,159.5,0.0,161.5,BID
616,1712184930.4021358,18732008.58058621,159.5,0.0,161.5,BID
617,1712184960.2618096,18732008.58058621,159.5,0.0,161.5,BID
618,1712184990.2822635,18732008.58058621,159.5,0.0,161.5,BID
619,1712184997.6919444,18732071.23722781,159.6,2.0434934745714773e-08,161.5,BID
620,1712185020.3822072,18732071.23722781,159.6,0.0,161.5,BID
621,1712185040.773092,18732526.70597781,159.2,-1.4854680353151128e-07,161.5,ASK
622,1712185050.4132502,18732526.70597781,159.2,-0.0,161.5,ASK
623,1712185051.5126376,18732566.70597781,159.6,1.3045311291547741e-08,161.5,BID
624,1712185067.0630243,18732739.52709309,159.6,5.6362631164968763e-08,161.5,BID
625,1712185073.0230613,18739153.4073654,159.6,2.091776618475097e-06,161.5,BID
626,1712185073.028505,18749492.58540102,159.6,3.371944899335096e-06,161.5,BID
627,1712185080.2645824,18749492.58540102,159.6,0.0,161.5,BID
628,1712185091.652793,18749555.24204262,159.6,2.041635542598564e-08,161.5,BID
629,1712185110.2526903,18749555.24204262,159.6,0.0,161.5,BID
630,1712185140.3830674,18749555.24204262,159.6,0.0,161.5,BID
631,1712185147.5666015,18749743.21196743,159.6,6.124886670642267e-08,161.5,BID
632,1712185170.3967254,18749743.21196743,159.6,0.0,161.5,BID
633,1712185200.40334,18749743.21196743,159.6,0.0,161.5,BID
634,1712185230.262964,18749743.21196743,159.6,0.0,161.5,BID
635,1712185260.3827307,18749743.21196743,159.6,0.0,161.5,BID
636,1712185274.442608,18754755.74329575,159.2,-1.6363054449807917e-06,161.5,ASK
637,1712185290.402779,18754755.74329575,159.2,-0.0,161.5,ASK
638,1712185313.832991,18757287.74321743,159.2,-8.263382281124661e-07,161.5,ASK
639,1712185313.8385465,18757337.74321743,159.2,-1.6317896004600763e-08,161.5,ASK
640,1712185320.2531762,18757337.74321743,159.2,-0.0,161.5,ASK
641,1712185350.283059,18757337.74321743,159.2,-0.0,161.5,ASK
642,1712185380.402878,18757337.74321743,159.2,-0.0,161.5,ASK
643,1712185410.4030392,18757337.74321743,159.2,-0.0,161.5,ASK
644,1712185440.2662702,18757337.74321743,159.2,-0.0,161.5,ASK
645,1712185470.2744024,18757337.74321743,159.2,-0.0,161.5,ASK
646,1712185500.3928812,18757337.74321743,159.2,-0.0,161.5,ASK
647,1712185502.1530185,18757537.74321743,159.6,6.540609034246703e-08,161.5,BID
648,1712185530.4078867,18757537.74321743,159.6,0.0,161.5,BID
649,1712185560.2633045,18757537.74321743,159.6,0.0,161.5,BID
650,1712185580.2447498,18757600.39985903,159.6,2.0490415909230613e-08,161.5,BID
651,1712185590.275437,18757600.39985903,159.6,0.0,161.5,BID
652,1712185620.4172852,18757600.39985903,159.6,0.0,161.5,BID
653,1712185650.4040155,18757600.39985903,159.6,0.0,161.5,BID
654,1712185680.283502,18757600.39985903,159.6,0.0,161.5,BID
655,1712185710.273826,18757600.39985903,159.6,0.0,161.5,BID
656,1712185740.3937244,18757600.39985903,159.6,0.0,161.5,BID
657,1712185770.383383,18757600.39985903,159.6,0.0,161.5,BID
658,1712185775.6735773,18757637.99384399,159.6,1.2294209340880688e-08,161.5,BID
659,1712185793.8135884,18769029.31693244,159.6,3.72525846521404e-06,161.5,BID
660,1712185800.2898686,18769029.31693244,159.6,0.0,161.5,BID
661,1712185830.273673,18769029.31693244,159.6,0.0,161.5,BID
662,1712185837.4434958,18769135.73484288,159.2,-3.484311495189018e-08,161.5,ASK
663,1712185849.8035169,18792711.76352817,159.2,-7.719210743572141e-06,161.5,ASK
664,1712185859.84361,18792963.17773307,159.2,-8.231747837941182e-08,161.5,ASK
665,1712185860.4039924,18792963.17773307,159.2,-0.0,161.5,ASK
666,1712185890.40372,18792963.17773307,159.2,-0.0,161.5,ASK
667,1712185890.585862,18793009.32502266,159.3,-1.5090616357276647e-08,161.5,ASK
668,1712185920.2636974,18793009.32502266,159.3,-0.0,161.5,ASK
669,1712185929.323492,18793209.32502266,159.6,6.54018045908456e-08,161.5,BID
670,1712185941.36362,18793946.152343,159.4,-2.409491821106992e-07,161.5,ASK
671,1712185950.2734635,18793946.152343,159.4,-0.0,161.5,ASK
672,1712185959.2877011,18793960.00505341,159.3,-4.529740038445977e-09,161.5,ASK
673,1712185959.293369,18803960.00505341,159.3,-3.269930508388241e-06,161.5,ASK
674,1712185959.3831964,18806143.42496524,159.2,-7.139631382320569e-07,161.5,ASK
675,1712185959.4433703,18808767.40626582,159.2,-8.580236508210874e-07,161.5,ASK
676,1712185959.463204,18811354.46505478,159.2,-8.459502461010764e-07,161.5,ASK
677,1712185959.5638018,18812594.11921632,159.1,-4.053582962666588e-07,161.5,ASK
678,1712185959.5697818,18814050.73387152,159.1,-4.763028700005181e-07,161.5,ASK
679,1712185980.4033744,18814050.73387152,159.1,-0.0,161.5,ASK
680,1712186005.2035124,18814090.73387152,159.3,1.3066044114626446e-08,161.5,BID
681,1712186010.3733723,18814090.73387152,159.3,0.0,161.5,BID
682,1712186012.654334,18815776.7967776,159.1,-5.507531614224842e-07,161.5,ASK
683,1712186012.659381,18815965.35743127,159.1,-6.159341727708383e-08,161.5,ASK
684,1712186012.6649792,18816594.28824888,159.0,-2.054405175908314e-07,161.5,ASK
685,1712186012.6674993,18817383.48848007,159.0,-2.577925893242186e-07,161.5,ASK
686,1712186012.670047,18821133.94497715,159.1,-1.2250882010969728e-06,161.5,ASK
687,1712186012.672616,18822211.4439635,159.0,-3.5196549964026805e-07,161.5,ASK
688,1712186028.1235323,18834422.24373231,159.0,-3.988662909267242e-06,161.5,ASK
689,1712186040.293651,18834422.24373231,159.0,-0.0,161.5,ASK
690,1712186052.1040728,18835501.49798026,158.9,-3.5216691554651e-07,161.5,ASK
691,1712186052.110461,18841794.76418542,158.9,-2.0535292331697407e-06,161.5,ASK
692,1712186070.2933998,18841794.76418542,158.9,-0.0,161.5,ASK
693,1712186072.5336237,18845777.68708542,158.8,-1.2991542025730414e-06,161.5,ASK
694,1712186072.5395162,18846497.76422647,158.8,-2.348755593467581e-07,161.5,ASK
695,1712186072.5452025,18850138.25179529,158.8,-1.1874582670044594e-06,161.5,ASK
696,1712186072.6332357,18851687.41479529,158.8,5.053077030249712e-07,161.5,BID
697,1712186072.6532588,18852743.14069529,158.8,3.443578432683634e-07,161.5,BID
698,1712186072.773303,18856722.12889529,158.8,1.2978707777702751e-06,161.5,BID
699,1712186080.583832,18856988.71589529,158.7,-8.695564290311464e-08,161.5,ASK
700,1712186080.589911,18862760.4420852,158.7,-1.882628040759162e-06,161.5,ASK
701,1712186100.293501,18862760.4420852,158.7,-0.0,161.5,ASK
702,1712186121.3736916,18864042.62052151,158.6,-4.18362112419822e-07,161.5,ASK
703,1712186121.3799129,18864402.45332151,158.6,-1.1740987530539553e-07,161.5,ASK
704,1712186121.3856142,18866063.91352288,158.6,-5.421179922102972e-07,161.5,ASK
705,1712186130.3134232,18866063.91352288,158.6,-0.0,161.5,ASK
706,1712186160.3937216,18866063.91352288,158.6,-0.0,161.5,ASK
707,1712186171.2932987,18866163.91352288,158.7,-3.262343152825984e-08,161.5,ASK
708,1712186177.4357016,18866263.91352288,159.6,3.262343152825984e-08,161.5,BID
709,1712186177.591909,18866634.48802288,158.6,-1.2089411826811764e-07,161.5,ASK
710,1712186177.5976884,18866819.11042288,158.6,-6.023016225005557e-08,161.5,ASK
711,1712186177.6022792,18867999.11042288,158.7,-3.8495649203346617e-07,161.5,ASK
712,1712186177.6067848,18868062.28161681,158.3,-2.0608611197746162e-08,161.5,ASK
713,1712186177.610273,18873115.97713166,158.3,-1.6486888959339324e-06,161.5,ASK
714,1712186177.6129534,18873300.52503166,158.6,-6.020585779292533e-08,161.5,ASK
715,1712186177.6155715,18874274.44185873,158.5,-3.17725089221858e-07,161.5,ASK
716,1712186177.618182,18875514.44185873,158.6,-4.045305509504221e-07,161.5,ASK
717,1712186177.6208303,18895495.51192979,158.3,-6.5185107132459484e-06,161.5,ASK
718,1712186177.63315,18896138.63122979,158.3,2.0980758448064453e-07,161.5,BID
719,1712186177.6533043,18909624.35328204,158.3,4.399505299807236e-06,161.5,BID
720,1712186190.4134877,18909624.35328204,158.3,0.0,161.5,BID
721,1712186196.4159007,18909724.35328204,159.1,3.2550191844226226e-08,161.5,BID
722,1712186220.2737577,18909724.35328204,159.1,0.0,161.5,BID
723,1712186250.2637086,18909724.35328204,159.1,0.0,161.5,BID
724,1712186273.2839074,18911004.35328204,158.6,-4.166402979361846e-07,161.5,ASK
725,1712186273.289666,18946981.69032329,158.5,-1.1710631581106207e-05,161.5,ASK
726,1712186273.3445368,18952010.65497129,158.5,1.636929163479401e-06,161.5,BID
727,1712186273.3484716,18953084.7930412,158.5,3.496321917746184e-07,161.5,BID
728,1712186280.3834848,18953084.7930412,158.5,0.0,161.5,BID
729,1712186289.7834325,18954601.61487129,158.5,-4.926238177789029e-07,161.5,ASK
730,1712186289.7894523,18956367.38327129,158.5,-5.734751130729529e-07,161.5,ASK
731,1712186289.8715694,18959128.40657129,158.5,8.967077161207859e-07,161.5,BID
732,1712186289.88039,18961009.99287129,158.5,6.110897194364841e-07,161.5,BID
733,1712186290.063158,18977716.30061829,158.5,5.4257691576265575e-06,161.5,BID
734,1712186290.0831037,18980815.99011816,158.5,1.0066975864029924e-06,161.5,BID
735,1712186290.1431806,18982095.99011816,158.6,4.157103189367505e-07,161.5,BID
736,1712186310.413347,18982095.99011816,158.6,0.0,161.5,BID
737,1712186340.2832568,18982095.99011816,158.6,0.0,161.5,BID
738,1712186370.2833903,18982095.99011816,158.6,0.0,161.5,BID
739,1712186378.6648903,18983323.77348079,158.5,-3.981571052821034e-07,161.5,ASK
740,1712186400.366079,18983323.77348079,158.5,-0.0,161.5,ASK
741,1712186430.2838476,18983323.77348079,158.5,-0.0,161.5,ASK
742,1712186460.3945038,18983323.77348079,158.5,-0.0,161.5,ASK
743,1712186490.40515,18983323.77348079,158.5,-0.0,161.5,ASK
744,1712186520.285915,18983323.77348079,158.5,-0.0,161.5,ASK
745,1712186550.2968445,18983323.77348079,158.5,-0.0,161.5,ASK
746,1712186580.4347472,18983323.77348079,158.5,-0.0,161.5,ASK
747,1712186610.4074185,18983323.77348079,158.5,-0.0,161.5,ASK
748,1712186640.2781897,18983323.77348079,158.5,-0.0,161.5,ASK
749,1712186670.2890024,18983323.77348079,158.5,-0.0,161.5,ASK
750,1712186700.4102466,18983323.77348079,158.5,-0.0,161.5,ASK
751,1712186704.3699956,18983423.77348079,158.9,3.2607788831660744e-08,161.5,BID
752,1712186707.4797788,18983523.77348079,158.7,-3.2607788831660744e-08,161.5,ASK
753,1712186712.0095713,18983623.77348079,158.9,3.2607788831660744e-08,161.5,BID
754,1712186712.4095602,18983723.77348079,158.8,-3.2607788831660744e-08,161.5,ASK
755,1712186730.4098475,18983723.77348079,158.8,-0.0,161.5,ASK
756,1712186760.3000376,18983723.77348079,158.8,-0.0,161.5,ASK
757,1712186770.4699883,18983823.77348079,158.8,3.2607113351561715e-08,161.5,BID
758,1712186790.2907135,18983823.77348079,158.8,0.0,161.5,BID
759,1712186807.9605155,18986707.24987861,158.8,9.402135490678528e-07,161.5,BID
760,1712186813.46057,18989548.56187523,158.8,9.264650261646532e-07,161.5,BID
761,1712186817.250631,19013550.52842955,158.9,7.826307916272753e-06,161.5,BID
762,1712186820.4307654,19013550.52842955,158.9,0.0,161.5,BID
763,1712186842.368824,19018658.4751376,158.9,-1.6629843049552986e-06,161.5,ASK
764,1712186850.411387,19018658.4751376,158.9,-0.0,161.5,ASK
765,1712186880.301562,19018658.4751376,158.9,-0.0,161.5,ASK
766,1712186892.8718848,19019287.80175811,158.9,2.0483452036252094e-07,161.5,BID
767,1712186910.282346,19019287.80175811,158.9,0.0,161.5,BID
768,1712186921.4318671,19019375.316824,158.9,2.8483656209952728e-08,161.5,BID
769,1712186923.5825894,19019406.83350115,158.8,-1.0257778905317738e-08,161.5,ASK
770,1712186923.588891,19025018.09900092,158.9,-1.8263067709905445e-06,161.5,ASK
771,1712186923.5949516,19027884.86320077,158.8,-9.330499277269844e-07,161.5,ASK
772,1712186940.322384,19027884.86320077,158.8,-0.0,161.5,ASK
773,1712186970.3225534,19027884.86320077,158.8,-0.0,161.5,ASK
774,1712187000.3731077,19027884.86320077,158.8,-0.0,161.5,ASK
775,1712187030.3141737,19027884.86320077,158.8,-0.0,161.5,ASK
776,1712187060.3949163,19027884.86320077,158.8,-0.0,161.5,ASK
777,1712187090.4138143,19027884.86320077,158.8,-0.0,161.5,ASK
778,1712187093.7549534,19027984.86320077,158.7,-3.267555528235368e-08,161.5,ASK
779,1712187093.761557,19029875.22236901,158.7,-6.176853550541725e-07,161.5,ASK
780,1712187120.364925,19029875.22236901,158.7,-0.0,161.5,ASK
781,1712187150.2646294,19029875.22236901,158.7,-0.0,161.5,ASK
782,1712187180.4246483,19029875.22236901,158.7,-0.0,161.5,ASK
783,1712187189.364699,19029975.22236901,158.6,-3.267218311195743e-08,161.5,ASK
784,1712187209.794844,19036062.24217201,158.6,1.9887622560968627e-06,161.5,BID
785,1712187210.4080005,19036062.24217201,158.6,0.0,161.5,BID
786,1712187229.8858273,19052699.83454258,158.5,-5.434122467776299e-06,161.5,ASK
787,1712187229.8929791,19052889.10899052,158.5,-6.182027466592307e-08,161.5,ASK
788,1712187240.2953198,19052889.10899052,158.5,-0.0,161.5,ASK
789,1712187270.2954922,19052889.10899052,158.5,-0.0,161.5,ASK
790,1712187273.5257566,19052944.04686499,158.7,1.792803298562e-08,161.5,BID
791,1712187288.6056476,19053007.05883726,158.7,2.0562876308230532e-08,161.5,BID
792,1712187300.3956811,19053007.05883726,158.7,0.0,161.5,BID
793,1712187310.27601,19053070.07080953,158.7,2.062995334472539e-08,161.5,BID
794,1712187311.2857664,19054024.91064849,158.5,-3.126120421364997e-07,161.5,ASK
795,1712187330.4056442,19054024.91064849,158.5,-0.0,161.5,ASK
796,1712187348.1458683,19062438.34405774,158.5,-2.754390388411914e-06,161.5,ASK
797,1712187360.2871592,19062438.34405774,158.5,-0.0,161.5,ASK
798,1712187381.0588534,19062564.52702303,158.7,4.129176077853271e-08,161.5,BID
799,1712187390.2870102,19062564.52702303,158.7,0.0,161.5,BID
800,1712187420.4067974,19062564.52702303,158.7,0.0,161.5,BID
801,1712187450.407098,19062564.52702303,158.7,0.0,161.5,BID
802,1712187480.287474,19062564.52702303,158.7,0.0,161.5,BID
803,1712187504.6572633,19063194.65934187,158.6,2.0620138705327168e-07,161.5,BID
804,1712187510.287595,19063194.65934187,158.6,0.0,161.5,BID
805,1712187532.527776,19063809.21011064,158.5,-2.0109598103135682e-07,161.5,ASK
806,1712187532.5384767,19064630.95473769,158.2,-2.688948583788222e-07,161.5,ASK
807,1712187532.5456932,19064693.96670996,158.5,-2.0619052199659613e-08,161.5,ASK
808,1712187532.550218,19067222.41171628,158.2,-8.273687950141986e-07,161.5,ASK
809,1712187532.5544326,19067285.50319892,158.5,-2.0645069930168936e-08,161.5,ASK
810,1712187532.5587068,19101333.31494412,158.2,-1.1141273354215203e-05,161.5,ASK
811,1712187532.5629916,19103919.98622238,158.5,-8.464218494941855e-07,161.5,ASK
812,1712187532.567279,19149431.1401161,158.2,-1.4892358134211911e-05,161.5,ASK
813,1712187535.5575716,19149747.39565057,158.1,-1.0348651436642456e-07,161.5,ASK
814,1712187535.5678058,19149776.07261651,158.1,-9.383801781634876e-09,161.5,ASK
815,1712187535.6375737,19149810.40762284,158.1,-1.1235250418024737e-08,161.5,ASK
816,1712187535.647847,19151353.83758342,158.0,-5.05047878629634e-07,161.5,ASK
817,1712187538.1608827,19152633.83758342,158.1,4.188471787884389e-07,161.5,BID
818,1712187538.164026,19186325.95308342,158.2,1.1024880878585132e-05,161.5,BID
819,1712187540.4279058,19186325.95308342,158.2,0.0,161.5,BID
820,1712187548.8880858,19190276.64840579,158.2,1.284575478007104e-06,161.5,BID
821,1712187570.407715,19190276.64840579,158.2,0.0,161.5,BID
1022,1712187572.248515,19190366.12983762,158.0,-2.908913221545225e-08,161.5,ASK
822,1712187572.248515,19190366.12983762,158.0,-2.9089132215452252e-08,161.5,ASK
823,1712187572.25512,19190904.80705281,158.0,-1.7511624941058828e-07,161.5,ASK
824,1712187600.3280022,19190904.80705281,158.0,-0.0,161.5,ASK
825,1712187605.192248,19191588.28809709,158.0,-2.224911725093287e-07,161.5,ASK
826,1712187611.7081103,19191889.06328798,157.9,-9.79102865291126e-08,161.5,ASK
827,1712187630.2886338,19191889.06328798,157.9,-0.0,161.5,ASK
828,1712187637.3182745,19191989.06328798,158.1,3.255099960017469e-08,161.5,BID
829,1712187660.407733,19191989.06328798,158.1,0.0,161.5,BID
830,1712187667.537922,19195089.06328798,158.1,1.009075794585499e-06,161.5,BID
831,1712187667.5980232,19195808.14960062,158.1,2.3406857816233122e-07,161.5,BID
832,1712187667.60474,19197661.84511547,158.1,6.033933143765033e-07,161.5,BID
833,1712187667.6176767,19199903.11414132,158.1,7.295517171408861e-07,161.5,BID
834,1712187690.3979297,19199903.11414132,158.1,0.0,161.5,BID
835,1712187717.8800628,19207686.41523174,158.1,-2.5324978334420504e-06,161.5,ASK
836,1712187717.9780731,19210324.83493446,158.2,8.584779264267726e-07,161.5,BID
837,1712187717.9979875,19210673.79937445,158.2,1.1354458448306865e-07,161.5,BID
838,1712187720.2582607,19210673.79937445,158.2,0.0,161.5,BID
839,1712187733.7785094,19211636.51772888,158.2,3.130717641077786e-07,161.5,BID
840,1712187741.1584144,19212900.87363514,158.2,4.1116296600268e-07,161.5,BID
841,1712187750.278332,19212900.87363514,158.2,0.0,161.5,BID
842,1712187756.9984746,19212933.09936023,158.6,1.0478463153672608e-08,161.5,BID
843,1712187780.4184954,19212933.09936023,158.6,0.0,161.5,BID
844,1712187810.4389117,19212933.09936023,158.6,0.0,161.5,BID
845,1712187816.378549,19212980.38813702,158.6,1.5376314427828744e-08,161.5,BID
846,1712187840.2787712,19212980.38813702,158.6,0.0,161.5,BID
847,1712187870.298884,19212980.38813702,158.6,0.0,161.5,BID
848,1712187900.321814,19212980.38813702,158.6,0.0,161.5,BID
849,1712187930.2993016,19212980.38813702,158.6,0.0,161.5,BID
850,1712187942.9293718,19213046.6341938,158.5,2.1616445131757013e-08,161.5,BID
851,1712187950.5992663,19213081.7795938,158.3,-1.1468133314406593e-08,161.5,ASK
852,1712187960.427776,19213081.7795938,158.3,-0.0,161.5,ASK
853,1712187985.7992449,19214081.7795938,158.3,3.263036756896609e-07,161.5,BID
854,1712187990.399434,19214081.7795938,158.3,0.0,161.5,BID
855,1712188020.329596,19214081.7795938,158.3,0.0,161.5,BID
856,1712188024.069643,19215238.0660938,158.3,3.772810470732968e-07,161.5,BID
857,1712188042.3899612,19225198.70900842,158.4,3.250026518820319e-06,161.5,BID
858,1712188042.3968737,19225238.0660938,158.3,1.2841698299501253e-08,161.5,BID
859,1712188050.293594,19225238.0660938,158.3,0.0,161.5,BID
860,1712188060.1098485,19226796.89684257,158.3,5.083328458967219e-07,161.5,BID
861,1712188080.4202511,19226796.89684257,158.3,0.0,161.5,BID
862,1712188103.8302972,19228110.64857664,158.3,-4.283784006128141e-07,161.5,ASK
863,1712188110.420049,19228110.64857664,158.3,-0.0,161.5,ASK
864,1712188140.3000865,19228110.64857664,158.3,-0.0,161.5,ASK
865,1712188170.3103805,19228110.64857664,158.3,-0.0,161.5,ASK
866,1712188200.3004806,19228110.64857664,158.3,-0.0,161.5,ASK
867,1712188200.40109,19228247.59045914,158.3,-4.478403746322813e-08,161.5,ASK
868,1712188217.511835,19229510.21672176,158.4,4.129160547199834e-07,161.5,BID
869,1712188217.6906123,19230141.52985307,158.4,2.064580273599917e-07,161.5,BID
870,1712188230.2903807,19230141.52985307,158.4,0.0,161.5,BID
871,1712188259.1509447,19230204.6611662,158.4,2.0643631063592293e-08,161.5,BID
872,1712188260.4205632,19230204.6611662,158.4,0.0,161.5,BID
873,1712188261.7206943,19230267.81615357,158.4,2.0651304896409024e-08,161.5,BID
874,1712188278.0405953,19230480.08256771,158.4,6.940985375879078e-08,161.5,BID
875,1712188290.4208832,19230480.08256771,158.4,0.0,161.5,BID
876,1712188320.3215582,19230480.08256771,158.4,0.0,161.5,BID
877,1712188350.292549,19230480.08256771,158.4,0.0,161.5,BID
878,1712188380.4314232,19230480.08256771,158.4,0.0,161.5,BID
879,1712188391.451544,19232326.78545778,158.4,6.038522368900295e-07,161.5,BID
880,1712188410.4216363,19232326.78545778,158.4,0.0,161.5,BID
881,1712188421.7515683,19238775.67254509,158.4,-2.108515923760385e-06,161.5,ASK
882,1712188434.7617428,19252815.51045835,158.4,-4.590438847249867e-06,161.5,ASK
883,1712188440.3018594,19252815.51045835,158.4,-0.0,161.5,ASK
884,1712188466.0316648,19262175.47713841,158.4,-3.0570730965978047e-06,161.5,ASK
885,1712188470.2812583,19262175.47713841,158.4,-0.0,161.5,ASK
886,1712188481.2900069,19262207.7028635,158.6,1.0520199272483264e-08,161.5,BID
887,1712188500.4207916,19262207.7028635,158.6,0.0,161.5,BID
888,1712188507.32023,19263295.49864987,158.3,-3.600805679867845e-07,161.5,ASK
889,1712188509.6601377,19266748.47839036,158.5,1.143000296362422e-06,161.5,BID
890,1712188509.6704066,19269660.85489198,158.6,9.640506040150465e-07,161.5,BID
891,1712188530.4196188,19269660.85489198,158.6,0.0,161.5,BID
892,1712188533.7695756,19274807.29877596,158.6,1.702902371793913e-06,161.5,BID
893,1712188541.7793355,19274884.8181558,158.4,-2.5650320641640988e-08,161.5,ASK
894,1712188560.308986,19274884.8181558,158.4,-0.0,161.5,ASK
895,1712188590.267919,19274884.8181558,158.4,-0.0,161.5,ASK
896,1712188618.0271952,19274996.69271535,158.4,-3.700793090677741e-08,161.5,ASK
897,1712188620.3971024,19274996.69271535,158.4,-0.0,161.5,ASK
898,1712188640.087875,19277850.78108717,158.4,9.441224753866678e-07,161.5,BID
899,1712188640.0956762,19277996.69271535,158.4,4.8267057511051234e-08,161.5,BID
900,1712188650.416926,19277996.69271535,158.4,0.0,161.5,BID
901,1712188658.8462338,19283262.25215282,158.3,-1.7415549273387012e-06,161.5,ASK
902,1712188659.1666074,19286293.70885282,158.4,1.0026376903720864e-06,161.5,BID
903,1712188659.17371,19296611.18368464,158.4,3.4124482582398607e-06,161.5,BID
904,1712188668.236125,19304829.03245585,158.4,-2.7180084451779787e-06,161.5,ASK
905,1712188680.2667575,19304829.03245585,158.4,-0.0,161.5,ASK
906,1712188710.287751,19304829.03245585,158.4,-0.0,161.5,ASK
907,1712188740.4268022,19304829.03245585,158.4,-0.0,161.5,ASK
908,1712188770.434066,19304829.03245585,158.4,-0.0,161.5,ASK
909,1712188800.399123,19304829.03245585,158.4,-0.0,161.5,ASK
910,1712188805.313704,189.39393939,158.4,-6.329417699177984e-08,158.4,ASK
911,1712188805.323005,245.98734177,158.2,-1.8913133325932946e-08,158.4,ASK
912,1712188808.883908,1437.41220571,158.2,-3.981661528003849e-07,158.4,ASK
913,1712188808.889594,7946.37598177,158.2,-2.1752517878973783e-06,158.4,ASK
914,1712188808.9451177,7978.0278805,158.0,-1.0577851048428357e-08,158.4,ASK
915,1712188808.9483807,12182.95579628,158.0,-1.4052585452114412e-06,158.4,ASK
916,1712188808.9516256,29513.1562848,157.9,-5.791636102804093e-06,158.4,ASK
917,1712188811.773415,52889.82836028,157.9,-7.812326120834423e-06,158.4,ASK
918,1712188812.6839323,82156.61062438,157.9,-9.780761214271654e-06,158.4,ASK
919,1712188812.6938224,82283.27306896,157.9,-4.2329734580097856e-08,158.4,ASK
920,1712188812.697121,84509.0187941,157.9,-7.438292076264142e-07,158.4,ASK
921,1712188817.253301,85428.29636063,157.8,-3.072163617691487e-07,158.4,ASK
922,1712188817.2568264,86062.00992211,157.8,-2.1178279754670745e-07,158.4,ASK
923,1712188817.34325,86696.12533112,157.7,-2.1191709228058405e-07,158.4,ASK
924,1712188817.3479638,88788.59917658,157.8,-6.99290644419683e-07,158.4,ASK
925,1712188823.5047102,89536.27978495,157.8,2.498698158553194e-07,158.4,BID
926,1712188823.5116634,89986.21641359,157.8,1.503657862545513e-07,158.4,BID
927,1712188823.5174863,95610.13028312,157.9,1.879474079218357e-06,158.4,BID
928,1712188823.523002,95692.51304611,157.9,2.7531763680271693e-08,158.4,BID
929,1712188827.1787395,101898.97283078,157.9,2.074156994508388e-06,158.4,BID
930,1712188829.3466425,108232.09506004,157.9,2.1164867290918315e-06,158.4,BID
931,1712188830.3632195,108232.09506004,157.9,0.0,158.4,BID
932,1712188860.4326642,108232.09506004,157.9,0.0,158.4,BID
933,1712188860.6115897,108232.09506004,157.9,0.0,158.4,BID
934,1712188861.6927164,110874.04832336,157.9,8.779082981816607e-07,158.4,BID
935,1712188890.4185464,110874.04832336,157.9,0.0,158.4,BID
936,1712188896.785717,116752.93598158,158.0,-1.9532551866505004e-06,158.4,ASK
937,1712188896.792194,120444.10494752,157.9,-1.2263876002877449e-06,158.4,ASK
938,1712188896.8578615,121684.10494752,157.8,-4.11988895222393e-07,158.4,ASK
939,1712188906.298792,122318.62271402,157.6,-2.1081796259622482e-07,158.4,ASK
940,1712188906.302485,123066.27602589,157.6,-2.484071467473223e-07,158.4,ASK
941,1712188906.342101,123098.35089899,157.6,-1.0656848010378902e-08,158.4,ASK
942,1712188906.3548093,124662.72037765,157.6,-5.197603655102923e-07,158.4,ASK
943,1712188920.3845637,124662.72037765,157.6,-0.0,158.4,ASK
944,1712188920.601606,124662.72037765,157.6,-0.0,158.4,ASK
945,1712188922.631992,125167.35940329,157.2,-1.675446915712747e-07,158.4,ASK
946,1712188922.639374,129751.77890182,157.2,-1.5220684724896483e-06,158.4,ASK
947,1712188922.6437209,135187.7483138,157.2,-1.8047906964111576e-06,158.4,ASK
948,1712188922.6501553,136168.39382437,157.2,-3.2558312231368005e-07,158.4,ASK
949,1712188922.727429,137808.30733357,157.2,5.444660225277289e-07,158.4,BID
950,1712188923.9011624,143808.30733357,157.1,-1.9920539204290125e-06,158.4,ASK
951,1712188923.9046752,144173.66357568,157.1,-1.213015557414036e-07,158.4,ASK
952,1712188950.2812395,144173.66357568,157.1,-0.0,158.4,ASK
953,1712188963.2609282,144758.02089181,157.1,-1.938145228456157e-07,158.4,ASK
954,1712188963.2675912,148237.58309181,157.1,-1.1540707524137357e-06,158.4,ASK
955,1712188963.3610046,149600.52069181,157.1,4.520472206316595e-07,158.4,BID
956,1712188963.6045296,174462.51623604,157.1,8.24600919743196e-06,158.4,BID
957,1712188963.7036223,175549.19198132,157.1,3.604191053072839e-07,158.4,BID
958,1712188966.3347504,177793.31618514,157.0,-7.443114850518884e-07,158.4,ASK
959,1712188966.3413973,185683.1776501,157.0,-2.61684023274726e-06,158.4,ASK
960,1712188966.3448246,185771.53711406,157.0,-2.9306294066299786e-08,158.4,ASK
961,1712188966.4109304,187272.41116476,157.0,-4.977967759764801e-07,158.4,ASK
962,1712188966.4182663,187779.59310207,157.0,-1.6821766830379145e-07,158.4,ASK
963,1712188968.4025352,188779.59310207,157.1,3.3167125232414013e-07,158.4,BID
964,1712188968.472668,190164.49380207,157.0,-4.593317495135777e-07,158.4,ASK
965,1712188968.4805691,197736.71719707,157.0,-2.511488816297795e-06,158.4,ASK
966,1712188968.540531,197736.7171977,157.0,-2.0895641061537486e-16,158.4,ASK
967,1712188975.3817482,198936.7171977,157.1,3.980055027889682e-07,158.4,BID
968,1712188975.3890536,200176.7171977,157.2,4.1127235288193373e-07,158.4,BID
969,1712188975.394916,201416.7171977,157.0,4.1127235288193373e-07,158.4,BID
970,1712188975.402074,216241.73377424,157.1,4.917031813667164e-06,158.4,BID
971,1712188980.48419,216241.73377424,157.1,0.0,158.4,BID
972,1712188980.7302823,216241.73377424,157.1,0.0,158.4,BID
973,1712189008.186527,222191.58040583,157.1,-1.966011802269469e-06,158.4,ASK
974,1712189008.1929543,228556.95278011,157.1,-2.103314251367566e-06,158.4,ASK
975,1712189010.276347,229947.72024821,157.6,4.595522247548016e-07,158.4,BID
976,1712189010.4334824,229947.72024821,157.6,0.0,158.4,BID
977,1712189014.7712436,234481.28386486,157.1,-1.496963044925957e-06,158.4,ASK
978,1712189014.7789977,248420.54875703,157.0,-4.6026848151810885e-06,158.4,ASK
979,1712189018.192934,248470.40010689,157.0,-1.6460699526980924e-08,158.4,ASK
980,1712189018.1997397,252637.50380689,156.9,-1.3759595697222589e-06,158.4,ASK
981,1712189018.203285,254342.21832861,157.0,-5.628893420159359e-07,158.4,ASK
982,1712189018.2067456,266893.37726585,156.9,-4.144338248841888e-06,158.4,ASK
983,1712189040.4117844,266893.37726585,156.9,-0.0,158.4,ASK
984,1712189040.6342232,266893.37726585,156.9,-0.0,158.4,ASK
985,1712189051.8099709,276316.69495174,156.9,-3.1055917749489814e-06,158.4,ASK
986,1712189062.3898065,278533.72305174,156.9,-7.306539439395444e-07,158.4,ASK
987,1712189062.3959444,280250.27350508,156.9,-5.657142364159139e-07,158.4,ASK
988,1712189070.2867155,280250.27350508,156.9,-0.0,158.4,ASK
989,1712189072.9855866,280315.04749621,156.8,-2.1332479802973972e-08,158.4,ASK
1189,1712189072.9855866,280315.04749621,156.8,-2.133247980297397e-08,158.4,ASK
990,1712189073.022693,286300.10498567,156.9,1.97110160708327e-06,158.4,BID
991,1712189073.0308087,333500.64996786,156.9,1.5544891629436197e-05,158.4,BID
992,1712189073.0342388,334740.64996786,157.1,4.083780309692207e-07,158.4,BID
993,1712189073.0377629,335940.64996786,156.9,3.952045460992458e-07,158.4,BID
994,1712189073.3916214,338015.20966786,156.8,-6.832295204952341e-07,158.4,ASK
995,1712189073.3994691,340190.43567673,156.8,-7.163826729156182e-07,158.4,ASK
996,1712189073.4054255,343140.86688336,156.8,-9.716865215110555e-07,158.4,ASK
997,1712189073.4693418,347597.03912137,156.8,1.4675829388856626e-06,158.4,BID
998,1712189073.6700711,349181.32302504,157.8,5.217635008685275e-07,158.4,BID
999,1712189073.749544,351082.46370945,157.8,6.261162010442191e-07,158.4,BID
1000,1712189073.82948,352686.09764554,157.8,5.281361848515111e-07,158.4,BID
1201,1712189073.8371048,355538.63590945,157.9,9.394467415160634e-07,158.4,BID
1202,1712189073.880862,356805.2603553,157.9,4.171464493336222e-07,158.4,BID
1203,1712189073.9334648,357755.22868968,157.9,3.128598369977581e-07,158.4,BID
1204,1712189074.151467,359021.85313553,157.9,4.171464493336414e-07,158.4,BID
1205,1712189076.1395109,360301.85313553,157.8,4.215515158391955e-07,158.4,BID
1206,1712189076.2594097,365358.98875022,157.8,-1.665502487638231e-06,158.4,ASK
1207,1712189076.279479,366047.20157895,157.5,-2.2665403216493145e-07,158.4,ASK
1208,1712189076.2815278,366047.20157896,157.5,-3.297230283548817e-18,158.4,ASK
1209,1712189076.2993696,366638.98875023,157.5,-1.948974836742641e-07,158.4,ASK
1210,1712189098.6646566,461671.37000418,157.9,3.1297690915164825e-05,158.4,BID
1211,1712189098.7239149,462263.15717545,157.9,1.948974836742641e-07,158.4,BID
1212,1712189098.7594826,464376.01763293,157.9,6.958433817245275e-07,158.4,BID
1213,1712189100.4201462,464376.01763293,157.9,0.0,158.4,BID
1214,1712189100.619125,464376.01763293,157.9,0.0,158.4,BID
1215,1712189130.4093,464376.01763293,157.9,0.0,158.4,BID
1216,1712189160.4249487,464376.01763293,157.9,0.0,158.4,BID
1217,1712189160.5397608,464376.01763293,157.9,0.0,158.4,BID
1218,1712189182.2787197,471709.99099493,157.9,2.4052508729896506e-06,158.4,BID
1219,1712189190.3087697,471709.99099493,157.9,0.0,158.4,BID
1220,1712189192.2502575,471709.99099571,157.9,2.5572518316742745e-16,158.4,BID
1221,1712189192.2515583,473212.32079616,157.9,4.925172272084161e-07,158.4,BID
1222,1712189220.4689908,473212.32079616,157.9,0.0,158.4,BID
1223,1712189220.6980507,473212.32079616,157.9,0.0,158.4,BID
1224,1712189236.4194489,474492.32079616,158.3,-4.1959696698549227e-07,158.4,ASK
1225,1712189236.4207332,498581.07324366,158.2,-7.896537082371353e-06,158.4,ASK
1226,1712189249.778187,498681.07324366,158.6,3.278101304574158e-08,158.6,BID
1227,1712189250.4184964,498681.07324366,158.6,0.0,158.6,BID
1228,1712189280.445336,498681.07324366,158.6,0.0,158.6,BID
1229,1712189280.5892153,498681.07324366,158.6,0.0,158.6,BID
1230,1712189310.2889588,498681.07324366,158.6,0.0,158.6,BID
1231,1712189340.4518385,498681.07324366,158.6,0.0,158.6,BID
1232,1712189340.6743033,498681.07324366,158.6,0.0,158.6,BID
1233,1712189370.4181051,498681.07324366,158.6,0.0,158.6,BID
1234,1712189400.4611237,498681.07324366,158.6,0.0,158.6,BID
1235,1712189400.6478188,498681.07324366,158.6,0.0,158.6,BID
1236,1712189419.809329,498725.45226397,158.2,-1.46092415089696e-08,158.6,ASK
1237,1712189423.0375245,505002.18575946,158.2,-2.066253713635384e-06,158.6,ASK
1238,1712189423.1907492,506342.13298015,158.2,4.411006015813073e-07,158.6,BID
1239,1712189423.8272066,507782.90391631,158.2,4.742910145026208e-07,158.6,BID
1240,1712189430.297398,507782.90391631,158.2,0.0,158.6,BID
1241,1712189434.5411906,515725.87093384,158.2,2.6135264937483688e-06,158.6,BID
1242,1712189442.38719,528476.18493624,158.2,-4.195319378179362e-06,158.6,ASK
1243,1712189442.467333,529993.92861887,158.2,-4.993931507607155e-07,158.6,ASK
1244,1712189442.758689,530556.88772508,158.2,1.8523412419183925e-07,158.6,BID
1245,1712189446.307299,540119.62322688,158.2,-3.1464895336345165e-06,158.6,ASK
1246,1712189449.2570746,547291.67485323,158.2,-2.3598671502259063e-06,158.6,ASK
1247,1712189451.772595,547728.24456326,158.2,-1.436473928461842e-07,158.6,ASK
1248,1712189459.907333,558486.32200279,158.2,-3.5398007253405068e-06,158.6,ASK
1249,1712189460.4334905,558486.32200279,158.2,-0.0,158.6,ASK
1250,1712189460.626717,558486.32200279,158.2,-0.0,158.6,ASK
1251,1712189464.8277974,562118.92861887,158.2,-1.1921140219035848e-06,158.6,ASK
1252,1712189464.8300743,569244.39944233,158.2,-2.33836871950593e-06,158.6,ASK
1253,1712189490.4177372,569244.39944233,158.2,-0.0,158.6,ASK
1254,1712189501.4268808,569444.39944233,158.5,6.559744542391188e-08,158.6,BID
1255,1712189501.527318,572688.55067233,158.5,1.0640401662841945e-06,158.6,BID
1256,1712189503.3872106,573271.95903159,158.6,1.9135049003208059e-07,158.6,BID
1257,1712189503.4668467,573346.20880858,158.6,2.4352978469169544e-08,158.6,BID
1258,1712189503.4771433,574160.78091547,158.6,2.671692466277987e-07,158.6,BID
1259,1712189503.562398,574744.18927473,158.7,1.9135049003208059e-07,158.7,BID
1260,1712189513.6269422,575526.36277525,158.7,2.565429175619358e-07,158.7,BID
1261,1712189520.4548235,575526.36277525,158.7,0.0,158.7,BID
1262,1712189520.533468,575526.36277525,158.7,0.0,158.7,BID
1263,1712189550.290338,575526.36277525,158.7,0.0,158.7,BID
1264,1712189580.4202292,575526.36277525,158.7,0.0,158.7,BID
1265,1712189580.611415,575526.36277525,158.7,0.0,158.7,BID
1266,1712189610.4066603,575526.36277525,158.7,0.0,158.7,BID
1267,1712189621.4964757,580977.66612735,158.6,1.787373914390563e-06,158.7,BID
1268,1712189637.776587,608791.1145743,158.6,9.119476391673326e-06,158.7,BID
1269,1712189637.7831364,655759.28111614,158.7,1.5399927368066412e-05,158.7,BID
1270,1712189640.1650126,659394.44921614,158.7,-1.1918992975985794e-06,158.7,ASK
1271,1712189640.430579,659394.44921614,158.7,-0.0,158.7,ASK
1272,1712189640.4749076,659394.44921614,158.7,-0.0,158.7,ASK
1273,1712189670.277208,659394.44921614,158.7,-0.0,158.7,ASK
1274,1712189691.7040498,659709.50907752,158.7,-1.0285311742612669e-07,158.7,ASK
1275,1712189691.8766122,659740.9619077,159.0,1.0267958672119345e-08,159.0,BID
1276,1712189691.8795238,659909.50907752,159.0,5.5023200268667065e-08,159.0,BID
1277,1712189700.476367,659909.50907752,159.0,0.0,159.0,BID
1278,1712189700.5855808,659909.50907752,159.0,0.0,159.0,BID
1279,1712189730.3063903,659909.50907752,159.0,0.0,159.0,BID
1280,1712189760.39595,659909.50907752,159.0,0.0,159.0,BID
1281,1712189790.4059904,659909.50907752,159.0,0.0,159.0,BID
1282,1712189820.276296,659909.50907752,159.0,0.0,159.0,BID
1283,1712189839.6655524,660035.85146539,158.7,-4.26597990526316e-08,159.0,ASK
1284,1712189839.6671317,661737.6884144,158.7,-5.746291762337094e-07,159.0,ASK
1285,1712189850.2797818,661737.6884144,158.7,-0.0,159.0,ASK
1286,1712189880.4127443,661737.6884144,158.7,-0.0,159.0,ASK
1287,1712189910.44783,661737.6884144,158.7,-0.0,159.0,ASK
1288,1712189914.4758935,666336.44464099,158.7,1.5526285594251971e-06,159.0,BID
1289,1712189929.8358362,669335.24464099,158.7,-1.0124525620825952e-06,159.0,ASK
1290,1712189940.2565026,669335.24464099,158.7,-0.0,159.0,ASK
1291,1712189951.5905273,674340.08286934,158.7,-1.6890420817247128e-06,159.0,ASK
1292,1712189951.5930598,680641.28009681,158.7,-2.126539719537121e-06,159.0,ASK
1293,1712189957.5553794,686942.47732428,158.7,2.126539719537121e-06,159.0,BID
1294,1712189970.267553,686942.47732428,158.7,0.0,159.0,BID
1295,1712189974.2555273,693251.62558926,158.5,-2.1272170534928204e-06,159.0,ASK
1296,1712190000.3092306,693251.62558926,158.5,-0.0,159.0,ASK
1297,1712190000.4834054,700592.95675526,158.7,2.523981488890885e-06,159.0,BID
1298,1712190000.5555108,706024.00803764,158.7,-1.8672189814062216e-06,159.0,ASK
1299,1712190000.6373513,707753.87340017,158.7,-5.94735212807212e-07,159.0,ASK
1300,1712190000.6429558,710350.34246548,158.7,-8.926773236536743e-07,159.0,ASK
1301,1712190012.9491029,710388.12584079,158.8,1.2990088270633132e-08,159.0,BID
1302,1712190013.0150695,711839.24557679,158.7,-4.989012576889034e-07,159.0,ASK
1303,1712190030.2877398,711839.24557679,158.7,-0.0,159.0,ASK
1304,1712190060.4290397,711839.24557679,158.7,-0.0,159.0,ASK
1305,1712190060.7551425,711839.24557745,158.7,-2.2670668410558477e-16,159.0,ASK
1306,1712190065.556522,715039.24557745,158.7,1.0990592383978437e-06,159.0,BID
1307,1712190067.46931,715165.26952199,158.7,4.328368140811525e-08,159.0,BID
1308,1712190090.4249165,715165.26952199,158.7,0.0,159.0,BID
1309,1712190098.0447638,716593.71305999,158.5,4.90518594899218e-07,159.0,BID
1310,1712190119.654717,720296.72982497,158.5,1.2715928436271648e-06,159.0,BID
1311,1712190119.657357,722902.86132497,158.5,8.949292901646401e-07,159.0,BID
1312,1712190120.2750475,722902.86132497,158.5,0.0,159.0,BID
1313,1712190139.8348365,726053.48514349,158.7,1.0814491112236136e-06,159.0,BID
1314,1712190143.2547605,726754.78698785,158.7,2.407212983741191e-07,159.0,BID
1315,1712190150.2967763,726754.78698785,158.7,0.0,159.0,BID
1316,1712190166.5447862,726867.94883732,158.8,3.883456592062221e-08,159.0,BID
1317,1712190166.5478635,727254.78698785,158.8,1.3275403086578644e-07,159.0,BID
1318,1712190178.7646391,727296.80488785,158.9,1.4419585001815416e-08,159.0,BID
1319,1712190180.4150715,727296.80488785,158.9,0.0,159.0,BID
1320,1712190205.3847172,735226.15468708,158.9,2.7210916311585124e-06,159.0,BID
1321,1712190210.4149516,735226.15468708,158.9,0.0,159.0,BID
1322,1712190239.9347298,736157.60751726,159.0,3.195057776970189e-07,159.0,BID
1323,1712190239.9374366,737667.71378174,159.0,5.179947505710678e-07,159.0,BID
1324,1712190240.2649026,737667.71378174,159.0,0.0,159.0,BID
1325,1712190270.2894726,737667.71378174,159.0,0.0,159.0,BID
1326,1712190273.72431,743678.56995978,159.0,2.0615617994200355e-06,159.0,BID
1327,1712190273.7342596,743957.02195784,159.0,9.550153674777196e-08,159.0,BID
1328,1712190273.824473,744132.43895978,159.0,6.016330776464836e-08,159.0,BID
1329,1712190273.8346112,744370.52782351,159.0,8.165806863358935e-08,159.0,BID
1330,1712190282.304631,744436.77388029,158.9,-2.272061349908468e-08,159.0,ASK
1331,1712190300.394801,744436.77388029,158.9,-0.0,159.0,ASK
1332,1712190312.6550643,745716.77388029,158.8,-4.551050173242526e-07,159.0,ASK
1333,1712190312.658519,750295.13019231,158.9,-1.6278382255456683e-06,159.0,ASK
1334,1712190312.6620314,751659.2793788,158.7,-4.850243274612427e-07,159.0,ASK
1335,1712190326.5246544,751909.48492702,159.1,8.896078152915953e-08,159.1,BID
1336,1712190326.5282593,753020.0697567,159.1,3.948693188683856e-07,159.1,BID
1337,1712190326.7101965,753208.86774285,158.9,-6.712727402936657e-08,159.1,ASK
1338,1712190326.713682,754513.0697567,158.7,-4.63710062584e-07,159.1,ASK
1339,1712190330.4048057,754513.0697567,158.7,-0.0,159.1,ASK
1340,1712190360.2848444,754513.0697567,158.7,-0.0,159.1,ASK
1341,1712190390.284367,754513.0697567,158.7,-0.0,159.1,ASK
1342,1712190420.4151826,754513.0697567,158.7,-0.0,159.1,ASK
1343,1712190450.4058568,754513.0697567,158.7,-0.0,159.1,ASK
1344,1712190458.1081452,756196.67447315,158.7,-5.982664963202183e-07,159.1,ASK
1345,1712190471.4147005,756791.52943768,159.1,2.113808496559815e-07,159.1,BID
1346,1712190471.4184396,757396.67447315,159.2,2.1503741145343585e-07,159.2,BID
1347,1712190480.2843907,757396.67447315,159.2,0.0,159.2,BID
1348,1712190510.2969449,757396.67447315,159.2,0.0,159.2,BID
1349,1712190537.049443,757531.91932413,159.2,4.80512386155915e-08,159.2,BID
1350,1712190537.0573666,758848.16801115,159.4,4.676509255557949e-07,159.4,BID
1351,1712190537.0601213,762342.94529556,159.3,1.2416618894154365e-06,159.4,BID
1352,1712190537.062881,763610.53606469,159.2,4.503632195460781e-07,159.4,BID
1353,1712190537.065651,764930.53606469,159.5,4.689837321936918e-07,159.5,BID
1354,1712190537.0684028,765053.83359844,159.6,4.380646783968542e-08,159.6,BID
1355,1712190537.070948,766808.8318478,159.5,6.235345674077263e-07,159.6,BID
1356,1712190540.3049195,766808.8318478,159.5,0.0,159.6,BID
1357,1712190555.320047,768088.8318478,158.8,-4.545298685883938e-07,159.6,ASK
1358,1712190555.361208,789817.7114668,158.8,7.715956873278988e-06,159.6,BID
1359,1712190567.0360134,789986.30443163,159.5,5.986760792898797e-08,159.6,BID
1360,1712190567.0467064,790017.7114668,159.5,1.1152684037948553e-08,159.6,BID
1361,1712190570.297726,790017.7114668,159.5,0.0,159.6,BID
1362,1712190600.386346,790017.7114668,159.5,0.0,159.6,BID
1363,1712190612.7067125,805084.14063466,159.4,5.771057548504732e-06,159.6,BID
1364,1712190630.2928522,805084.14063466,159.4,0.0,159.6,BID
1365,1712190660.4264584,805084.14063466,159.4,0.0,159.6,BID
1366,1712190690.408301,805084.14063466,159.4,0.0,159.6,BID
1367,1712190720.3290987,805084.14063466,159.4,0.0,159.6,BID
1368,1712190750.2693086,805084.14063466,159.4,0.0,159.6,BID
1369,1712190750.5542915,805339.60216877,159.0,-9.776226616015136e-08,159.6,ASK
1370,1712190771.389842,817662.75698686,159.0,-4.715933243945985e-06,159.6,ASK
1371,1712190771.3932734,823952.06516296,159.0,-2.4068477550530904e-06,159.6,ASK
1372,1712190780.3028474,823952.06516296,159.0,-0.0,159.6,ASK
1373,1712190791.3603318,893424.904473,158.7,-2.6555988987435623e-05,159.6,ASK
1374,1712190810.27086,893424.904473,158.7,-0.0,159.6,ASK
1375,1712190825.2567997,899742.02386656,158.3,-2.4045845726552204e-06,159.6,ASK
1376,1712190825.258566,905055.26829495,158.3,-2.0224638458278503e-06,159.6,ASK
1377,1712190825.2602885,907923.69619127,158.2,-1.0918548530674455e-06,159.6,ASK
1378,1712190825.2619731,913520.21589127,158.3,-2.130291370604772e-06,159.6,ASK
1379,1712190825.263818,914797.22593239,158.2,-4.860884293454019e-07,159.6,ASK
1380,1712190840.400849,914797.22593239,158.2,-0.0,159.6,ASK
1381,1712190842.990785,919046.50268906,158.2,-1.615389018565432e-06,159.6,ASK
1382,1712190844.372029,919079.39762506,158.0,-1.2505214751521382e-08,159.6,ASK
1383,1712190844.3750415,924193.82742506,158.2,-1.9442823351468303e-06,159.6,ASK
1384,1712190844.3779788,1003029.46033645,158.0,-2.9969856747224875e-05,159.6,ASK
1385,1712190844.380625,1007783.86365345,158.1,-1.8074160258112768e-06,159.6,ASK
1386,1712190844.3822987,1030124.02709831,158.2,-8.492752241928261e-06,159.6,ASK
1387,1712190844.4506593,1034147.95559831,158.0,1.5297214755873803e-06,159.6,BID
1388,1712190844.471018,1034831.163709,157.9,2.597258174984878e-07,159.6,BID
1389,1712190844.4738076,1040052.63339831,158.0,1.984974215587104e-06,159.6,BID
1390,1712190844.4923203,1040508.15716398,157.9,1.7317019598774608e-07,159.6,BID
1391,1712190844.4979205,1042129.96441483,158.0,6.165401251261249e-07,159.6,BID
1392,1712190845.686721,1043409.96441483,157.9,4.865999703403846e-07,159.6,BID
1393,1712190847.6405244,1044689.96441483,157.9,4.865999703403846e-07,159.6,BID
1394,1712190857.7809346,1045968.16671103,158.0,4.859165620468121e-07,159.6,BID
1395,1712190857.9615448,1047262.19046788,158.0,4.91931188830457e-07,159.6,BID
1396,1712190858.3810978,1048834.21259892,158.0,5.976140018269889e-07,159.6,BID
1397,1712190858.7257354,1050415.38100109,158.0,6.010910137492133e-07,159.6,BID
1398,1712190869.6511524,1067975.70331542,158.0,6.675665872906751e-06,159.6,BID
1399,1712190870.4214993,1067975.70331542,158.0,0.0,159.6,BID
1400,1712190900.332862,1067975.70331542,158.0,0.0,159.6,BID
1401,1712190930.3022716,1067975.70331542,158.0,0.0,159.6,BID
1402,1712190957.7637036,1068165.4566361,158.1,-7.561818763699343e-08,159.6,ASK
1403,1712190957.767671,1068309.12103694,158.0,-5.72513913355523e-08,159.6,ASK
1404,1712190957.7715435,1068435.70331542,158.1,-5.044403150006021e-08,159.6,ASK
1405,1712190960.422515,1068435.70331542,158.1,-0.0,159.6,ASK
1406,1712190961.2325144,1069068.61470783,158.0,-2.522128493450668e-07,159.6,ASK
1407,1712190990.4225907,1069068.61470783,158.0,-0.0,159.6,ASK
1408,1712191020.26325,1069068.61470783,158.0,-0.0,159.6,ASK
1409,1712191036.3982923,1069168.61470783,158.0,-3.984804226647268e-08,159.6,ASK
1410,1712191046.6601484,1069277.6396405,158.6,4.3444301251404377e-08,159.6,BID
1411,1712191050.3333964,1069277.6396405,158.6,0.0,159.6,BID
1412,1712191069.7134223,1069519.64214271,158.7,9.643198778959116e-08,159.6,BID
1413,1712191080.4134848,1069519.64214271,158.7,0.0,159.6,BID
1414,1712191110.4244163,1069519.64214271,158.7,0.0,159.6,BID
1415,1712191140.2945182,1069519.64214271,158.7,0.0,159.6,BID
1416,1712191170.3151803,1069519.64214271,158.7,0.0,159.6,BID
1417,1712191200.329894,1069519.64214271,158.7,0.0,159.6,BID
1418,1712191210.292086,1070799.64214271,158.1,-5.21810071292916e-07,159.6,ASK
1419,1712191210.29578,1080130.91840209,158.1,-3.80402650793823e-06,159.6,ASK
1420,1712191217.9546106,1110266.52409799,158.0,-1.228520512236938e-05,159.6,ASK
1421,1712191230.307829,1110266.52409799,158.0,-0.0,159.6,ASK
1422,1712191233.8051474,1110366.52409799,158.0,-4.06596810850692e-08,159.6,ASK
1423,1712191240.6546962,1111766.52409799,158.0,-5.692355351909687e-07,159.6,ASK
1424,1712191240.8944874,1111846.52409799,158.0,-3.2527744868055355e-08,159.6,ASK
1425,1712191260.425115,1111846.52409799,158.0,-0.0,159.6,ASK
1426,1712191272.345183,1111936.1394826,158.6,3.6433631468921865e-08,159.6,BID
1427,1712191290.425607,1111936.1394826,158.6,0.0,159.6,BID
1428,1712191320.3164103,1111936.1394826,158.6,0.0,159.6,BID
1429,1712191341.4156694,1112476.5739453,158.5,2.197153575511608e-07,159.6,BID
1430,1712191350.278537,1112476.5739453,158.5,0.0,159.6,BID
1431,1712191380.406294,1112476.5739453,158.5,0.0,159.6,BID
1432,1712191393.706734,1112566.10043048,158.6,3.639601110885709e-08,159.6,BID
1433,1712191397.8661387,1118810.44324397,158.6,2.5385691167290653e-06,159.6,BID
1434,1712191397.8702695,1119831.30137418,158.6,4.150186816000078e-07,159.6,BID
1435,1712191410.4283032,1119831.30137418,158.6,0.0,159.6,BID
1436,1712191440.379392,1119831.30137418,158.6,0.0,159.6,BID
1437,1712191470.2964318,1119831.30137418,158.6,0.0,159.6,BID
1438,1712191498.536624,1121100.98148052,158.6,-5.159298684234831e-07,159.6,ASK
1439,1712191500.3079357,1121100.98148052,158.6,-0.0,159.6,ASK
1440,1712191502.286833,1122551.10657478,158.6,-6.069711634098669e-07,159.6,ASK
1441,1712191502.3699064,1123748.76886878,158.6,-5.01299149182836e-07,159.6,ASK
1442,1712191506.5868232,1126670.51513627,158.7,1.2229398264925291e-06,159.6,BID
1443,1712191530.307463,1126670.51513627,158.7,0.0,159.6,BID
1444,1712191560.4273193,1126670.51513627,158.7,0.0,159.6,BID
1445,1712191590.4069543,1126670.51513627,158.7,0.0,159.6,BID
1446,1712191620.2979202,1126670.51513627,158.7,0.0,159.6,BID
1447,1712191650.3241034,1126670.51513627,158.7,0.0,159.6,BID
1448,1712191662.771994,1138720.03542968,158.7,5.041639088685115e-06,159.6,BID
1449,1712191669.0680468,1140568.27890745,158.4,-7.733234465797173e-07,159.6,ASK
1450,1712191669.072244,1140568.27890794,158.6,-2.050662711700548e-16,159.6,ASK
1451,1712191680.4291177,1140568.27890794,158.6,-0.0,159.6,ASK
1452,1712191710.4183912,1140568.27890794,158.6,-0.0,159.6,ASK
1453,1712191740.2786765,1140568.27890794,158.6,-0.0,159.6,ASK
1454,1712191770.3119178,1140568.27890794,158.6,-0.0,159.6,ASK
1455,1712191799.414223,1141795.78583194,158.7,5.131276881202232e-07,159.6,BID
1456,1712191800.33836,1141795.78583194,158.7,0.0,159.6,BID
1457,1712191830.2688313,1141795.78583194,158.7,0.0,159.6,BID
1458,1712191850.8121915,1142995.78583194,159.1,5.08820077843314e-07,159.6,BID
1459,1712191850.8156114,1153902.48303479,158.7,4.624622099806384e-06,159.6,BID
1460,1712191850.818933,1154393.6083734,159.2,2.082453608519825e-07,159.6,BID
1461,1712191856.480358,1155633.6083734,158.7,-5.257807471047579e-07,159.6,ASK
1462,1712191860.4286585,1155633.6083734,158.7,-0.0,159.6,ASK
1463,1712191860.5493927,1156260.96094554,159.4,2.6576043799078605e-07,159.6,BID
1464,1712191860.6089962,1157540.96094554,158.7,-5.422363368461099e-07,159.6,ASK
1465,1712191876.329341,1158540.96094554,158.6,-4.236221381610233e-07,159.6,ASK
1466,1712191876.333729,1158640.99427103,158.6,-4.2376331231365e-08,159.6,ASK
1467,1712191890.419077,1158640.99427103,158.6,-0.0,159.6,ASK
1468,1712191920.2794394,1158640.99427103,158.6,-0.0,159.6,ASK
1469,1712191936.9790585,1159818.26193872,158.6,4.98615765397619e-07,159.6,BID
1470,1712191946.4197967,1160551.68693872,158.6,-3.106322188006012e-07,159.6,ASK
1471,1712191946.424231,1162827.90843872,158.6,-9.64062767190351e-07,159.6,ASK
1472,1712191950.3197954,1162827.90843872,158.6,-0.0,159.6,ASK
1473,1712191959.6801682,1163458.42546268,158.6,2.6697185518210744e-07,159.6,BID
1474,1712191959.6847868,1164698.42546268,159.1,5.250375292751327e-07,159.6,BID
1475,1712191959.6889758,1165825.58705598,159.3,4.772597887420034e-07,159.6,BID
1476,1712191959.6909876,1179216.99959165,159.4,5.67015657357436e-06,159.6,BID
1477,1712191959.6929588,1180456.99959165,159.2,5.250375292751327e-07,159.6,BID
1478,1712191959.6948936,1181656.99959165,159.3,5.081008347823865e-07,159.6,BID
1479,1712191962.709036,1182936.99959165,158.6,-5.419742237678789e-07,159.6,ASK
1480,1712191980.339516,1182936.99959165,158.6,-0.0,159.6,ASK
1481,1712191988.2896383,1184197.4636791,158.6,-5.32979547440412e-07,159.6,ASK
1482,1712191995.0098376,1184216.99959165,158.6,-8.26064140457075e-09,159.6,ASK
1483,1712191995.014144,1184397.4636791,158.6,-7.63081381024578e-08,159.6,ASK
1484,1712192001.459339,1184496.91160883,159.3,4.205095020890744e-08,159.6,BID
1485,1712192010.4008057,1184496.91160883,159.3,0.0,159.6,BID
1486,1712192021.0410452,1185516.44752138,158.6,-4.310594320698111e-07,159.6,ASK
1487,1712192021.0472562,1187096.55502138,158.6,-6.680689058376184e-07,159.6,ASK
1488,1712192040.419917,1187096.55502138,158.6,-0.0,159.6,ASK
1489,1712192068.484738,1187196.55502138,158.7,-4.2272596465216456e-08,159.6,ASK
1490,1712192070.2296755,1188296.55502138,158.7,-4.64998561117381e-07,159.6,ASK
1491,1712192070.4295397,1188296.55502138,158.7,-0.0,159.6,ASK
1492,1712192073.9594674,1188395.97821887,159.3,4.202538385905922e-08,159.6,BID
1493,1712192100.280741,1188395.97821887,159.3,0.0,159.6,BID
1494,1712192124.69348,1194155.10693912,158.6,-2.45079721944526e-06,159.6,ASK
1495,1712192130.3101304,1194155.10693912,158.6,-0.0,159.6,ASK
1496,1712192148.670091,1194235.10693912,158.6,-3.40307722564206e-08,159.6,ASK
1497,1712192160.440017,1194235.10693912,158.6,-0.0,159.6,ASK
1498,1712192173.2601132,1194324.72087508,159.3,3.8120187325356026e-08,159.6,BID
1499,1712192190.4204996,1194324.72087508,159.3,0.0,159.6,BID
1500,1712192212.633926,1195412.84934952,158.6,-4.628678447134493e-07,159.6,ASK
1501,1712192220.3101733,1195412.84934952,158.6,-0.0,159.6,ASK
1502,1712192250.3102496,1195412.84934952,158.6,-0.0,159.6,ASK
1503,1712192280.3612974,1195412.84934952,158.6,-0.0,159.6,ASK
1504,1712192305.681576,1204825.00672417,158.6,-4.003447481936101e-06,159.6,ASK
1505,1712192310.306862,1204825.00672417,158.6,-0.0,159.6,ASK
1506,1712192340.4252603,1204825.00672417,158.6,-0.0,159.6,ASK
1507,1712192348.580929,1213706.27311321,158.6,-3.77523669719912e-06,159.6,ASK
1508,1712192348.680828,1214935.50981321,158.6,5.225222728496017e-07,159.6,BID
1509,1712192348.7027338,1215742.25063989,158.6,3.429282988031885e-07,159.6,BID
1510,1712192370.4306889,1215742.25063989,158.6,0.0,159.6,BID
1511,1712192374.4816828,1216693.76557671,159.3,4.041712063490682e-07,159.6,BID
1512,1712192374.4863012,1223167.51725214,159.3,2.7498296905433325e-06,159.6,BID
1513,1712192374.4906094,1224542.25063989,159.4,5.839400205237837e-07,159.6,BID
1514,1712192374.4926562,1225742.25063989,159.2,5.097192160112978e-07,159.6,BID
1515,1712192400.5407703,1225742.25063989,159.2,0.0,159.6,BID
1516,1712192430.4421115,1225742.25063989,159.2,0.0,159.6,BID
1517,1712192442.590996,1225831.77900816,159.3,3.809230031144173e-08,159.6,BID
1518,1712192460.281342,1225831.77900816,159.3,0.0,159.6,BID
1519,1712192490.306423,1225831.77900816,159.3,0.0,159.6,BID
1520,1712192500.4018316,1226554.85396011,158.4,-3.0765020756280457e-07,159.6,ASK
1521,1712192500.4046247,1227794.85396011,158.5,-5.275888154458706e-07,159.6,ASK
1522,1712192500.4073586,1229034.85396011,158.4,-5.275888154458706e-07,159.6,ASK
1523,1712192520.4410455,1229034.85396011,158.4,-0.0,159.6,ASK
1524,1712192526.555381,1252004.44314957,158.4,-9.770872769071176e-06,159.6,ASK
1525,1712192526.5576484,1253244.44314957,158.5,-5.27474920587955e-07,159.6,ASK
1526,1712192526.6860976,1253598.65277048,158.4,1.5067475133950885e-07,159.6,BID
1527,1712192548.024802,1253698.65277048,158.4,-4.253830004741572e-08,159.6,ASK
1528,1712192550.4317207,1253698.65277048,158.4,-0.0,159.6,ASK
1529,1712192552.6214435,1253798.11278277,159.1,4.2238401780766135e-08,159.6,BID
1530,1712192570.885253,1255164.09863182,159.0,-5.801030765076336e-07,159.6,ASK
1531,1712192580.3014262,1255164.09863182,159.0,-0.0,159.6,ASK
1532,1712192591.892148,1256444.09863182,159.0,5.435330588094309e-07,159.6,BID
1533,1712192610.2914364,1256444.09863182,159.0,0.0,159.6,BID
1534,1712192640.3975997,1256444.09863182,159.0,0.0,159.6,BID
1535,1712192643.06778,1256649.57301005,159.0,-8.724411435598821e-08,159.6,ASK
1536,1712192643.0720432,1259231.35795071,159.0,-1.0962220328673931e-06,159.6,ASK
1537,1712192643.1007304,1262958.88118615,159.0,-1.58270080298397e-06,159.6,ASK
1538,1712192670.442563,1262958.88118615,159.0,-0.0,159.6,ASK
1539,1712192700.2903829,1262958.88118615,159.0,-0.0,159.6,ASK
1540,1712192730.279975,1262958.88118615,159.0,-0.0,159.6,ASK
1541,1712192738.680071,1264239.47143494,159.0,-5.475922257697547e-07,159.6,ASK
1542,1712192740.7331798,1265752.88696063,159.0,-6.471504659748332e-07,159.6,ASK
1543,1712192760.440581,1265752.88696063,159.0,-0.0,159.6,ASK
1544,1712192764.5403798,1267032.88696063,158.6,-5.472358747681828e-07,159.6,ASK
1545,1712192764.545195,1268641.39690942,159.0,-6.876830850776041e-07,159.6,ASK
1546,1712192764.549852,1273122.02660374,158.5,-1.915594773658997e-06,159.6,ASK
1547,1712192774.8001633,1274950.5451744,158.5,-7.817429371445885e-07,159.6,ASK
1548,1712192774.805119,1276306.9892012,158.3,-5.799178387343006e-07,159.6,ASK
1549,1712192790.4301033,1276306.9892012,158.3,-0.0,159.6,ASK
1550,1712192820.3293655,1276306.9892012,158.3,-0.0,159.6,ASK
1551,1712192850.2795763,1276306.9892012,158.3,-0.0,159.6,ASK
1552,1712192880.4397244,1276306.9892012,158.3,-0.0,159.6,ASK
1553,1712192881.1779156,1276370.16039513,159.2,2.69881469143592e-08,159.6,BID
1554,1712192910.4193358,1276370.16039513,159.2,0.0,159.6,BID
1555,1712192940.323352,1276370.16039513,159.2,0.0,159.6,BID
1556,1712192943.226819,1277610.16039513,158.4,-5.29753457364666e-07,159.6,ASK
1557,1712192943.2318294,1277673.29170826,158.4,-2.6970993063389496e-08,159.6,ASK
1558,1712192943.2342515,1292950.72459213,158.3,-6.526832975715079e-06,159.6,ASK
1559,1712192970.2888775,1292950.72459213,158.3,-0.0,159.6,ASK
1560,1712192976.1144822,1293050.72459213,158.3,-4.267419890007428e-08,159.6,ASK
1561,1712192985.8685522,1293109.72459213,158.3,-2.5177777351043832e-08,159.6,ASK
1562,1712192986.1285553,1293409.72459213,158.3,-1.280225967002229e-07,159.6,ASK
1563,1712193000.3190882,1293409.72459213,158.3,-0.0,159.6,ASK
1564,1712193007.342249,1293472.57814335,159.1,2.770221189549141e-08,159.6,BID
1565,1712193030.3084157,1293472.57814335,159.1,0.0,159.6,BID
1566,1712193035.6084592,1299466.59165595,158.4,-2.641803006659512e-06,159.6,ASK
1567,1712193044.7186058,1324110.7565289,158.4,-1.0861675356773054e-05,159.6,ASK
1568,1712193044.8985813,1324337.43795145,158.4,9.990762656567373e-08,159.6,BID
1569,1712193060.399176,1324337.43795145,158.4,0.0,159.6,BID
1570,1712193083.1790564,1324850.25495333,159.1,2.255331195507161e-07,159.6,BID
1571,1712193090.418473,1324850.25495333,159.1,0.0,159.6,BID
1572,1712193120.2924948,1324850.25495333,159.1,0.0,159.6,BID
1573,1712193150.32136,1324850.25495333,159.1,0.0,159.6,BID
1574,1712193180.4184344,1324850.25495333,159.1,0.0,159.6,BID
1575,1712193199.0003376,1325350.25495333,158.3,-2.198884069394475e-07,159.6,ASK
1576,1712193199.0054548,1325381.82692302,158.4,-1.3884620238164268e-08,159.6,ASK
1577,1712193199.009874,1326511.69694502,158.3,-4.968906383724574e-07,159.6,ASK
1578,1712193199.0137863,1330751.36372779,158.4,-1.864507149634808e-06,159.6,ASK
1579,1712193199.0176876,1340227.04281811,158.3,-4.167183959679751e-06,159.6,ASK
1580,1712193199.0204692,1346939.40777342,158.2,-2.951942473638588e-06,159.6,ASK
1581,1712193199.0781596,1349721.10124883,158.2,1.2233242938035682e-06,159.6,BID
1582,1712193199.198504,1350560.52424883,158.6,3.691587724366424e-07,159.6,BID
1583,1712193199.2035646,1350961.10124883,158.6,1.761644767731874e-07,159.6,BID
1584,1712193210.418847,1350961.10124883,158.6,0.0,159.6,BID
1585,1712193226.7481942,1351206.58879049,159.4,1.0776384828783153e-07,159.6,BID
1586,1712193226.7590463,1352423.41759656,159.2,5.341621573253336e-07,159.6,BID
1587,1712193226.7631154,1354114.15998651,159.4,7.422002158331361e-07,159.6,BID
1588,1712193226.767183,1354614.15998651,159.2,2.194894444727024e-07,159.6,BID
1589,1712193226.7712326,1355318.48943341,159.1,3.091857580517682e-07,159.6,BID
1590,1712193226.77363,1356451.63732566,159.3,4.974280027507239e-07,159.6,BID
1591,1712193226.7760053,1357238.32402621,159.5,3.45338853755525e-07,159.6,BID
1592,1712193240.2581215,1357238.32402621,159.5,0.0,159.6,BID
1593,1712193270.2785351,1357238.32402621,159.5,0.0,159.6,BID
1594,1712193300.3382294,1357238.32402621,159.5,0.0,159.6,BID
1595,1712193330.2945426,1357238.32402621,159.5,0.0,159.6,BID
1596,1712193360.419138,1357238.32402621,159.5,0.0,159.6,BID
1597,1712193390.4401217,1357238.32402621,159.5,0.0,159.6,BID
1598,1712193420.2988262,1357238.32402621,159.5,0.0,159.6,BID
1599,1712193450.3285136,1357238.32402621,159.5,0.0,159.6,BID
1600,1712193480.3980246,1357238.32402621,159.5,0.0,159.6,BID
1601,1712193486.97807,1357680.37886086,159.4,1.9515661291258578e-07,159.6,BID
1602,1712193510.4155762,1357680.37886086,159.4,0.0,159.6,BID
