,time,acc_trade_volume,trade_price,dev,high,ask_bid
0,1712173460.232303,12067200.74064311,170.4,0.0,174.0,ASK
1,1712173470.1635597,12067200.74064311,170.4,-0.0,174.0,ASK
2,1712173500.1345432,12067200.74064311,170.4,-0.0,174.0,ASK
3,1712173530.115522,12067200.74064311,170.4,-0.0,174.0,ASK
4,1712173560.1789217,12067200.74064311,170.4,-0.0,174.0,ASK
5,1712173590.1635635,12067200.74064311,170.4,-0.0,174.0,ASK
6,1712173620.112502,12067200.74064311,170.4,-0.0,174.0,ASK
7,1712173650.1144848,12067200.74064311,170.4,-0.0,174.0,ASK
8,1712173680.1720636,12067200.74064311,170.4,-0.0,174.0,ASK
9,1712173710.1633718,12067200.74064311,170.4,-0.0,174.0,ASK
10,1712173740.1125393,12067200.74064311,170.4,-0.0,174.0,ASK
11,1712173770.1036534,12067200.74064311,170.4,-0.0,174.0,ASK
12,1712173800.1320286,12067200.74064311,170.4,-0.0,174.0,ASK
13,1712173830.10365,12067200.74064311,170.4,-0.0,174.0,ASK
14,1712173860.163401,12067200.74064311,170.4,-0.0,174.0,ASK
15,1712173890.1721914,12067200.74064311,170.4,-0.0,174.0,ASK
16,1712173920.1129792,12067200.74064311,170.4,-0.0,174.0,ASK
17,1712173950.1122236,12067200.74064311,170.4,-0.0,174.0,ASK
18,1712173980.164579,12067200.74064311,170.4,-0.0,174.0,ASK
19,1712174010.16154,12067200.74064311,170.4,-0.0,174.0,ASK
20,1712174040.1067848,12067200.74064311,170.4,-0.0,174.0,ASK
21,1712174070.1130476,12067200.74064311,170.4,-0.0,174.0,ASK
22,1712174100.1637092,12067200.74064311,170.4,-0.0,174.0,ASK
23,1712174130.1632886,12067200.74064311,170.4,-0.0,174.0,ASK
24,1712174160.1353045,12067200.74064311,170.4,-0.0,174.0,ASK
25,1712174190.115504,12067200.74064311,170.4,-0.0,174.0,ASK
26,1712174220.1445308,12067200.74064311,170.4,-0.0,174.0,ASK
27,1712174250.1239266,12067200.74064311,170.4,-0.0,174.0,ASK
28,1712174256.882247,12067802.52411088,169.7,-2.3969413101443937e-07,174.0,ASK
29,1712174259.8923025,12068103.41584477,169.7,-1.198470655094454e-07,174.0,ASK
30,1712174280.1740615,12068103.41584477,169.7,-0.0,174.0,ASK
31,1712174310.1624265,12068103.41584477,169.7,-0.0,174.0,ASK
32,1712174340.1038046,12068103.41584477,169.7,-0.0,174.0,ASK
33,1712174347.2326405,12068253.86171171,169.7,-5.991987679305357e-08,174.0,ASK
34,1712174351.0226283,12068329.08464518,169.7,-2.9959938396155865e-08,174.0,ASK
35,1712174370.1090305,12068329.08464518,169.7,-0.0,174.0,ASK
36,1712174400.1529915,12068329.08464518,169.7,-0.0,174.0,ASK
37,1712174419.3429208,12068366.69611192,169.7,-1.5096727956079147e-08,174.0,ASK
38,1712174430.1165566,12068366.69611192,169.7,-0.0,174.0,ASK
39,1712174444.8329377,12071256.40138035,169.7,-1.1598851714458214e-06,174.0,ASK
40,1712174460.1629264,12071256.40138035,169.7,-0.0,174.0,ASK
41,1712174490.183216,12071256.40138035,169.7,-0.0,174.0,ASK
42,1712174520.1132257,12071256.40138035,169.7,-0.0,174.0,ASK
43,1712174550.1049118,12071256.40138035,169.7,-0.0,174.0,ASK
44,1712174580.1731386,12071256.40138035,169.7,-0.0,174.0,ASK
45,1712174582.6232977,12071837.12148035,169.7,-2.330466314297849e-07,174.0,ASK
46,1712174584.3330317,12072420.21188035,169.7,-2.339978477404269e-07,174.0,ASK
47,1712174585.9831583,12072917.97198035,169.7,-1.9975426124450175e-07,174.0,ASK
48,1712174587.6233697,12073093.49255825,169.7,-7.043751271279588e-08,174.0,ASK
49,1712174587.6248376,12073404.82688035,169.2,-1.24940423130125e-07,174.0,ASK
50,1712174589.2531724,12073896.71078035,169.2,-1.9739610519725985e-07,174.0,ASK
51,1712174590.9235194,12074383.80288035,169.2,-1.9547312569571498e-07,174.0,ASK
52,1712174592.5432086,12074967.23348035,169.2,-2.3413437214084734e-07,174.0,ASK
53,1712174594.2332876,12075458.87558035,169.2,-1.9729906933565725e-07,174.0,ASK
54,1712174595.8631792,12075952.21548035,169.2,-1.9798040716204134e-07,174.0,ASK
55,1712174597.5190582,12076446.53090592,169.2,-1.9837189171332414e-07,174.0,ASK
56,1712174610.1663067,12076446.53090592,169.2,-0.0,174.0,ASK
57,1712174640.1134512,12076446.53090592,169.2,-0.0,174.0,ASK
58,1712174670.105864,12076446.53090592,169.2,-0.0,174.0,ASK
59,1712174700.1732163,12076446.53090592,169.2,-0.0,174.0,ASK
60,1712174724.4532676,12076517.83784902,169.2,-2.8628331431952412e-08,174.0,ASK
61,1712174730.165242,12076517.83784902,169.2,-0.0,174.0,ASK
62,1712174760.1263292,12076517.83784902,169.2,-0.0,174.0,ASK
63,1712174790.1103556,12076517.83784902,169.2,-0.0,174.0,ASK
64,1712174820.1750836,12076517.83784902,169.2,-0.0,174.0,ASK
65,1712174850.1734898,12076517.83784902,169.2,-0.0,174.0,ASK
66,1712174880.1249676,12076517.83784902,169.2,-0.0,174.0,ASK
67,1712174910.1061175,12076517.83784902,169.2,-0.0,174.0,ASK
68,1712174940.1733716,12076517.83784902,169.2,-0.0,174.0,ASK
69,1712174970.1660306,12076517.83784902,169.2,-0.0,174.0,ASK
70,1712175000.1437137,12076517.83784902,169.2,-0.0,174.0,ASK
71,1712175030.1062925,12076517.83784902,169.2,-0.0,174.0,ASK
72,1712175060.1674385,12076517.83784902,169.2,-0.0,174.0,ASK
73,1712175063.613494,12076547.20954602,170.3,1.1811502018182125e-08,174.0,BID
74,1712175090.1734743,12076547.20954602,170.3,0.0,174.0,BID
75,1712175120.115925,12076547.20954602,170.3,0.0,174.0,BID
76,1712175150.1154325,12076547.20954602,170.3,0.0,174.0,BID
77,1712175180.1735053,12076547.20954602,170.3,0.0,174.0,BID
78,1712175210.1739836,12076547.20954602,170.3,0.0,174.0,BID
79,1712175240.1360312,12076547.20954602,170.3,0.0,174.0,BID
80,1712175270.1156626,12076547.20954602,170.3,0.0,174.0,BID
81,1712175300.146358,12076547.20954602,170.3,0.0,174.0,BID
82,1712175330.1390128,12076547.20954602,170.3,0.0,174.0,BID
83,1712175360.1758857,12076547.20954602,170.3,0.0,174.0,BID
84,1712175390.1734085,12076547.20954602,170.3,0.0,174.0,BID
85,1712175420.115937,12076547.20954602,170.3,0.0,174.0,BID
86,1712175450.1154594,12076547.20954602,170.3,0.0,174.0,BID
87,1712175480.1653483,12076547.20954602,170.3,0.0,174.0,BID
88,1712175510.203483,12076547.20954602,170.3,0.0,174.0,BID
89,1712175540.103383,12076547.20954602,170.3,0.0,174.0,BID
90,1712175570.1162236,12076547.20954602,170.3,0.0,174.0,BID
91,1712175600.133257,12076547.20954602,170.3,0.0,174.0,BID
92,1712175630.1060586,12076547.20954602,170.3,0.0,174.0,BID
93,1712175660.209487,12076547.20954602,170.3,0.0,174.0,BID
94,1712175690.1796956,12076547.20954602,170.3,0.0,174.0,BID
95,1712175720.1168518,12076547.20954602,170.3,0.0,174.0,BID
96,1712175750.1163073,12076547.20954602,170.3,0.0,174.0,BID
97,1712175780.166232,12076547.20954602,170.3,0.0,174.0,BID
98,1712175781.283172,12076840.80907626,170.3,1.185684266632839e-07,174.0,BID
99,1712175810.1672604,12076840.80907626,170.3,0.0,174.0,BID
100,1712175840.1175056,12076840.80907626,170.3,0.0,174.0,BID
101,1712175867.9634604,12082646.32431571,170.3,2.344475511621828e-06,174.0,BID
102,1712175867.965573,12083414.71914405,170.3,3.103054223437004e-07,174.0,BID
103,1712175868.0877094,12086393.16149605,170.3,-1.2028019683064797e-06,174.0,ASK
104,1712175868.103571,12086393.16149664,170.3,-2.376961457984698e-16,174.0,ASK
105,1712175868.1630263,12089232.16149664,169.6,1.1464901396289909e-06,174.0,BID
106,1712175870.1077564,12089232.16149664,169.6,0.0,174.0,BID
107,1712175900.1729386,12089232.16149664,169.6,0.0,174.0,BID
108,1712175930.1778283,12089232.16149664,169.6,0.0,174.0,BID
109,1712175960.1063695,12089232.16149664,169.6,0.0,174.0,BID
110,1712175990.1144502,12089232.16149664,169.6,0.0,174.0,BID
111,1712176020.168927,12089232.16149664,169.6,0.0,174.0,BID
112,1712176050.1657026,12089232.16149664,169.6,0.0,174.0,BID
113,1712176080.108276,12089232.16149664,169.6,0.0,174.0,BID
114,1712176110.1081634,12089232.16149664,169.6,0.0,174.0,BID
115,1712176140.1661396,12089232.16149664,169.6,0.0,174.0,BID
116,1712176170.1734846,12089232.16149664,169.6,0.0,174.0,BID
117,1712176188.8546305,12090427.61875904,170.4,4.8239908269134e-07,174.0,BID
118,1712176188.8566656,12103888.85896949,170.4,5.431971625960832e-06,174.0,BID
119,1712176200.208016,12103888.85896949,170.4,0.0,174.0,BID
120,1712176230.167774,12103888.85896949,170.4,0.0,174.0,BID
121,1712176260.115892,12103888.85896949,170.4,0.0,174.0,BID
122,1712176290.135157,12103888.85896949,170.4,0.0,174.0,BID
123,1712176320.1693282,12103888.85896949,170.4,0.0,174.0,BID
124,1712176350.1823826,12103888.85896949,170.4,0.0,174.0,BID
125,1712176380.132972,12103888.85896949,170.4,0.0,174.0,BID
126,1712176410.1207056,12103888.85896949,170.4,0.0,174.0,BID
127,1712176440.1793134,12103888.85896949,170.4,0.0,174.0,BID
128,1712176470.1718483,12103888.85896949,170.4,0.0,174.0,BID
129,1712176500.1227782,12103888.85896949,170.4,0.0,174.0,BID
130,1712176530.1235712,12103888.85896949,170.4,0.0,174.0,BID
131,1712176560.2433891,12103888.85896949,170.4,0.0,174.0,BID
132,1712176590.1807797,12103888.85896949,170.4,0.0,174.0,BID
133,1712176620.1251094,12103888.85896949,170.4,0.0,174.0,BID
134,1712176650.1160984,12103888.85896949,170.4,0.0,174.0,BID
135,1712176680.1815853,12103888.85896949,170.4,0.0,174.0,BID
136,1712176710.1720586,12103888.85896949,170.4,0.0,174.0,BID
137,1712176726.3323698,12104187.1883251,170.3,1.2045632242571506e-07,174.0,BID
138,1712176726.4621496,12105062.56788967,170.4,-3.534516503042861e-07,174.0,ASK
139,1712176740.1256475,12105062.56788967,170.4,-0.0,174.0,ASK
140,1712176770.1170828,12105062.56788967,170.4,-0.0,174.0,ASK
141,1712176800.1426446,12105062.56788967,170.4,-0.0,174.0,ASK
142,1712176830.1240091,12105062.56788967,170.4,-0.0,174.0,ASK
143,1712176860.18963,12105062.56788967,170.4,-0.0,174.0,ASK
144,1712176890.1876304,12105062.56788967,170.4,-0.0,174.0,ASK
145,1712176916.7936618,12110147.65238283,169.6,-2.053041287853336e-06,174.0,ASK
146,1712176920.1326857,12110147.65238283,169.6,-0.0,174.0,ASK
147,1712176950.134146,12110147.65238283,169.6,-0.0,174.0,ASK
148,1712176980.1480958,12110147.65238283,169.6,-0.0,174.0,ASK
149,1712177010.1244032,12110147.65238283,169.6,-0.0,174.0,ASK
150,1712177040.187384,12110147.65238283,169.6,-0.0,174.0,ASK
151,1712177050.7945256,12110868.08312912,169.6,-2.907639471946502e-07,174.0,ASK
152,1712177050.9146628,12115335.58800544,169.6,1.8030731734337447e-06,174.0,BID
153,1712177070.189606,12115335.58800544,169.6,0.0,174.0,BID
154,1712177100.1447918,12115335.58800544,169.6,0.0,174.0,BID
155,1712177130.1250644,12115335.58800544,169.6,0.0,174.0,BID
156,1712177160.147768,12115335.58800544,169.6,0.0,174.0,BID
157,1712177190.1195204,12115335.58800544,169.6,0.0,174.0,BID
158,1712177220.1868265,12115335.58800544,169.6,0.0,174.0,BID
159,1712177250.1804278,12115335.58800544,169.6,0.0,174.0,BID
160,1712177280.1463351,12115335.58800544,169.6,0.0,174.0,BID
161,1712177310.1303396,12115335.58800544,169.6,0.0,174.0,BID
162,1712177340.1858375,12115335.58800544,169.6,0.0,174.0,BID
163,1712177370.189963,12115335.58800544,169.6,0.0,174.0,BID
164,1712177400.1452496,12115335.58800544,169.6,0.0,174.0,BID
165,1712177402.70127,12115376.7975686,169.4,-1.673092947098554e-08,174.0,ASK
166,1712177402.7030532,12117147.75388501,169.4,-7.190016819828701e-07,174.0,ASK
167,1712177402.704267,12119819.91783608,169.4,-1.0848886319499031e-06,174.0,ASK
168,1712177425.5596695,12120296.78955758,169.4,-1.936081464415073e-07,174.0,ASK
169,1712177430.122433,12120296.78955758,169.4,-0.0,174.0,ASK
170,1712177459.7166686,12122296.78955758,169.4,-8.117156003342764e-07,174.0,ASK
171,1712177460.2051425,12122296.78955758,169.4,-0.0,174.0,ASK
172,1712177486.7620685,12122355.82143479,170.7,2.3955253866190377e-08,174.0,BID
173,1712177490.1938047,12122355.82143479,170.7,0.0,174.0,BID
174,1712177520.1197655,12122355.82143479,170.7,0.0,174.0,BID
175,1712177550.1312368,12122355.82143479,170.7,0.0,174.0,BID
176,1712177580.1846027,12122355.82143479,170.7,0.0,174.0,BID
177,1712177610.1916132,12122355.82143479,170.7,0.0,174.0,BID
178,1712177640.1342854,12122355.82143479,170.7,0.0,174.0,BID
179,1712177670.1364367,12122355.82143479,170.7,0.0,174.0,BID
180,1712177700.180609,12122355.82143479,170.7,0.0,174.0,BID
181,1712177730.1873462,12122355.82143479,170.7,0.0,174.0,BID
182,1712177758.837566,12133740.03526021,170.7,4.638499872919214e-06,174.0,BID
183,1712177760.129412,12133740.03526021,170.7,0.0,174.0,BID
184,1712177790.1251922,12133740.03526021,170.7,0.0,174.0,BID
185,1712177820.159201,12133740.03526021,170.7,0.0,174.0,BID
186,1712177850.1386163,12133740.03526021,170.7,0.0,174.0,BID
187,1712177880.188382,12133740.03526021,170.7,0.0,174.0,BID
188,1712177910.1927598,12133740.03526021,170.7,0.0,174.0,BID
189,1712177940.1308043,12133740.03526021,170.7,0.0,174.0,BID
190,1712177970.127813,12133740.03526021,170.7,0.0,174.0,BID
191,1712178000.1543505,12133740.03526021,170.7,0.0,174.0,BID
192,1712178027.6783798,12133796.90156021,170.8,2.3192993613270643e-08,174.0,BID
193,1712178030.1366527,12133796.90156021,170.8,0.0,174.0,BID
194,1712178060.1918452,12133796.90156021,170.8,0.0,174.0,BID
195,1712178090.1892045,12133796.90156021,170.8,0.0,174.0,BID
196,1712178120.140504,12133796.90156021,170.8,0.0,174.0,BID
197,1712178150.1339123,12133796.90156021,170.8,0.0,174.0,BID
198,1712178180.1923966,12133796.90156021,170.8,0.0,174.0,BID
199,1712178186.3089132,12134326.63825121,170.8,-2.160529350647833e-07,174.0,ASK
200,1712178186.324732,12134912.11834521,170.8,-2.387878636310472e-07,174.0,ASK
201,1712178210.1884894,12134912.11834521,170.8,-0.0,174.0,ASK
202,1712178240.1328084,12134912.11834521,170.8,-0.0,174.0,ASK
203,1712178270.126815,12134912.11834521,170.8,-0.0,174.0,ASK
204,1712178284.7559996,12138449.85419426,169.6,-1.442752318787842e-06,174.0,ASK
205,1712178300.1951149,12138449.85419426,169.6,-0.0,174.0,ASK
206,1712178330.1854248,12138449.85419426,169.6,-0.0,174.0,ASK
207,1712178360.1293514,12138449.85419426,169.6,-0.0,174.0,ASK
208,1712178390.1340787,12138449.85419426,169.6,-0.0,174.0,ASK
209,1712178420.1586752,12138449.85419426,169.6,-0.0,174.0,ASK
210,1712178450.1269262,12138449.85419426,169.6,-0.0,174.0,ASK
211,1712178480.19193,12138449.85419426,169.6,-0.0,174.0,ASK
212,1712178507.2416203,12138591.08945971,169.7,-5.759982692723073e-08,174.0,ASK
213,1712178510.1867778,12138591.08945971,169.7,-0.0,174.0,ASK
214,1712178540.1237714,12138591.08945971,169.7,-0.0,174.0,ASK
215,1712178564.5503762,12139180.36465123,169.7,-2.4032112068461285e-07,174.0,ASK
216,1712178570.1271057,12139180.36465123,169.7,-0.0,174.0,ASK
217,1712178583.324082,12145080.06966598,169.5,-2.4059487336777523e-06,174.0,ASK
218,1712178598.6699972,12153026.5055655,169.5,-3.240622597553933e-06,174.0,ASK
219,1712178600.1523106,12153026.5055655,169.5,-0.0,174.0,ASK
220,1712178605.859673,12153059.45698817,169.6,-1.3435354683055476e-08,174.0,ASK
221,1712178620.4699428,12153092.40841084,170.4,1.3435354682296014e-08,174.0,BID
222,1712178630.125496,12153092.40841084,170.4,0.0,174.0,BID
223,1712178660.1354828,12153092.40841084,170.4,0.0,174.0,BID
224,1712178690.1233716,12153092.40841084,170.4,0.0,174.0,BID
225,1712178720.1781824,12153092.40841084,170.4,0.0,174.0,BID
226,1712178750.1942067,12153092.40841084,170.4,0.0,174.0,BID
227,1712178780.1240685,12153092.40841084,170.4,0.0,174.0,BID
228,1712178810.1111748,12153092.40841084,170.4,0.0,174.0,BID
229,1712178840.182346,12153092.40841084,170.4,0.0,174.0,BID
230,1712178870.1710975,12153092.40841084,170.4,0.0,174.0,BID
231,1712178900.1526363,12153092.40841084,170.4,0.0,174.0,BID
232,1712178930.121494,12153092.40841084,170.4,0.0,174.0,BID
233,1712178960.1753814,12153092.40841084,170.4,0.0,174.0,BID
234,1712178972.245925,12153145.22010353,169.9,-2.1542710592687025e-08,174.0,ASK
235,1712178990.165264,12153145.22010353,169.9,-0.0,174.0,ASK
236,1712179020.111379,12153145.22010353,169.9,-0.0,174.0,ASK
237,1712179050.1173508,12153145.22010353,169.9,-0.0,174.0,ASK
238,1712179080.1749382,12153145.22010353,169.9,-0.0,174.0,ASK
239,1712179110.186644,12153145.22010353,169.9,-0.0,174.0,ASK
240,1712179140.114082,12153145.22010353,169.9,-0.0,174.0,ASK
241,1712179170.1210303,12153145.22010353,169.9,-0.0,174.0,ASK
242,1712179184.5041275,12156053.88793366,169.9,-1.1864864907550673e-06,174.0,ASK
243,1712179200.1383815,12156053.88793366,169.9,-0.0,174.0,ASK
244,1712179230.1162825,12156053.88793366,169.9,-0.0,174.0,ASK
245,1712179260.1684866,12156053.88793366,169.9,-0.0,174.0,ASK
246,1712179290.1817431,12156053.88793366,169.9,-0.0,174.0,ASK
247,1712179320.1144638,12156053.88793366,169.9,-0.0,174.0,ASK
248,1712179327.2033167,12156105.30188592,169.8,-2.098242998924273e-08,174.0,ASK
249,1712179350.1174617,12156105.30188592,169.8,-0.0,174.0,ASK
250,1712179380.1263516,12156105.30188592,169.8,-0.0,174.0,ASK
251,1712179410.1174166,12156105.30188592,169.8,-0.0,174.0,ASK
252,1712179440.1713629,12156105.30188592,169.8,-0.0,174.0,ASK
253,1712179470.1836798,12156105.30188592,169.8,-0.0,174.0,ASK
254,1712179500.1180596,12156105.30188592,169.8,-0.0,174.0,ASK
255,1712179530.123547,12156105.30188592,169.8,-0.0,174.0,ASK
256,1712179560.173457,12156105.30188592,169.8,-0.0,174.0,ASK
257,1712179590.183112,12156105.30188592,169.8,-0.0,174.0,ASK
258,1712179620.1141934,12156105.30188592,169.8,-0.0,174.0,ASK
259,1712179650.1344385,12156105.30188592,169.8,-0.0,174.0,ASK
260,1712179680.1710875,12156105.30188592,169.8,-0.0,174.0,ASK
261,1712179710.171178,12156105.30188592,169.8,-0.0,174.0,ASK
262,1712179740.1148927,12156105.30188592,169.8,-0.0,174.0,ASK
263,1712179770.1023924,12156105.30188592,169.8,-0.0,174.0,ASK
264,1712179784.4029858,12173510.61276713,169.7,-7.107035451535771e-06,174.0,ASK
265,1712179784.405871,12173542.61276713,169.7,-1.3066421852576981e-08,174.0,ASK
266,1712179800.172726,12173542.61276713,169.7,-0.0,174.0,ASK
267,1712179830.110358,12173542.61276713,169.7,-0.0,174.0,ASK
268,1712179860.1730676,12173542.61276713,169.7,-0.0,174.0,ASK
269,1712179890.1628642,12173542.61276713,169.7,-0.0,174.0,ASK
270,1712179920.107055,12173542.61276713,169.7,-0.0,174.0,ASK
271,1712179950.1140397,12173542.61276713,169.7,-0.0,174.0,ASK
272,1712179980.1426203,12173542.61276713,169.7,-0.0,174.0,ASK
273,1712180010.123175,12173542.61276713,169.7,-0.0,174.0,ASK
274,1712180040.1921632,12173542.61276713,169.7,-0.0,174.0,ASK
275,1712180070.1697664,12173542.61276713,169.7,-0.0,174.0,ASK
276,1712180100.104877,12173542.61276713,169.7,-0.0,174.0,ASK
277,1712180130.109784,12173542.61276713,169.7,-0.0,174.0,ASK
278,1712180160.1719604,12173542.61276713,169.7,-0.0,174.0,ASK
279,1712180190.1222396,12173542.61276713,169.7,-0.0,174.0,ASK
280,1712180220.1689043,12173542.61276713,169.7,-0.0,174.0,ASK
281,1712180250.1627245,12173542.61276713,169.7,-0.0,174.0,ASK
282,1712180280.1212204,12173542.61276713,169.7,-0.0,174.0,ASK
283,1712180310.111209,12173542.61276713,169.7,-0.0,174.0,ASK
284,1712180340.168437,12173542.61276713,169.7,-0.0,174.0,ASK
285,1712180364.0323656,12179487.91597759,169.7,-2.4260417722317826e-06,174.0,ASK
286,1712180370.1723711,12179487.91597759,169.7,-0.0,174.0,ASK
287,1712180400.1380365,12179487.91597759,169.7,-0.0,174.0,ASK
288,1712180430.125888,12179487.91597759,169.7,-0.0,174.0,ASK
289,1712180460.1679497,12179487.91597759,169.7,-0.0,174.0,ASK
290,1712180490.1686046,12179487.91597759,169.7,-0.0,174.0,ASK
291,1712180520.1274383,12179487.91597759,169.7,-0.0,174.0,ASK
292,1712180527.0464294,12180773.96364196,169.7,-5.247096965227966e-07,174.0,ASK
293,1712180527.0498087,12209768.60479298,169.7,-1.18298643049031e-05,174.0,ASK
294,1712180527.0529444,12212891.763308,169.7,-1.2742541369263115e-06,174.0,ASK
295,1712180534.255994,12212950.31131736,170.8,2.3887690226823094e-08,174.0,BID
296,1712180550.146721,12212950.31131736,170.8,0.0,174.0,BID
297,1712180580.181821,12212950.31131736,170.8,0.0,174.0,BID
298,1712180610.172856,12212950.31131736,170.8,0.0,174.0,BID
299,1712180640.1226156,12212950.31131736,170.8,0.0,174.0,BID
300,1712180670.1260564,12212950.31131736,170.8,0.0,174.0,BID
301,1712180700.13972,12212950.31131736,170.8,0.0,174.0,BID
302,1712180730.1275663,12212950.31131736,170.8,0.0,174.0,BID
303,1712180760.184388,12212950.31131736,170.8,0.0,174.0,BID
304,1712180760.38184,12218697.27854745,170.8,2.3397891189112018e-06,174.0,BID
305,1712180760.4749253,12220831.27854745,170.8,-8.688252046423367e-07,174.0,ASK
306,1712180760.5368712,12220890.27854745,171.0,2.4020940521976508e-08,174.0,BID
307,1712180760.5979257,12220949.27854745,171.0,2.4020940521976508e-08,174.0,BID
308,1712180760.859243,12221807.27854745,170.8,-3.4932147403145495e-07,174.0,ASK
309,1712180790.1817892,12221807.27854745,170.8,-0.0,174.0,ASK
310,1712180820.122682,12221807.27854745,170.8,-0.0,174.0,ASK
311,1712180850.122693,12221807.27854745,170.8,-0.0,174.0,ASK
312,1712180872.540473,12221850.51272251,170.8,-1.7591293262044643e-08,174.0,ASK
313,1712180872.7109845,12221850.51272287,170.8,1.462709313740458e-16,174.0,BID
314,1712180872.7142756,12233191.49237287,170.8,4.61446294801326e-06,174.0,BID
315,1712180880.1807623,12233191.49237287,170.8,0.0,174.0,BID
316,1712180910.188238,12233191.49237287,170.8,0.0,174.0,BID
317,1712180940.1355617,12233191.49237287,170.8,0.0,174.0,BID
318,1712180970.120628,12233191.49237287,170.8,0.0,174.0,BID
319,1712181000.1520822,12233191.49237287,170.8,0.0,174.0,BID
320,1712181030.1289582,12233191.49237287,170.8,0.0,174.0,BID
321,1712181060.1777804,12233191.49237287,170.8,0.0,174.0,BID
322,1712181090.1671233,12233191.49237287,170.8,0.0,174.0,BID
323,1712181120.1585534,12233191.49237287,170.8,0.0,174.0,BID
324,1712181128.8927324,12234362.45256023,170.8,4.791741943147446e-07,174.0,BID
325,1712181128.8961022,12234613.07912665,170.8,1.0256009071465732e-07,174.0,BID
326,1712181150.3773603,12234613.07912665,170.8,0.0,174.0,BID
327,1712181180.1782043,12234613.07912665,170.8,0.0,174.0,BID
328,1712181210.1921656,12234613.07912665,170.8,0.0,174.0,BID
329,1712181228.333216,12234655.19260706,170.8,-1.7231745710434458e-08,174.0,ASK
330,1712181232.2036345,12235775.19417603,170.8,4.5827564105493603e-07,174.0,BID
331,1712181240.1456258,12235775.19417603,170.8,0.0,174.0,BID
332,1712181248.943603,12235826.60812829,171.1,2.1035549531516697e-08,174.0,BID
333,1712181270.134725,12235826.60812829,171.1,0.0,174.0,BID
334,1712181272.7333715,12236410.37928999,171.3,2.3884378557407706e-07,174.0,BID
335,1712181300.1701162,12236410.37928999,171.3,0.0,174.0,BID
336,1712181319.9946322,12242585.48547899,171.3,2.5264981369851204e-06,174.0,BID
337,1712181320.003371,12265826.60812829,171.3,9.508930094109857e-06,174.0,BID
338,1712181330.1242025,12265826.60812829,171.3,0.0,174.0,BID
339,1712181331.4437995,12265856.83903415,171.5,1.2343299395431398e-08,174.0,BID
340,1712181333.1940792,12268189.20055015,171.5,9.523047911579148e-07,174.0,BID
341,1712181333.1957712,12268189.20055018,171.5,1.2168308473079126e-17,174.0,BID
342,1712181360.1785507,12268189.20055018,171.5,0.0,174.0,BID
343,1712181390.194888,12268189.20055018,171.5,0.0,174.0,BID
344,1712181420.1219606,12268189.20055018,171.5,0.0,174.0,BID
345,1712181450.1241355,12268189.20055018,171.5,0.0,174.0,BID
346,1712181480.1851954,12268189.20055018,171.5,0.0,174.0,BID
347,1712181510.1831295,12268189.20055018,171.5,0.0,174.0,BID
348,1712181540.1381629,12268189.20055018,171.5,0.0,174.0,BID
349,1712181570.1366138,12268189.20055018,171.5,0.0,174.0,BID
350,1712181600.2105412,12268189.20055018,171.5,0.0,174.0,BID
351,1712181630.1318078,12268189.20055018,171.5,0.0,174.0,BID
352,1712181660.188882,12268189.20055018,171.5,0.0,174.0,BID
353,1712181690.1862893,12268189.20055018,171.5,0.0,174.0,BID
354,1712181720.1266792,12268189.20055018,171.5,0.0,174.0,BID
355,1712181750.1380925,12268189.20055018,171.5,0.0,174.0,BID
356,1712181780.1781952,12268189.20055018,171.5,0.0,174.0,BID
357,1712181810.1855962,12268189.20055018,171.5,0.0,174.0,BID
358,1712181840.161382,12268189.20055018,171.5,0.0,174.0,BID
359,1712181870.1379402,12268189.20055018,171.5,0.0,174.0,BID
360,1712181900.1855717,12268189.20055018,171.5,0.0,174.0,BID
361,1712181930.1904826,12268189.20055018,171.5,0.0,174.0,BID
362,1712181960.1236124,12268189.20055018,171.5,0.0,174.0,BID
363,1712181990.133052,12268189.20055018,171.5,0.0,174.0,BID
364,1712182020.18489,12268189.20055018,171.5,0.0,174.0,BID
365,1712182050.1901968,12268189.20055018,171.5,0.0,174.0,BID
366,1712182080.1225991,12268189.20055018,171.5,0.0,174.0,BID
367,1712182110.1344078,12268189.20055018,171.5,0.0,174.0,BID
368,1712182140.186022,12268189.20055018,171.5,0.0,174.0,BID
369,1712182170.182724,12268189.20055018,171.5,0.0,174.0,BID
370,1712182200.1565433,12268189.20055018,171.5,0.0,174.0,BID
371,1712182205.385957,12268221.75798888,171.3,-1.3643782614311409e-08,174.0,ASK
372,1712182230.1716893,12268221.75798888,171.3,-0.0,174.0,ASK
373,1712182260.1862843,12268221.75798888,171.3,-0.0,174.0,ASK
374,1712182290.1854389,12268221.75798888,171.3,-0.0,174.0,ASK
375,1712182320.1298747,12268221.75798888,171.3,-0.0,174.0,ASK
376,1712182350.142497,12268221.75798888,171.3,-0.0,174.0,ASK
377,1712182380.181844,12268221.75798888,171.3,-0.0,174.0,ASK
378,1712182410.2037125,12268221.75798888,171.3,-0.0,174.0,ASK
379,1712182440.1283565,12268221.75798888,171.3,-0.0,174.0,ASK
380,1712182466.542718,12268577.50151385,171.3,-1.4908039978286832e-07,174.0,ASK
381,1712182466.5464814,12269392.71817623,171.4,-3.4163046522765097e-07,174.0,ASK
382,1712182470.128326,12269392.71817623,171.4,-0.0,174.0,ASK
383,1712182500.1421845,12269392.71817623,171.4,-0.0,174.0,ASK
384,1712182530.1450548,12269392.71817623,171.4,-0.0,174.0,ASK
385,1712182560.2035718,12269392.71817623,171.4,-0.0,174.0,ASK
386,1712182590.1814663,12269392.71817623,171.4,-0.0,174.0,ASK
387,1712182620.1300807,12269392.71817623,171.4,-0.0,174.0,ASK
388,1712182650.1332014,12269392.71817623,171.4,-0.0,174.0,ASK
389,1712182680.178872,12269392.71817623,171.4,-0.0,174.0,ASK
390,1712182710.175156,12269392.71817623,171.4,-0.0,174.0,ASK
391,1712182740.115597,12269392.71817623,171.4,-0.0,174.0,ASK
392,1712182770.1278613,12269392.71817623,171.4,-0.0,174.0,ASK
393,1712182800.1573615,12269392.71817623,171.4,-0.0,174.0,ASK
394,1712182830.1164367,12269392.71817623,171.4,-0.0,174.0,ASK
395,1712182860.1352596,12269392.71817623,171.4,-0.0,174.0,ASK
396,1712182890.1229415,12269392.71817623,171.4,-0.0,174.0,ASK
397,1712182920.1760256,12269392.71817623,171.4,-0.0,174.0,ASK
398,1712182950.1813712,12269392.71817623,171.4,-0.0,174.0,ASK
399,1712182980.1192,12269392.71817623,171.4,-0.0,174.0,ASK
400,1712183010.1192276,12269392.71817623,171.4,-0.0,174.0,ASK
401,1712183040.1728811,12269392.71817623,171.4,-0.0,174.0,ASK
402,1712183070.175298,12269392.71817623,171.4,-0.0,174.0,ASK
403,1712183100.1273053,12269392.71817623,171.4,-0.0,174.0,ASK
404,1712183130.1344235,12269392.71817623,171.4,-0.0,174.0,ASK
405,1712183152.2741733,12269947.71817623,171.5,-2.3652992132252205e-07,174.0,ASK
406,1712183152.3984034,12269975.80855523,171.5,-1.1971558801299552e-08,174.0,ASK
407,1712183160.1573238,12269975.80855523,171.5,-0.0,174.0,ASK
408,1712183190.1068883,12269975.80855523,171.5,-0.0,174.0,ASK
409,1712183220.1735158,12269975.80855523,171.5,-0.0,174.0,ASK
410,1712183250.173331,12269975.80855523,171.5,-0.0,174.0,ASK
411,1712183280.1180773,12269975.80855523,171.5,-0.0,174.0,ASK
412,1712183310.118321,12269975.80855523,171.5,-0.0,174.0,ASK
413,1712183340.1821437,12269975.80855523,171.5,-0.0,174.0,ASK
414,1712183370.168544,12269975.80855523,171.5,-0.0,174.0,ASK
415,1712183400.2157066,12269975.80855523,171.5,-0.0,174.0,ASK
416,1712183430.173836,12269975.80855523,171.5,-0.0,174.0,ASK
417,1712183431.8425305,12270406.80414731,171.3,-1.839976845616335e-07,174.0,ASK
418,1712183431.8472004,12270496.80855523,171.3,-3.842406502972824e-08,174.0,ASK
419,1712183460.1117575,12270496.80855523,171.3,-0.0,174.0,ASK
420,1712183490.119103,12270496.80855523,171.3,-0.0,174.0,ASK
421,1712183520.1759474,12270496.80855523,171.3,-0.0,174.0,ASK
422,1712183550.205655,12270496.80855523,171.3,-0.0,174.0,ASK
423,1712183575.2116194,12270523.11318521,171.3,-1.1229364517220509e-08,174.0,ASK
424,1712183580.1166215,12270523.11318521,171.3,-0.0,174.0,ASK
425,1712183610.117931,12270523.11318521,171.3,-0.0,174.0,ASK
426,1712183640.165275,12270523.11318521,171.3,-0.0,174.0,ASK
427,1712183670.166582,12270523.11318521,171.3,-0.0,174.0,ASK
428,1712183700.1142771,12270523.11318521,171.3,-0.0,174.0,ASK
429,1712183730.128616,12270523.11318521,171.3,-0.0,174.0,ASK
430,1712183760.1781924,12270523.11318521,171.3,-0.0,174.0,ASK
431,1712183790.171245,12270523.11318521,171.3,-0.0,174.0,ASK
432,1712183791.8936682,12271251.11318521,171.0,-3.112466831631958e-07,174.0,ASK
433,1712183820.116711,12271251.11318521,171.0,-0.0,174.0,ASK
434,1712183850.112777,12271251.11318521,171.0,-0.0,174.0,ASK
435,1712183880.1897516,12271251.11318521,171.0,-0.0,174.0,ASK
436,1712183910.169835,12271251.11318521,171.0,-0.0,174.0,ASK
437,1712183940.150215,12271251.11318521,171.0,-0.0,174.0,ASK
438,1712183970.1238627,12271251.11318521,171.0,-0.0,174.0,ASK
439,1712184000.1480443,12271251.11318521,171.0,-0.0,174.0,ASK
440,1712184030.1154504,12271251.11318521,171.0,-0.0,174.0,ASK
441,1712184060.174738,12271251.11318521,171.0,-0.0,174.0,ASK
442,1712184090.1626203,12271251.11318521,171.0,-0.0,174.0,ASK
443,1712184120.1091645,12271251.11318521,171.0,-0.0,174.0,ASK
444,1712184150.1092875,12271251.11318521,171.0,-0.0,174.0,ASK
445,1712184180.1752186,12271251.11318521,171.0,-0.0,174.0,ASK
446,1712184210.1677384,12271251.11318521,171.0,-0.0,174.0,ASK
447,1712184240.1181772,12271251.11318521,171.0,-0.0,174.0,ASK
448,1712184244.511861,12271368.84821243,171.0,-5.0462694224660344e-08,174.0,ASK
449,1712184244.5184414,12277174.36345188,170.6,-2.4883159010720985e-06,174.0,ASK
450,1712184244.5213163,12277385.69093726,171.0,-9.057758364548736e-08,174.0,ASK
451,1712184244.524428,12304024.34009832,170.1,-1.1417655721602014e-05,174.0,ASK
452,1712184270.1189146,12304024.34009832,170.1,-0.0,174.0,ASK
453,1712184300.13219,12304024.34009832,170.1,-0.0,174.0,ASK
454,1712184310.7222118,12304499.51760397,171.2,2.036152367519231e-07,174.0,BID
455,1712184310.878019,12306941.98174478,171.2,-1.0466044970062788e-06,174.0,ASK
456,1712184310.9728813,12307625.98174478,170.5,2.9309641193539304e-07,174.0,BID
457,1712184330.1181574,12307625.98174478,170.5,0.0,174.0,BID
458,1712184360.1693604,12307625.98174478,170.5,0.0,174.0,BID
459,1712184390.1700127,12307625.98174478,170.5,0.0,174.0,BID
460,1712184420.1294382,12307625.98174478,170.5,0.0,174.0,BID
461,1712184450.1227915,12307625.98174478,170.5,0.0,174.0,BID
462,1712184480.169163,12307625.98174478,170.5,0.0,174.0,BID
463,1712184508.230261,12307725.98174478,170.5,-4.2839042662633574e-08,174.0,ASK
464,1712184508.235303,12307825.98174478,170.6,-4.2839042662633574e-08,174.0,ASK
465,1712184508.240181,12308101.15925044,170.5,-1.1788340904800196e-07,174.0,ASK
466,1712184510.1640522,12308101.15925044,170.5,-0.0,174.0,ASK
467,1712184540.1152945,12308101.15925044,170.5,-0.0,174.0,ASK
468,1712184553.8305514,12309280.6313912,170.5,-5.052570353346961e-07,174.0,ASK
469,1712184570.117267,12309280.6313912,170.5,-0.0,174.0,ASK
470,1712184578.5802782,12310043.0947343,171.2,3.265925245930841e-07,174.0,BID
471,1712184600.147195,12310043.0947343,171.2,0.0,174.0,BID
472,1712184622.7503977,12310833.37132497,171.2,3.411616403612351e-07,174.0,BID
473,1712184630.111201,12310833.37132497,171.2,0.0,174.0,BID
474,1712184660.1780074,12310833.37132497,171.2,0.0,174.0,BID
475,1712184690.1710663,12310833.37132497,171.2,0.0,174.0,BID
476,1712184720.1096785,12310833.37132497,171.2,0.0,174.0,BID
477,1712184750.1141696,12310833.37132497,171.2,0.0,174.0,BID
478,1712184780.173713,12310833.37132497,171.2,0.0,174.0,BID
479,1712184810.1722016,12310833.37132497,171.2,0.0,174.0,BID
480,1712184826.922057,12311833.37132497,170.8,-4.316738207460158e-07,174.0,ASK
481,1712184840.1255505,12311833.37132497,170.8,-0.0,174.0,ASK
482,1712184870.112934,12311833.37132497,170.8,-0.0,174.0,ASK
483,1712184900.1653392,12311833.37132497,170.8,-0.0,174.0,ASK
484,1712184930.1692855,12311833.37132497,170.8,-0.0,174.0,ASK
485,1712184960.104036,12311833.37132497,170.8,-0.0,174.0,ASK
486,1712184982.219231,12311891.78253992,171.2,2.5290383359414936e-08,174.0,BID
487,1712184990.1177578,12311891.78253992,171.2,0.0,174.0,BID
488,1712185020.1635458,12311891.78253992,171.2,0.0,174.0,BID
489,1712185050.1738155,12311891.78253992,171.2,0.0,174.0,BID
490,1712185069.6529162,12312062.34328758,171.2,7.384759967082303e-08,174.0,BID
491,1712185080.1096787,12312062.34328758,171.2,0.0,174.0,BID
492,1712185110.1159909,12312062.34328758,171.2,0.0,174.0,BID
493,1712185140.167793,12312062.34328758,171.2,0.0,174.0,BID
494,1712185170.1698792,12312062.34328758,171.2,0.0,174.0,BID
495,1712185190.553565,12313550.85430479,171.2,6.444717058696184e-07,174.0,BID
496,1712185190.5580237,12317254.67305239,171.2,1.6036202345143812e-06,174.0,BID
497,1712185192.6730535,12318178.72343372,171.3,4.000805628443563e-07,174.0,BID
498,1712185200.177698,12318178.72343372,171.3,0.0,174.0,BID
499,1712185230.111802,12318178.72343372,171.3,0.0,174.0,BID
500,1712185260.1669445,12318178.72343372,171.3,0.0,174.0,BID
501,1712185289.592706,12320294.87833783,171.8,9.351059026285852e-07,174.0,BID
502,1712185290.1791654,12320294.87833783,171.8,0.0,174.0,BID
503,1712185291.4831462,12321136.44169354,171.8,3.7181798721058505e-07,174.0,BID
504,1712185291.4875147,12324243.87833783,171.8,1.372921991700701e-06,174.0,BID
505,1712185291.802539,12325997.47565983,171.8,7.747711710826793e-07,174.0,BID
506,1712185312.852731,12326046.97565983,172.0,2.18699997356568e-08,174.0,BID
507,1712185312.8630278,12327046.97565983,172.0,4.41818176477915e-07,174.0,BID
508,1712185312.865456,12327046.97565996,171.8,5.760653382810587e-17,174.0,BID
509,1712185312.8688288,12331811.4291482,172.0,2.105022152088046e-06,174.0,BID
510,1712185320.1079843,12331811.4291482,172.0,0.0,174.0,BID
511,1712185350.1127815,12331811.4291482,172.0,0.0,174.0,BID
512,1712185380.175254,12331811.4291482,172.0,0.0,174.0,BID
513,1712185410.1729064,12331811.4291482,172.0,0.0,174.0,BID
514,1712185440.1159666,12331811.4291482,172.0,0.0,174.0,BID
515,1712185470.115814,12331811.4291482,172.0,0.0,174.0,BID
516,1712185475.3641243,12331850.73199176,172.0,1.734953555027811e-08,174.0,BID
517,1712185475.36794,12333673.45141641,172.0,8.046068068395092e-07,174.0,BID
518,1712185475.3731942,12334609.59322873,172.0,4.1324301709435894e-07,174.0,BID
519,1712185481.6863823,12337879.81614233,172.0,-1.44358126685935e-06,174.0,ASK
520,1712185500.173119,12337879.81614233,172.0,-0.0,174.0,ASK
521,1712185530.173185,12337879.81614233,172.0,-0.0,174.0,ASK
522,1712185540.523302,12337910.04639372,172.1,1.3398050502949349e-08,174.0,BID
523,1712185560.1114063,12337910.04639372,172.1,0.0,174.0,BID
524,1712185561.7333198,12341831.00731029,172.1,-1.7377662716273578e-06,174.0,ASK
525,1712185590.123447,12341831.00731029,172.1,-0.0,174.0,ASK
526,1712185620.189341,12341831.00731029,172.1,-0.0,174.0,ASK
527,1712185623.3133705,12344737.98405447,171.1,-1.287984222217765e-06,174.0,ASK
528,1712185650.1733663,12344737.98405447,171.1,-0.0,174.0,ASK
529,1712185680.118677,12344737.98405447,171.1,-0.0,174.0,ASK
530,1712185710.1155505,12344737.98405447,171.1,-0.0,174.0,ASK
531,1712185740.163311,12344737.98405447,171.1,-0.0,174.0,ASK
532,1712185770.174363,12344737.98405447,171.1,-0.0,174.0,ASK
533,1712185785.31358,12344772.88806843,171.9,1.5461394538736313e-08,174.0,BID
534,1712185800.13108,12344772.88806843,171.9,0.0,174.0,BID
535,1712185802.0334322,12344821.21922783,171.0,-2.1704366272189023e-08,174.0,ASK
536,1712185806.2333045,12344854.03617163,171.0,-1.4737303574251284e-08,174.0,ASK
537,1712185819.8036425,12350922.42316576,171.5,2.72516727588474e-06,174.0,BID
538,1712185830.115225,12350922.42316576,171.5,0.0,174.0,BID
539,1712185848.5483615,12353329.49048846,171.0,-1.080444595099935e-06,174.0,ASK
540,1712185848.5534058,12353829.39990995,171.0,-2.243910784692233e-07,174.0,ASK
541,1712185860.173551,12353829.39990995,171.0,-0.0,174.0,ASK
542,1712185890.1686275,12353829.39990995,171.0,-0.0,174.0,ASK
543,1712185899.413401,12356236.3426011,170.7,-1.0801476425535886e-06,174.0,ASK
544,1712185920.1174774,12356236.3426011,170.7,-0.0,174.0,ASK
545,1712185942.463455,12356354.3426011,171.0,-5.2944312247029444e-08,174.0,ASK
546,1712185950.1052265,12356354.3426011,171.0,-0.0,174.0,ASK
547,1712185980.1834905,12356354.3426011,171.0,-0.0,174.0,ASK
548,1712186010.1633396,12356354.3426011,171.0,-0.0,174.0,ASK
549,1712186040.1357503,12356354.3426011,171.0,-0.0,174.0,ASK
550,1712186070.1234455,12356354.3426011,171.0,-0.0,174.0,ASK
551,1712186100.1310377,12356354.3426011,171.0,-0.0,174.0,ASK
552,1712186130.11515,12356354.3426011,171.0,-0.0,174.0,ASK
553,1712186160.1722934,12356354.3426011,171.0,-0.0,174.0,ASK
554,1712186190.1762948,12356354.3426011,171.0,-0.0,174.0,ASK
555,1712186220.1214154,12356354.3426011,171.0,-0.0,174.0,ASK
556,1712186250.126752,12356354.3426011,171.0,-0.0,174.0,ASK
557,1712186265.4834578,12356932.6607105,171.0,-2.613712731157559e-07,174.0,ASK
558,1712186280.1660724,12356932.6607105,171.0,-0.0,174.0,ASK
559,1712186310.188481,12356932.6607105,171.0,-0.0,174.0,ASK
560,1712186340.155958,12356932.6607105,171.0,-0.0,174.0,ASK
561,1712186370.1213694,12356932.6607105,171.0,-0.0,174.0,ASK
562,1712186400.1564748,12356932.6607105,171.0,-0.0,174.0,ASK
563,1712186430.1172836,12356932.6607105,171.0,-0.0,174.0,ASK
564,1712186460.174504,12356932.6607105,171.0,-0.0,174.0,ASK
565,1712186472.4747689,12357058.73525913,171.7,-5.717434353476196e-08,174.0,ASK
566,1712186487.4077845,12357177.5409925,171.0,-5.387796258155917e-08,174.0,ASK
567,1712186490.1681683,12357177.5409925,171.0,-0.0,174.0,ASK
568,1712186491.195223,12357236.94385918,171.0,-2.6938468650514904e-08,174.0,ASK
569,1712186520.1217744,12357236.94385918,171.0,-0.0,174.0,ASK
570,1712186550.1221647,12357236.94385918,171.0,-0.0,174.0,ASK
571,1712186562.5968344,12357618.10654615,171.6,1.728517892941578e-07,174.0,BID
572,1712186562.776818,12358997.30481326,171.7,6.254465518552249e-07,174.0,BID
573,1712186562.781518,12362957.7008529,171.7,1.7959825690364311e-06,174.0,BID
574,1712186580.2125936,12362957.7008529,171.7,0.0,174.0,BID
575,1712186610.1738656,12362957.7008529,171.7,0.0,174.0,BID
576,1712186640.120065,12362957.7008529,171.7,0.0,174.0,BID
577,1712186670.122241,12362957.7008529,171.7,0.0,174.0,BID
578,1712186700.185845,12362957.7008529,171.7,0.0,174.0,BID
579,1712186730.179816,12362957.7008529,171.7,0.0,174.0,BID
580,1712186760.133136,12362957.7008529,171.7,0.0,174.0,BID
581,1712186790.1270285,12362957.7008529,171.7,0.0,174.0,BID
582,1712186820.204367,12362957.7008529,171.7,0.0,174.0,BID
583,1712186850.1812294,12362957.7008529,171.7,0.0,174.0,BID
584,1712186880.1413553,12362957.7008529,171.7,0.0,174.0,BID
585,1712186910.1241405,12362957.7008529,171.7,0.0,174.0,BID
586,1712186940.1543996,12362957.7008529,171.7,0.0,174.0,BID
587,1712186970.1311169,12362957.7008529,171.7,0.0,174.0,BID
588,1712187000.167786,12362957.7008529,171.7,0.0,174.0,BID
589,1712187030.1396775,12362957.7008529,171.7,0.0,174.0,BID
590,1712187060.1735208,12362957.7008529,171.7,0.0,174.0,BID
591,1712187090.1883848,12362957.7008529,171.7,0.0,174.0,BID
592,1712187120.1682274,12362957.7008529,171.7,0.0,174.0,BID
593,1712187150.1246264,12362957.7008529,171.7,0.0,174.0,BID
594,1712187180.1971369,12362957.7008529,171.7,0.0,174.0,BID
595,1712187210.1887448,12362957.7008529,171.7,0.0,174.0,BID
596,1712187240.128858,12362957.7008529,171.7,0.0,174.0,BID
597,1712187270.132608,12362957.7008529,171.7,0.0,174.0,BID
598,1712187300.1816645,12362957.7008529,171.7,0.0,174.0,BID
599,1712187330.1897364,12362957.7008529,171.7,0.0,174.0,BID
600,1712187360.1308334,12362957.7008529,171.7,0.0,174.0,BID
601,1712187390.1293292,12362957.7008529,171.7,0.0,174.0,BID
602,1712187402.2913918,12368770.84553274,171.7,-2.71485936780694e-06,174.0,ASK
603,1712187402.295354,12369338.71390781,171.7,-2.652063319683134e-07,174.0,ASK
604,1712187420.180457,12369338.71390781,171.7,-0.0,174.0,ASK
605,1712187450.1882548,12369338.71390781,171.7,-0.0,174.0,ASK
606,1712187464.7772124,12369374.65916115,171.6,1.6778595058502158e-08,174.0,BID
607,1712187480.1565378,12369374.65916115,171.6,0.0,174.0,BID
608,1712187507.1373668,12370541.52030467,171.4,5.446681391104065e-07,174.0,BID
609,1712187510.1441252,12370541.52030467,171.4,0.0,174.0,BID
610,1712187540.207833,12370541.52030467,171.4,0.0,174.0,BID
611,1712187565.7776487,12370599.86336184,171.4,2.7230864784231572e-08,174.0,BID
612,1712187570.1778846,12370599.86336184,171.4,0.0,174.0,BID
613,1712187570.8535771,12370658.20641901,171.4,2.7230737689166652e-08,174.0,BID
614,1712187600.1640916,12370658.20641901,171.4,0.0,174.0,BID
615,1712187608.907894,12370729.35659704,171.0,-3.343549823002899e-08,174.0,ASK
616,1712187630.137571,12370729.35659704,171.0,-0.0,174.0,ASK
617,1712187660.1881542,12370729.35659704,171.0,-0.0,174.0,ASK
618,1712187690.193906,12370729.35659704,171.0,-0.0,174.0,ASK
619,1712187720.1275444,12370729.35659704,171.0,-0.0,174.0,ASK
620,1712187750.1269667,12370729.35659704,171.0,-0.0,174.0,ASK
621,1712187754.2707283,12382404.77983114,171.3,5.486583052211383e-06,174.0,BID
622,1712187754.2749212,12382912.93789454,171.3,2.387966039941998e-07,174.0,BID
623,1712187780.188666,12382912.93789454,171.3,0.0,174.0,BID
624,1712187810.2115798,12382912.93789454,171.3,0.0,174.0,BID
625,1712187840.1292665,12382912.93789454,171.3,0.0,174.0,BID
626,1712187870.1334002,12382912.93789454,171.3,0.0,174.0,BID
627,1712187900.1595469,12382912.93789454,171.3,0.0,174.0,BID
628,1712187930.133354,12382912.93789454,171.3,0.0,174.0,BID
629,1712187960.1842656,12382912.93789454,171.3,0.0,174.0,BID
630,1712187990.1795738,12382912.93789454,171.3,0.0,174.0,BID
631,1712188020.1628036,12382912.93789454,171.3,0.0,174.0,BID
632,1712188035.880195,12383062.82697801,171.3,7.061328214693723e-08,174.0,BID
633,1712188047.8198476,12383124.19459928,171.1,-2.8910505389668303e-08,174.0,ASK
634,1712188047.8298151,12385004.61055091,171.0,-8.858706656463469e-07,174.0,ASK
635,1712188050.1336377,12385004.61055091,171.0,-0.0,174.0,ASK
636,1712188080.1929054,12385004.61055091,171.0,-0.0,174.0,ASK
637,1712188110.1923614,12385004.61055091,171.0,-0.0,174.0,ASK
638,1712188140.1479568,12385004.61055091,171.0,-0.0,174.0,ASK
639,1712188168.2903068,12385063.0559045,171.1,-2.7529175259873623e-08,174.0,ASK
640,1712188168.294453,12385596.67686233,171.1,-2.513483787519308e-07,174.0,ASK
641,1712188170.1349325,12385596.67686233,171.1,-0.0,174.0,ASK
642,1712188200.157141,12385596.67686233,171.1,-0.0,174.0,ASK
643,1712188230.1392782,12385596.67686233,171.1,-0.0,174.0,ASK
644,1712188260.1934958,12385596.67686233,171.1,-0.0,174.0,ASK
645,1712188290.1936176,12385596.67686233,171.1,-0.0,174.0,ASK
646,1712188292.3108082,12385682.27016665,171.2,-4.0328867259461065e-08,174.0,ASK
647,1712188293.5210698,12386966.5667224,171.3,6.05120058506929e-07,174.0,BID
648,1712188293.6805587,12387667.09211644,171.3,3.3006548645537293e-07,174.0,BID
649,1712188296.8113372,12387727.5268495,171.2,-2.847494143160515e-08,174.0,ASK
650,1712188304.841499,12390126.34553028,171.1,-1.1302477562227409e-06,174.0,ASK
651,1712188320.1868498,12390126.34553028,171.1,-0.0,174.0,ASK
652,1712188350.129782,12390126.34553028,171.1,-0.0,174.0,ASK
653,1712188367.6491437,12390272.37356766,171.2,6.877867958115457e-08,174.0,BID
654,1712188380.1922345,12390272.37356766,171.2,0.0,174.0,BID
655,1712188410.1941254,12390272.37356766,171.2,0.0,174.0,BID
656,1712188419.1816926,12394033.79038897,171.2,1.7715929130641589e-06,174.0,BID
657,1712188419.1848588,12395350.43257719,171.2,6.201264258932738e-07,174.0,BID
658,1712188430.7426624,12404315.49219526,171.2,-4.222461066953965e-06,174.0,ASK
659,1712188430.8854768,12420608.5099766,171.1,-7.673862325046577e-06,174.0,ASK
660,1712188430.9816248,12431466.199458,171.1,-5.113872418637914e-06,174.0,ASK
661,1712188430.9868853,12437952.69019544,171.1,-3.0550777983446326e-06,174.0,ASK
662,1712188431.0818863,12441092.5505727,171.0,-1.4788455139703323e-06,174.0,ASK
663,1712188431.0870452,12447759.21723934,171.0,-3.1399390127324885e-06,174.0,ASK
664,1712188432.3325264,12447817.73099007,170.9,-2.7559441304913842e-08,174.0,ASK
665,1712188434.3717778,12447876.34763719,170.6,-2.7607904562648683e-08,174.0,ASK
666,1712188440.1376235,12447876.34763719,170.6,-0.0,174.0,ASK
667,1712188470.1344657,12447876.34763719,170.6,-0.0,174.0,ASK
668,1712188500.1919131,12447876.34763719,170.6,-0.0,174.0,ASK
669,1712188501.7505753,12450876.34763719,170.9,-1.4177781741693867e-06,174.0,ASK
670,1712188501.920328,12462490.85020055,170.8,5.488929412722577e-06,174.0,BID
671,1712188530.1848836,12462490.85020055,170.8,0.0,174.0,BID
672,1712188560.1387763,12462490.85020055,170.8,0.0,174.0,BID
673,1712188590.125344,12462490.85020055,170.8,0.0,174.0,BID
674,1712188620.1819484,12462490.85020055,170.8,0.0,174.0,BID
675,1712188642.286878,12466763.38181555,170.8,-2.0167879359996584e-06,174.0,ASK
676,1712188642.3065703,12466763.38181647,170.8,-4.334629624844621e-16,174.0,ASK
677,1712188650.1865797,12466763.38181647,170.8,-0.0,174.0,ASK
678,1712188680.1348505,12466763.38181647,170.8,-0.0,174.0,ASK
679,1712188680.6945615,12470853.3391797,170.8,1.9299415486590085e-06,174.0,BID
680,1712188704.1470203,12472307.98882613,170.5,-6.86410283056903e-07,174.0,ASK
681,1712188704.1502898,12476718.441819,170.5,-2.0811748689286827e-06,174.0,ASK
682,1712188704.2655394,12476777.09284524,170.5,-2.7675851448363488e-08,174.0,ASK
683,1712188704.2710855,12477886.375309,170.5,-5.234407417676321e-07,174.0,ASK
684,1712188704.2854102,12477886.37530915,170.5,-7.119352881140885e-17,174.0,ASK
685,1712188710.1290357,12477886.37530915,170.5,-0.0,174.0,ASK
686,1712188740.190478,12477886.37530915,170.5,-0.0,174.0,ASK
687,1712188746.184729,12491667.21603221,170.5,6.496992474314327e-06,174.0,BID
688,1712188746.1903346,12495503.69895354,170.5,1.8087140812822075e-06,174.0,BID
689,1712188766.8242471,12503445.44655481,170.5,3.744145617474496e-06,174.0,BID
690,1712188770.1843884,12503445.44655481,170.5,0.0,174.0,BID
691,1712188772.7852128,12505183.26878767,170.5,8.176184009640507e-07,174.0,BID
692,1712188772.8847897,12506742.89257667,170.5,-7.337787975976025e-07,174.0,ASK
693,1712188772.8903542,12506742.89257692,170.5,-1.1743031665559368e-16,174.0,ASK
694,1712188800.1826935,12506742.89257692,170.5,-0.0,174.0,ASK
695,1712188807.1736488,31.47837845,170.0,-1.5237251776868242e-08,170.0,ASK
696,1712188807.1776044,90.30190786,170.0,-2.8473796051720813e-08,170.0,ASK
697,1712188807.18189,199.16881685,169.9,-5.269752077874362e-08,170.0,ASK
698,1712188807.186158,2837.12563454,170.0,-1.2769149551808836e-06,170.0,ASK
699,1712188807.1891556,3909.04622277,170.0,-5.188680196348936e-07,170.0,ASK
700,1712188815.5135272,11971.59051865,169.9,-3.902711113077568e-06,170.0,ASK
701,1712188815.518016,14232.05026779,169.9,-1.0941857879951437e-06,170.0,ASK
702,1712188830.1277516,14232.05026779,169.9,-0.0,170.0,ASK
703,1712188842.7833974,25927.95670053,169.9,-5.654836746549827e-06,170.0,ASK
704,1712188860.1883984,25927.95670053,169.9,-0.0,170.0,ASK
705,1712188860.2436826,25927.95670053,169.9,-0.0,170.0,ASK
706,1712188890.182316,25927.95670053,169.9,-0.0,170.0,ASK
707,1712188891.901908,31789.62141331,170.6,2.8313275076285974e-06,170.6,BID
708,1712188891.9047048,40403.39313872,170.6,4.160662546496989e-06,170.6,BID
709,1712188891.9847376,58837.68436328,170.6,8.904213800208899e-06,170.6,BID
710,1712188914.305079,73837.68436328,170.8,-7.24536709201964e-06,170.8,ASK
711,1712188914.3102806,80594.48358349,170.8,-3.263699381166233e-06,170.8,ASK
712,1712188914.3818972,85885.74731249,170.6,2.5558098731529143e-06,170.8,BID
713,1712188914.3868856,85885.74731325,170.6,3.6709998881260956e-16,170.8,BID
714,1712188914.4615302,90892.74731325,171.3,-2.418503535316156e-06,171.3,ASK
715,1712188920.1634798,90892.74731325,171.3,-0.0,171.3,ASK
716,1712188920.249884,90892.74731325,171.3,-0.0,171.3,ASK
717,1712188922.7913527,91892.74731325,170.9,4.804506258894644e-07,171.3,BID
718,1712188922.795824,105719.51373155,171.2,6.643078579699664e-06,171.3,BID
719,1712188950.1279938,105719.51373155,171.2,0.0,171.3,BID
720,1712188974.304083,105778.06174091,170.7,-2.8095168379066883e-08,171.3,ASK
721,1712188980.2569993,105778.06174091,170.7,-0.0,171.3,ASK
722,1712188980.2797034,105778.06174091,170.7,-0.0,171.3,ASK
723,1712188983.5604985,111128.60696887,171.0,2.567529619079436e-06,171.3,BID
724,1712188983.563252,112439.06174091,171.0,6.288389871174912e-07,171.3,BID
725,1712189010.1981206,112439.06174091,171.0,0.0,171.3,BID
726,1712189032.9900937,112820.51665894,170.8,-1.8294617340103002e-07,171.3,ASK
727,1712189033.0899732,113439.06173994,170.8,2.966548608925747e-07,171.3,BID
728,1712189033.1701374,113439.06174091,170.8,4.652067753183378e-16,171.3,BID
729,1712189036.1918106,120471.06174091,171.0,3.372554476423962e-06,171.3,BID
730,1712189038.069688,122365.06174091,171.0,9.083643598331888e-07,171.3,BID
731,1712189040.1814137,122365.06174091,171.0,0.0,171.3,BID
732,1712189040.242929,122365.06174091,171.0,0.0,171.3,BID
733,1712189066.7396896,122563.95295091,171.0,9.531085156898765e-08,171.3,BID
734,1712189066.7498002,122563.95295114,171.0,1.1022215393090935e-16,171.3,BID
735,1712189066.7544649,124725.16790441,171.1,1.0356779347855126e-06,171.3,BID
736,1712189070.1197908,124725.16790441,171.1,0.0,171.3,BID
737,1712189082.5708525,124755.93730441,171.3,1.4742181663100342e-08,171.3,BID
738,1712189082.5735445,124755.93730447,171.3,2.874592061089879e-17,171.3,BID
739,1712189082.5762043,126511.16790447,171.4,8.409630465926733e-07,171.4,BID
740,1712189082.578812,128396.38234347,171.4,9.032406785193604e-07,171.4,BID
741,1712189087.7428591,128446.46644347,172.1,2.39962072914215e-08,172.1,BID
742,1712189087.7456872,130196.26566368,172.1,8.38360773309951e-07,172.1,BID
743,1712189087.8702004,130196.26566439,172.1,-3.401751667539081e-16,172.1,ASK
744,1712189087.8793645,132462.63509739,172.1,-1.0858589994273155e-06,172.1,ASK
745,1712189099.260188,135235.17234766,172.1,1.3283732478107038e-06,172.1,BID
746,1712189099.264877,138273.21034433,172.1,1.4555795058175892e-06,172.1,BID
747,1712189100.193981,138273.21034433,172.1,0.0,172.1,BID
748,1712189100.2061858,138273.21034433,172.1,0.0,172.1,BID
749,1712189112.859715,141529.52420955,172.1,1.6404549259145424e-06,172.1,BID
750,1712189112.8625083,141590.89183082,172.0,3.0915575331753805e-08,172.1,BID
751,1712189117.5594234,145218.21393294,172.1,-1.8273602166723048e-06,172.1,ASK
752,1712189117.6796062,148845.53603505,172.1,-1.827360216667261e-06,172.1,ASK
753,1712189130.179114,148845.53603505,172.1,-0.0,172.1,ASK
754,1712189141.306335,161029.11733255,172.1,6.1321830398593695e-06,172.1,BID
755,1712189141.368729,167625.67548885,172.1,-3.3201487362184154e-06,172.1,ASK
756,1712189160.1187134,167625.67548885,172.1,-0.0,172.1,ASK
757,1712189160.217921,167625.67548885,172.1,-0.0,172.1,ASK
758,1712189166.4886036,173436.25073579,172.1,2.9198017251676653e-06,172.1,BID
759,1712189190.134824,173436.25073579,172.1,0.0,172.1,BID
760,1712189210.4087248,175191.48133579,171.3,-8.815566696188809e-07,172.1,ASK
761,1712189210.4685273,188263.01715409,171.3,6.565120037665921e-06,172.1,BID
762,1712189220.2095816,188263.01715409,171.3,0.0,172.1,BID
763,1712189220.2331553,188263.01715409,171.3,0.0,172.1,BID
764,1712189250.1831956,188263.01715409,171.3,0.0,172.1,BID
765,1712189280.1245086,188263.01715409,171.3,0.0,172.1,BID
766,1712189280.228088,188263.01715409,171.3,0.0,172.1,BID
767,1712189310.1275146,188263.01715409,171.3,0.0,172.1,BID
768,1712189340.1711512,188263.01715409,171.3,0.0,172.1,BID
769,1712189340.2191248,188263.01715409,171.3,0.0,172.1,BID
770,1712189370.1777823,188263.01715409,171.3,0.0,172.1,BID
771,1712189388.8576305,188677.28915376,171.3,2.078011730036959e-07,172.1,BID
772,1712189388.8636034,188706.51767509,171.3,1.466119125206052e-08,172.1,BID
773,1712189388.9373543,188706.51767542,171.3,1.6553404253022248e-16,172.1,BID
774,1712189400.1678329,188706.51767542,171.3,0.0,172.1,BID
775,1712189400.2548556,188706.51767542,171.3,0.0,172.1,BID
776,1712189430.1273396,188706.51767542,171.3,0.0,172.1,BID
777,1712189453.2978058,192796.47503865,171.5,-2.0832453585917688e-06,172.1,ASK
778,1712189460.1882432,192796.47503865,171.5,-0.0,172.1,ASK
779,1712189460.2238762,192796.47503865,171.5,-0.0,172.1,ASK
780,1712189470.185177,194962.75398875,171.5,-1.1030136486297455e-06,172.1,ASK
781,1712189470.2590003,204154.49849675,171.5,4.680200417667166e-06,172.1,BID
782,1712189470.277264,204154.49849678,171.5,1.5278310214163568e-17,172.1,BID
783,1712189470.2971165,204220.87368338,172.2,3.3796541644261244e-08,172.2,BID
784,1712189470.385277,207303.49849678,172.2,-1.5695934462309218e-06,172.2,ASK
785,1712189479.5400362,223034.11559397,172.0,8.009626534370474e-06,172.2,BID
786,1712189490.1872563,223034.11559397,172.0,0.0,172.2,BID
787,1712189501.4475436,223054.55777368,172.3,1.038116908406276e-08,172.3,BID
788,1712189501.455268,223084.64616496,172.3,1.52798127096243e-08,172.3,BID
789,1712189510.1570144,224064.20398496,172.3,4.974496605205478e-07,172.3,BID
790,1712189514.497007,224064.20398525,172.3,1.4726615009269735e-16,172.3,BID
791,1712189519.8767133,227253.198916,172.4,1.619469941757297e-06,172.4,BID
792,1712189520.1385672,227253.198916,172.4,0.0,172.4,BID
793,1712189520.2627006,227253.198916,172.4,0.0,172.4,BID
794,1712189520.7925353,227311.13634357,172.6,2.9411549390739383e-08,172.6,BID
795,1712189522.1153424,227311.13634358,172.6,5.0823818263401984e-18,172.6,BID
796,1712189522.1184022,228477.9974871,172.6,5.923492911954163e-07,172.6,BID
797,1712189527.936577,230342.22219114,172.6,-9.463612600346836e-07,172.6,ASK
798,1712189550.1329305,230342.22219114,172.6,-0.0,172.6,ASK
799,1712189580.187896,230342.22219114,172.6,-0.0,172.6,ASK
800,1712189580.2141316,230342.22219114,172.6,-0.0,172.6,ASK
801,1712189610.1725209,230342.22219114,172.6,-0.0,172.6,ASK
802,1712189627.128989,232544.25024102,172.6,1.117542407990671e-06,172.6,BID
803,1712189627.1396751,235602.16947792,172.6,1.551912305400672e-06,172.6,BID
804,1712189627.3135188,236110.16947792,172.6,-2.5781303888939964e-07,172.6,ASK
805,1712189633.477753,236135.96494896,172.6,-1.3091355863007868e-08,172.6,ASK
806,1712189633.505254,236252.04155923,172.3,-5.8909574089946726e-08,172.6,ASK
807,1712189633.5235453,237948.80363523,172.0,8.611169037122883e-07,172.6,BID
808,1712189633.5264251,237948.80363526,172.0,1.5228249467612055e-17,172.6,BID
809,1712189640.1282177,237948.80363526,172.0,0.0,172.6,BID
810,1712189640.2262285,237948.80363526,172.0,0.0,172.6,BID
811,1712189661.3794246,238505.24493722,172.6,2.822094033640793e-07,172.6,BID
812,1712189661.3823798,238530.19898409,172.7,1.2655902165954045e-08,172.7,BID
813,1712189670.1367342,238530.19898409,172.7,0.0,172.7,BID
814,1712189700.1569247,238530.19898409,172.7,0.0,172.7,BID
815,1712189700.259836,238530.19898409,172.7,0.0,172.7,BID
816,1712189716.7982757,241462.96338385,172.7,1.497356754101802e-06,172.7,BID
817,1712189716.8057652,248530.19898409,172.7,3.6082588017346615e-06,172.7,BID
818,1712189730.135599,248530.19898409,172.7,0.0,172.7,BID
819,1712189760.1677997,248530.19898409,172.7,0.0,172.7,BID
820,1712189790.177256,248530.19898409,172.7,0.0,172.7,BID
821,1712189820.1262658,248530.19898409,172.7,0.0,172.7,BID
822,1712189850.127486,248530.19898409,172.7,0.0,172.7,BID
823,1712189873.1760013,251425.39296208,172.5,1.4768725238255987e-06,172.7,BID
824,1712189880.1777782,251425.39296208,172.5,0.0,172.7,BID
825,1712189903.5455432,251461.93006208,172.4,1.8633257723581573e-08,172.7,BID
826,1712189903.7056763,251868.86044008,172.5,-2.0752710556735425e-07,172.7,ASK
827,1712189906.5757363,251868.86044034,172.5,-1.326022267046667e-16,172.7,ASK
828,1712189906.5808537,252299.01730908,172.5,-2.1937219420253649e-07,172.7,ASK
829,1712189910.185943,252299.01730908,172.5,-0.0,172.7,ASK
830,1712189921.395859,252299.0173099,172.5,-4.181531937891383e-16,172.7,ASK
831,1712189921.4009595,258129.92109998,171.5,-2.973426566326152e-06,172.7,ASK
1032,1712189921.405934,258188.06063486,172.0,-2.9647828842613212e-08,172.7,ASK
832,1712189921.405934,258188.06063486,172.0,-2.964782884261321e-08,172.7,ASK
833,1712189921.4789815,258530.59158042,171.5,1.746711401840713e-07,172.7,BID
834,1712189940.1136005,258530.59158042,171.5,0.0,172.7,BID
835,1712189970.1164472,258530.59158042,171.5,0.0,172.7,BID
836,1712190000.1369145,258530.59158042,171.5,0.0,172.7,BID
837,1712190022.1551127,258565.39436464,172.4,1.800964737423778e-08,172.7,BID
838,1712190025.206096,259148.48474364,172.4,3.0173597740686965e-07,172.7,BID
839,1712190030.120092,259148.48474364,172.4,0.0,172.7,BID
840,1712190060.1889613,259148.48474364,172.4,0.0,172.7,BID
841,1712190069.4803193,261005.02365188,172.2,9.60663602506937e-07,172.7,BID
842,1712190090.182344,261005.02365188,172.2,0.0,172.7,BID
843,1712190110.0346863,261580.39764497,172.2,2.976772680618856e-07,172.7,BID
844,1712190119.5508218,267385.91288442,171.6,-3.003559314334157e-06,172.7,ASK
845,1712190119.5606103,273191.42812387,171.6,-3.0035593143341417e-06,172.7,ASK
846,1712190119.6789873,278924.74774172,171.6,2.966207964321792e-06,172.7,BID
847,1712190119.6947336,279466.74774172,172.2,2.80410795807908e-07,172.7,BID
848,1712190120.1310036,279466.74774172,172.2,0.0,172.7,BID
849,1712190150.1379704,279466.74774172,172.2,0.0,172.7,BID
850,1712190177.2573164,280049.83812072,171.5,-3.01175703040329e-07,172.7,ASK
851,1712190177.2613926,281323.28664996,171.3,-6.577569616862471e-07,172.7,ASK
852,1712190180.185688,281323.28664996,171.3,-0.0,172.7,ASK
853,1712190210.1845784,281323.28664996,171.3,-0.0,172.7,ASK
854,1712190228.6545534,299337.49424861,171.4,-9.303103673479427e-06,172.7,ASK
855,1712190228.6607995,300094.20784924,171.4,-3.907907155638836e-07,172.7,ASK
856,1712190240.1233404,300094.20784924,171.4,-0.0,172.7,ASK
857,1712190249.074624,305904.78309618,171.4,-2.9957863049030405e-06,172.7,ASK
858,1712190256.7348905,313741.43167937,171.4,-4.040378706776387e-06,172.7,ASK
859,1712190256.854464,315277.57002602,171.4,7.919942562922577e-07,172.7,BID
860,1712190256.8744264,315290.24369582,171.4,6.534225064835189e-09,172.7,BID
861,1712190260.6961308,324675.70429482,171.4,4.838907187803545e-06,172.7,BID
862,1712190260.699356,324675.70429546,171.4,3.299643972251667e-16,172.7,BID
863,1712190270.1147375,324675.70429546,171.4,0.0,172.7,BID
864,1712190300.168611,324675.70429546,171.4,0.0,172.7,BID
865,1712190330.1752353,324675.70429546,171.4,0.0,172.7,BID
866,1712190360.1229684,324675.70429546,171.4,0.0,172.7,BID
867,1712190390.1198971,324675.70429546,171.4,0.0,172.7,BID
868,1712190420.175494,324675.70429546,171.4,0.0,172.7,BID
869,1712190450.1740336,324675.70429546,171.4,0.0,172.7,BID
870,1712190480.1217754,324675.70429546,171.4,0.0,172.7,BID
871,1712190510.13277,324675.70429546,171.4,0.0,172.7,BID
872,1712190540.140788,324675.70429546,171.4,0.0,172.7,BID
873,1712190570.1213176,324675.70429546,171.4,0.0,172.7,BID
874,1712190600.1635818,324675.70429546,171.4,0.0,172.7,BID
875,1712190630.1235354,324675.70429546,171.4,0.0,172.7,BID
876,1712190660.1945343,324675.70429546,171.4,0.0,172.7,BID
877,1712190664.378148,326346.47917946,171.4,1.0037863726240131e-06,172.7,BID
878,1712190664.4818876,326447.70665746,171.4,6.08165492099559e-08,172.7,BID
879,1712190690.1786067,326447.70665746,171.4,0.0,172.7,BID
880,1712190707.2187054,326447.70665812,171.4,3.964247104404939e-16,172.7,BID
881,1712190720.18243,326447.70665812,171.4,0.0,172.7,BID
882,1712190750.1212263,326447.70665812,171.4,0.0,172.7,BID
883,1712190756.859791,326890.09519315,171.8,2.657345237321324e-07,172.7,BID
884,1712190759.2186007,327001.21418562,171.8,6.674710170690727e-08,172.7,BID
885,1712190780.152233,327001.21418562,171.8,0.0,172.7,BID
886,1712190810.1202743,327001.21418562,171.8,0.0,172.7,BID
887,1712190840.1814735,327001.21418562,171.8,0.0,172.7,BID
888,1712190870.1839037,327001.21418562,171.8,0.0,172.7,BID
889,1712190900.154155,327001.21418562,171.8,0.0,172.7,BID
890,1712190930.1371627,327001.21418562,171.8,0.0,172.7,BID
891,1712190960.1854243,327001.21418562,171.8,0.0,172.7,BID
892,1712190990.182451,327001.21418562,171.8,0.0,172.7,BID
893,1712191020.1162088,327001.21418562,171.8,0.0,172.7,BID
894,1712191050.184934,327001.21418562,171.8,0.0,172.7,BID
895,1712191080.1859338,327001.21418562,171.8,0.0,172.7,BID
896,1712191089.7234223,327030.32361518,171.8,1.801700216163518e-08,172.7,BID
897,1712191110.18409,327030.32361518,171.8,0.0,172.7,BID
898,1712191140.126123,327030.32361518,171.8,0.0,172.7,BID
899,1712191170.1347768,327030.32361518,171.8,0.0,172.7,BID
900,1712191200.1475356,327030.32361518,171.8,0.0,172.7,BID
901,1712191230.1385915,327030.32361518,171.8,0.0,172.7,BID
902,1712191260.195169,327030.32361518,171.8,0.0,172.7,BID
903,1712191290.1867464,327030.32361518,171.8,0.0,172.7,BID
904,1712191297.6838126,327729.62431448,171.6,4.429189558824396e-07,172.7,BID
905,1712191309.495222,328312.37489723,171.6,3.69099129902033e-07,172.7,BID
906,1712191320.1357598,328312.37489723,171.6,0.0,172.7,BID
907,1712191350.131578,328312.37489723,171.6,0.0,172.7,BID
908,1712191380.177578,328312.37489723,171.6,0.0,172.7,BID
909,1712191410.1882114,328312.37489723,171.6,0.0,172.7,BID
910,1712191440.129586,328312.37489723,171.6,0.0,172.7,BID
911,1712191470.1312544,328312.37489723,171.6,0.0,172.7,BID
912,1712191494.9403334,332228.21358776,171.1,-2.479845286073335e-06,172.7,ASK
913,1712191494.949152,334924.40895775,171.3,-1.707462412783293e-06,172.7,ASK
914,1712191494.952375,338334.74229108,171.0,-2.159715889484849e-06,172.7,ASK
915,1712191494.955525,350504.69448108,170.6,-7.707058680199283e-06,172.7,ASK
916,1712191494.9586709,350679.31613416,171.0,-1.1058542433935893e-07,172.7,ASK
917,1712191494.961871,352429.60784878,171.4,-1.1084349996976554e-06,172.7,ASK
918,1712191494.965042,371659.13811044,170.7,-1.2177789674560888e-05,172.7,ASK
919,1712191494.968226,371717.78913683,170.5,-3.7142865886793386e-08,172.7,ASK
920,1712191494.9714243,371747.03475087,171.0,-1.852083393803054e-08,172.7,ASK
921,1712191494.974607,372825.57528729,170.5,-6.830244748202426e-07,172.7,ASK
922,1712191494.9779918,373998.59581514,170.5,-7.428573177672005e-07,172.7,ASK
923,1712191500.16595,373998.59581514,170.5,-0.0,172.7,ASK
924,1712191511.5271509,374697.89651444,170.8,-4.438111536133442e-07,172.7,ASK
925,1712191512.3668444,385139.26450716,170.8,-6.626613671041695e-06,172.7,ASK
926,1712191519.6798725,385285.92139866,170.8,-9.307578880889365e-08,172.7,ASK
927,1712191530.1531632,385285.92139866,170.8,-0.0,172.7,ASK
928,1712191544.0882156,404127.18658652,170.5,-1.194299543885108e-05,172.7,ASK
929,1712191544.095297,409922.5831547,170.8,-3.673553452488101e-06,172.7,ASK
930,1712191560.189734,409922.5831547,170.8,-0.0,172.7,ASK
931,1712191565.5675304,412625.5211927,170.8,1.7087714994011162e-06,172.7,BID
932,1712191565.5908382,412625.52119302,170.8,2.0228039178991502e-16,172.7,BID
933,1712191570.7080138,412741.59780358,171.0,-7.338251971872162e-08,172.7,ASK
934,1712191590.180056,412741.59780358,171.0,-0.0,172.7,ASK
935,1712191606.3401392,415741.59780358,171.0,-1.8959940691028577e-06,172.7,ASK
936,1712191620.1414783,415741.59780358,171.0,-0.0,172.7,ASK
937,1712191628.308189,419562.08394799,171.4,2.4137571140684866e-06,172.7,BID
938,1712191628.3128362,420845.63120595,171.4,8.109364117645711e-07,172.7,BID
939,1712191650.1414003,420845.63120595,171.4,0.0,172.7,BID
940,1712191651.6205254,421339.64859725,171.4,3.119444061319203e-07,172.7,BID
941,1712191654.7534485,421463.80705611,171.4,7.83991361385493e-08,172.7,BID
942,1712191680.190705,421463.80705611,171.4,0.0,172.7,BID
943,1712191710.2121186,421463.80705611,171.4,0.0,172.7,BID
944,1712191717.0978365,422454.80705611,171.4,6.257193178531178e-07,172.7,BID
945,1712191740.1322107,422454.80705611,171.4,0.0,172.7,BID
946,1712191770.1304412,422454.80705611,171.4,0.0,172.7,BID
947,1712191800.150246,422454.80705611,171.4,0.0,172.7,BID
948,1712191818.4212327,424881.80705611,171.4,1.5421448452806963e-06,172.7,BID
949,1712191829.2918267,428608.90276154,171.4,2.3682412154910307e-06,172.7,BID
950,1712191830.1237805,428608.90276154,171.4,0.0,172.7,BID
951,1712191852.2888432,428725.58887589,171.4,-7.409409266933232e-08,172.7,ASK
952,1712191852.294607,429608.90276154,171.1,-5.608922815199469e-07,172.7,ASK
953,1712191852.6096325,432998.01055055,171.6,2.1520372666800944e-06,172.7,BID
954,1712191852.7156296,433726.25468218,171.6,4.624251006683511e-07,172.7,BID
955,1712191852.7263808,434127.71314689,171.6,2.549206548937872e-07,172.7,BID
956,1712191860.2055233,434127.71314689,171.6,0.0,172.7,BID
957,1712191890.1890342,434127.71314689,171.6,0.0,172.7,BID
958,1712191910.4389555,434627.60819936,171.8,3.172358707879628e-07,172.7,BID
959,1712191920.1303804,434627.60819936,171.8,0.0,172.7,BID
960,1712191950.1314845,434627.60819936,171.8,0.0,172.7,BID
961,1712191980.17217,434627.60819936,171.8,0.0,172.7,BID
962,1712192010.133942,434627.60819936,171.8,0.0,172.7,BID
963,1712192040.1877692,434627.60819936,171.8,0.0,172.7,BID
964,1712192070.192561,434627.60819936,171.8,0.0,172.7,BID
965,1712192099.273117,442569.35580063,171.4,-5.039597612300289e-06,172.7,ASK
966,1712192100.1243234,442569.35580063,171.4,-0.0,172.7,ASK
967,1712192121.5237815,442669.35580063,171.4,6.413479553512959e-08,172.7,BID
968,1712192130.1499372,442669.35580063,171.4,0.0,172.7,BID
969,1712192160.203435,442669.35580063,171.4,0.0,172.7,BID
970,1712192190.193506,442669.35580063,171.4,0.0,172.7,BID
971,1712192220.1404169,442669.35580063,171.4,0.0,172.7,BID
972,1712192250.1407127,442669.35580063,171.4,0.0,172.7,BID
973,1712192277.6604955,443871.3730174,171.3,-7.709028099661132e-07,172.7,ASK
974,1712192280.1565108,443871.3730174,171.3,-0.0,172.7,ASK
975,1712192310.134971,443871.3730174,171.3,-0.0,172.7,ASK
976,1712192333.127803,444459.26249417,171.3,-3.769877858689985e-07,172.7,ASK
977,1712192340.2028298,444459.26249417,171.3,-0.0,172.7,ASK
978,1712192358.703514,444608.52763816,171.3,-9.5711021748747e-08,172.7,ASK
979,1712192370.1999388,444608.52763816,171.3,-0.0,172.7,ASK
980,1712192400.302619,444608.52763816,171.3,-0.0,172.7,ASK
981,1712192425.4213417,444659.28905947,172.4,3.28699271668752e-08,172.7,BID
982,1712192430.1919556,444659.28905947,172.4,0.0,172.7,BID
983,1712192437.6526418,444709.71770293,172.4,3.2654255963735394e-08,172.7,BID
984,1712192443.7311766,444760.14634639,172.4,3.2654255963773094e-08,172.7,BID
985,1712192460.1277215,444760.14634639,172.4,0.0,172.7,BID
986,1712192490.1315932,444760.14634639,172.4,0.0,172.7,BID
987,1712192520.2019825,444760.14634639,172.4,0.0,172.7,BID
988,1712192550.195591,444760.14634639,172.4,0.0,172.7,BID
989,1712192580.143627,444760.14634639,172.4,0.0,172.7,BID
990,1712192610.1328928,444760.14634639,172.4,0.0,172.7,BID
991,1712192640.1812284,444760.14634639,172.4,0.0,172.7,BID
992,1712192670.2097256,444760.14634639,172.4,0.0,172.7,BID
993,1712192700.1392934,444760.14634639,172.4,0.0,172.7,BID
994,1712192730.1749268,444760.14634639,172.4,0.0,172.7,BID
995,1712192754.040056,447742.95370454,172.0,-1.960451974748972e-06,172.7,ASK
996,1712192754.1598556,452048.14769455,172.0,-2.829591403659195e-06,172.7,ASK
997,1712192760.2001748,452048.14769455,172.0,-0.0,172.7,ASK
998,1712192790.193244,452048.14769455,172.0,-0.0,172.7,ASK
999,1712192820.1635234,452048.14769455,172.0,-0.0,172.7,ASK
1000,1712192850.1396694,452048.14769455,172.0,-0.0,172.7,ASK
1201,1712192880.2134786,452048.14769455,172.0,-0.0,172.7,ASK
1202,1712192901.2807946,455114.93278503,172.3,2.013987092374634e-06,172.7,BID
1203,1712192901.2834673,459828.46258202,172.3,3.095420086699084e-06,172.7,BID
1204,1712192901.285915,462865.83880454,172.4,1.9946740075886764e-06,172.7,BID
1205,1712192901.288376,470904.38287651,172.5,5.278988753626119e-06,172.7,BID
1206,1712192901.2907758,472106.40009328,172.4,7.893761994936645e-07,172.7,BID
1207,1712192901.292521,480048.14769455,172.3,5.2154215857856365e-06,172.7,BID
1208,1712192910.1958473,480048.14769455,172.3,0.0,172.7,BID
1209,1712192940.146233,480048.14769455,172.3,0.0,172.7,BID
1210,1712192970.1427476,480048.14769455,172.3,0.0,172.7,BID
1211,1712193000.1639388,480048.14769455,172.3,0.0,172.7,BID
1212,1712193030.142449,480048.14769455,172.3,0.0,172.7,BID
1213,1712193060.1913326,480048.14769455,172.3,0.0,172.7,BID
1214,1712193090.189279,480048.14769455,172.3,0.0,172.7,BID
1215,1712193120.1648138,480048.14769455,172.3,0.0,172.7,BID
1216,1712193150.141449,480048.14769455,172.3,0.0,172.7,BID
1217,1712193180.195272,480048.14769455,172.3,0.0,172.7,BID
1218,1712193195.2683666,481168.22880875,172.5,7.373257274396412e-07,172.7,BID
1219,1712193195.278134,482999.06064387,172.5,1.205197907129835e-06,172.7,BID
1220,1712193195.472787,491888.72129937,172.5,5.851875749364453e-06,172.7,BID
1221,1712193201.458546,500058.36896673,172.5,-5.377906414897561e-06,172.7,ASK
1222,1712193210.184492,500058.36896673,172.5,-0.0,172.7,ASK
1223,1712193240.126014,500058.36896673,172.5,-0.0,172.7,ASK
1224,1712193267.74817,506903.33395393,172.5,4.495680612549241e-06,172.7,BID
1225,1712193268.288069,511972.98826862,172.5,-3.3296805253932342e-06,172.7,ASK
1226,1712193270.1292398,511972.98826862,172.5,-0.0,172.7,ASK
1227,1712193273.54019,517953.31745062,172.6,3.922504596165552e-06,172.7,BID
1228,1712193273.5469148,527953.31745062,172.6,6.559011179471126e-06,172.7,BID
1229,1712193273.5911932,533557.11898243,172.6,3.675539689467897e-06,172.7,BID
1230,1712193273.6688154,533657.11898243,172.9,6.559011179471127e-08,172.9,BID
1231,1712193273.6790152,534657.11898243,172.9,6.559011179471126e-07,172.9,BID
1232,1712193273.6886508,534757.11898243,172.9,-6.559011179471127e-08,172.9,ASK
1233,1712193273.74902,539826.77329713,172.9,-3.3251919326171646e-06,172.9,ASK
1234,1712193273.7682722,541512.23599713,172.9,-1.1054968691881802e-06,172.9,ASK
1235,1712193273.788241,542620.02018836,172.9,-7.265968894718705e-07,172.9,ASK
1236,1712193300.160508,542620.02018836,172.9,-0.0,172.9,ASK
1237,1712193306.3481462,559690.90813284,172.5,-1.119169828183887e-05,172.9,ASK
1238,1712193306.4879887,559919.95161799,172.5,1.5016123282852158e-07,172.9,BID
1239,1712193330.1251738,559919.95161799,172.5,0.0,172.9,BID
1240,1712193342.5680466,559928.28603619,173.0,5.453386968094793e-09,173.0,BID
1241,1712193342.5783148,559977.75508619,173.0,3.2368650830984304e-08,173.0,BID
1242,1712193359.8180552,560555.78976827,173.0,3.782203780437312e-07,173.0,BID
1243,1712193360.1982992,560555.78976827,173.0,0.0,173.0,BID
1244,1712193390.1878822,560555.78976827,173.0,0.0,173.0,BID
1245,1712193420.1336002,560555.78976827,173.0,0.0,173.0,BID
1246,1712193443.2279146,560608.43800904,173.0,3.4446383632282126e-08,173.0,BID
1247,1712193443.2884514,561960.04897347,173.0,-8.84324131660305e-07,173.0,ASK
1248,1712193443.2898667,562000.87647347,173.0,-2.6712378365914408e-08,173.0,ASK
1249,1712193450.1408403,562000.87647347,173.0,-0.0,173.0,ASK
1250,1712193458.5079658,565989.31577996,173.0,2.60910601892392e-06,173.0,BID
1251,1712193468.1611516,568451.4914875,173.0,-1.6106744930874617e-06,173.0,ASK
1252,1712193468.2840853,572217.6080185,173.0,-2.463669760001552e-06,173.0,ASK
1253,1712193468.2854018,580019.19679307,173.0,-5.103543181860039e-06,173.0,ASK
1254,1712193480.1812608,580019.19679307,173.0,-0.0,173.0,ASK
1255,1712193510.1837063,580019.19679307,173.0,-0.0,173.0,ASK
1256,1712193511.1783707,580544.27383607,172.6,-3.427891601835884e-07,173.0,ASK
1257,1712193511.237964,580598.57106885,172.6,-3.5447184509561785e-08,173.0,ASK
1258,1712193540.1281033,580598.57106885,172.6,-0.0,173.0,ASK
1259,1712193570.144308,580598.57106885,172.6,-0.0,173.0,ASK
1260,1712193600.1647131,580598.57106885,172.6,-0.0,173.0,ASK
1261,1712193630.1347384,580598.57106885,172.6,-0.0,173.0,ASK
1262,1712193660.1869054,580598.57106885,172.6,-0.0,173.0,ASK
1263,1712193690.128543,580598.57106885,172.6,-0.0,173.0,ASK
1264,1712193720.1923606,580598.57106885,172.6,-0.0,173.0,ASK
1265,1712193750.212238,580598.57106885,172.6,-0.0,173.0,ASK
1266,1712193779.7478528,591649.57106885,172.6,7.233279915893428e-06,173.0,BID
1267,1712193780.027681,593218.13175519,172.6,1.0266798035800329e-06,173.0,BID
1268,1712193780.132121,593218.13175519,172.6,0.0,173.0,BID
1269,1712193793.9484584,594850.13175519,172.6,1.0666823969190477e-06,173.0,BID
1270,1712193794.8878002,595957.13175519,172.6,7.235400817336922e-07,173.0,BID
1271,1712193810.141356,595957.13175519,172.6,0.0,173.0,BID
1272,1712193840.213457,595957.13175519,172.6,0.0,173.0,BID
1273,1712193870.1832082,595957.13175519,172.6,0.0,173.0,BID
1274,1712193900.1562374,595957.13175519,172.6,0.0,173.0,BID
1275,1712193918.8603268,596047.13175519,172.2,-5.9000712612392063e-08,173.0,ASK
1276,1712193918.8668275,596627.8518481,172.2,-3.8069888122249e-07,173.0,ASK
1277,1712193918.869173,598273.198827,172.0,-1.078629380552753e-06,173.0,ASK
1278,1712193918.8710356,613273.198827,172.0,-9.833452102065344e-06,173.0,ASK
1279,1712193918.872347,630252.35565292,172.3,-1.1130915025409337e-05,173.0,ASK
1280,1712193918.8738687,634316.21632056,172.1,-2.664118614980345e-06,173.0,ASK
1281,1712193918.9683669,634316.21632139,171.9,-5.441447214512612e-16,173.0,ASK
1282,1712193918.9713738,635072.46995639,171.9,-4.957722597856687e-07,173.0,ASK
1283,1712193919.0088396,645303.32924693,171.9,6.706977653099679e-06,173.0,BID
1284,1712193919.0118644,646815.83651693,171.9,9.915445195714137e-07,173.0,BID
1285,1712193919.014832,666752.73321324,172.0,1.3069901248465962e-05,173.0,BID
1286,1712193919.168332,667750.07690024,171.8,-6.538220916941075e-07,173.0,ASK
1287,1712193919.1901608,668747.42058676,171.8,6.538220913794499e-07,173.0,BID
1288,1712193919.2033184,675116.38688676,171.8,-4.17526167004787e-06,173.0,ASK
1289,1712193919.212091,690806.24271872,171.8,-1.0285696387459272e-05,173.0,ASK
1290,1712193919.3682706,697337.37721872,171.6,-4.281573218526461e-06,173.0,ASK
1291,1712193919.3700974,701788.22441872,171.6,-2.9178128503207507e-06,173.0,ASK
1292,1712193919.428085,706239.07161872,171.6,2.9178128503207507e-06,173.0,BID
1293,1712193919.5482533,712350.88372372,171.7,-4.006680772756057e-06,173.0,ASK
1294,1712193919.568335,716627.13420944,171.7,-2.80335362185075e-06,173.0,ASK
1295,1712193919.5707376,737553.84353372,171.7,-1.3718786252943462e-05,173.0,ASK
1296,1712193919.5902514,746847.92174356,171.7,-6.092858193954054e-06,173.0,ASK
1297,1712193919.5918193,755599.03200072,171.7,-5.736908236911729e-06,173.0,ASK
1298,1712193929.5925894,762122.45780072,171.7,-4.276519676378466e-06,173.0,ASK
1299,1712193929.594072,766568.05170072,171.7,-2.914368978725577e-06,173.0,ASK
1300,1712193929.7679746,768194.89992003,171.7,1.0665022694610449e-06,173.0,BID
1301,1712193930.1243963,768194.89992003,171.7,0.0,173.0,BID
1302,1712193948.7817194,783033.80971075,172.0,9.542676487732229e-06,173.0,BID
1303,1712193948.784288,822005.70750203,172.0,2.506223287156371e-05,173.0,BID
1304,1712193949.1442547,826451.30140203,172.4,2.858893610234582e-06,173.0,BID
1305,1712193949.1485977,845563.51945123,172.4,1.2290775830483862e-05,173.0,BID
1306,1712193949.1509888,851369.03469068,172.4,3.7334382751836233e-06,173.0,BID
1307,1712193949.152388,851705.70750203,172.6,2.165091483295681e-07,173.0,BID
1308,1712193960.1882896,851705.70750203,172.6,0.0,173.0,BID
1309,1712193964.1184692,857486.05432283,172.6,3.683202154763841e-06,173.0,BID
1310,1712193979.565595,859563.06832283,172.6,1.3234608021695904e-06,173.0,BID
1311,1712193979.567728,859613.06832283,172.6,3.1859698638757655e-08,173.0,BID
1312,1712193979.5712073,863279.79708065,172.6,2.3364174642842126e-06,173.0,BID
1313,1712193990.1909769,863279.79708065,172.6,0.0,173.0,BID
1314,1712194003.6688342,881885.96308065,171.9,-1.18406646759483e-05,173.0,ASK
1315,1712194003.6721892,887691.4783201,171.9,-3.694536489754829e-06,173.0,ASK
1316,1712194003.6753886,891460.35473491,171.8,-2.398452310532703e-06,173.0,ASK
1317,1712194020.1517577,891460.35473491,171.8,-0.0,173.0,ASK
1318,1712194044.32823,897257.45618418,172.5,3.6778449290947152e-06,173.0,BID
1319,1712194050.1640964,897257.45618418,172.5,0.0,173.0,BID
1320,1712194080.1831837,897257.45618418,172.5,0.0,173.0,BID
1321,1712194107.6095946,912257.45618418,171.6,-9.51039009389468e-06,173.0,ASK
1322,1712194107.6683784,920331.92824046,171.6,5.119425270498318e-06,173.0,BID
1323,1712194107.670455,953649.53569246,171.6,2.1124229590918173e-05,173.0,BID
1324,1712194110.1847534,953649.53569246,171.6,0.0,173.0,BID
1325,1712194140.0686357,959596.46889349,171.7,3.747517808237932e-06,173.0,BID
1326,1712194140.0712967,964221.86138318,171.7,2.914736073073932e-06,173.0,BID
1327,1712194140.1405506,964221.86138318,171.7,0.0,173.0,BID
1328,1712194170.135946,964221.86138318,171.7,0.0,173.0,BID
1329,1712194197.1883502,965561.40710247,171.7,-8.431632640369713e-07,173.0,ASK
1330,1712194197.3882198,969096.26921314,171.7,2.224982568517898e-06,173.0,BID
1331,1712194197.4684775,973338.10374591,171.7,2.6699790822000954e-06,173.0,BID
1332,1712194197.5281394,976872.96585658,171.7,2.224982568517898e-06,173.0,BID
1333,1712194200.179294,976872.96585658,171.7,0.0,173.0,BID
1334,1712194230.135388,976872.96585658,171.7,0.0,173.0,BID
1335,1712194260.1890192,976872.96585658,171.7,0.0,173.0,BID
1336,1712194290.1895363,976872.96585658,171.7,0.0,173.0,BID
1337,1712194320.1547303,976872.96585658,171.7,0.0,173.0,BID
1338,1712194350.129702,976872.96585658,171.7,0.0,173.0,BID
1339,1712194361.0686774,976953.38113148,171.8,-5.0991372348612724e-08,173.0,ASK
1340,1712194380.19426,976953.38113148,171.8,-0.0,173.0,ASK
1341,1712194382.758632,977251.71048708,171.8,-1.891691598404935e-07,173.0,ASK
1342,1712194410.194595,977251.71048708,171.8,-0.0,173.0,ASK
1343,1712194425.9786365,977284.89808038,171.8,-2.104340386846255e-08,173.0,ASK
1344,1712194440.1455083,977284.89808038,171.8,-0.0,173.0,ASK
1345,1712194453.918559,978872.96585658,171.8,-1.0069495087360876e-06,173.0,ASK
1346,1712194470.1320963,978872.96585658,171.8,-0.0,173.0,ASK
1347,1712194500.1821232,978872.96585658,171.8,-0.0,173.0,ASK
1348,1712194505.5589814,979455.52511258,171.6,-3.73016161075557e-07,173.0,ASK
1349,1712194505.5624464,980038.61549158,171.5,-3.733562422954873e-07,173.0,ASK
1350,1712194530.1847353,980038.61549158,171.5,-0.0,173.0,ASK
1351,1712194560.173551,980038.61549158,171.5,-0.0,173.0,ASK
1352,1712194590.1518638,980038.61549158,171.5,-0.0,173.0,ASK
1353,1712194620.2239935,980038.61549158,171.5,-0.0,173.0,ASK
1354,1712194631.6699052,980329.65158005,171.2,-1.863282832214563e-07,173.0,ASK
1355,1712194631.673467,983888.08227114,171.1,-2.2781926637308745e-06,173.0,ASK
1356,1712194631.6768796,1010701.46703678,171.0,-1.7166571943027964e-05,173.0,ASK
1357,1712194631.680559,1010759.67425447,171.4,-3.726565664177208e-08,173.0,ASK
1358,1712194631.683633,1010791.69345447,171.4,-2.049945969753992e-08,173.0,ASK
1359,1712194631.685292,1010851.69345447,171.5,-3.8413438869588854e-08,173.0,ASK
1360,1712194631.686842,1016683.57027729,171.3,-3.733707397139426e-06,173.0,ASK
1361,1712194631.6884274,1017268.36559892,171.0,-3.743999889776446e-07,173.0,ASK
1362,1712194631.7690368,1025501.05254327,170.5,-5.270763611154194e-06,173.0,ASK
1363,1712194631.77254,1050135.39774844,171.0,1.5771498560519107e-05,173.0,BID
1364,1712194642.6888337,1055932.49919771,170.5,-3.7114433690389896e-06,173.0,ASK
1365,1712194642.699019,1068597.4063448,170.5,-8.108377274729313e-06,173.0,ASK
1366,1712194650.1925914,1068597.4063448,170.5,-0.0,173.0,ASK
1367,1712194663.3999171,1075026.39293586,171.5,4.076497676688359e-06,173.0,BID
1368,1712194663.4035957,1077755.65067986,171.4,1.730570237612775e-06,173.0,BID
1369,1712194663.407159,1083497.4063448,171.4,3.6407376647492912e-06,173.0,BID
1370,1712194663.41843,1095674.58575374,171.5,7.721317017240368e-06,173.0,BID
1371,1712194663.5847783,1100623.47084231,171.3,3.1379935671054115e-06,173.0,BID
1372,1712194680.1387844,1100623.47084231,171.3,0.0,173.0,BID
1373,1712194710.139912,1100623.47084231,171.3,0.0,173.0,BID
1374,1712194740.1898742,1100623.47084231,171.3,0.0,173.0,BID
1375,1712194770.179543,1100623.47084231,171.3,0.0,173.0,BID
1376,1712194800.164181,1100623.47084231,171.3,0.0,173.0,BID
1377,1712194830.1240606,1100623.47084231,171.3,0.0,173.0,BID
1378,1712194831.3577712,1103528.75846578,172.1,1.8369197598015296e-06,173.0,BID
1379,1712194860.1881688,1103528.75846578,172.1,0.0,173.0,BID
1380,1712194890.1964457,1103528.75846578,172.1,0.0,173.0,BID
1381,1712194920.1440785,1103528.75846578,172.1,0.0,173.0,BID
1382,1712194950.121043,1103528.75846578,172.1,0.0,173.0,BID
1383,1712194980.1971493,1103528.75846578,172.1,0.0,173.0,BID
1384,1712194994.3773687,1103826.06478066,172.1,1.879177968987675e-07,173.0,BID
1385,1712194994.976921,1105801.66036462,172.1,1.248710676900682e-06,173.0,BID
1386,1712195010.1909084,1105801.66036462,172.1,0.0,173.0,BID
1387,1712195040.1389449,1105801.66036462,172.1,0.0,173.0,BID
1388,1712195070.131132,1105801.66036462,172.1,0.0,173.0,BID
1389,1712195100.148196,1105801.66036462,172.1,0.0,173.0,BID
1390,1712195130.130438,1105801.66036462,172.1,0.0,173.0,BID
1391,1712195160.190228,1105801.66036462,172.1,0.0,173.0,BID
1392,1712195190.1974287,1105801.66036462,172.1,0.0,173.0,BID
1393,1712195220.1288383,1105801.66036462,172.1,0.0,173.0,BID
1394,1712195245.1580682,1109211.99369795,171.0,-2.1599752969731683e-06,173.0,ASK
1395,1712195250.136209,1109211.99369795,171.0,-0.0,173.0,ASK
1396,1712195280.1844962,1109211.99369795,171.0,-0.0,173.0,ASK
1397,1712195310.190286,1109211.99369795,171.0,-0.0,173.0,ASK
1398,1712195340.1760807,1109211.99369795,171.0,-0.0,173.0,ASK
1399,1712195370.1393669,1109211.99369795,171.0,-0.0,173.0,ASK
1400,1712195400.1735468,1109211.99369795,171.0,-0.0,173.0,ASK
1401,1712195404.0626278,1109259.49963619,171.0,-3.01167690822118e-08,173.0,ASK
1402,1712195430.1344523,1109259.49963619,171.0,-0.0,173.0,ASK
1403,1712195436.6409354,1113428.27591013,171.0,-2.642815413678714e-06,173.0,ASK
1404,1712195436.6466885,1121910.6041096,171.0,-5.3774120356556925e-06,173.0,ASK
1405,1712195460.191251,1121910.6041096,171.0,-0.0,173.0,ASK
1406,1712195490.2018232,1121910.6041096,171.0,-0.0,173.0,ASK
1407,1712195520.169004,1121910.6041096,171.0,-0.0,173.0,ASK
1408,1712195528.69662,1122196.4556966,171.0,1.8096877281251736e-07,173.0,BID
1409,1712195528.6996963,1122496.4556966,171.0,1.899259416871521e-07,173.0,BID
1410,1712195528.916386,1125017.27393154,171.0,1.5958959236437848e-06,173.0,BID
1411,1712195531.8723006,1126194.27393154,171.0,7.451427778859268e-07,173.0,BID
1412,1712195539.4816031,1127392.27393154,171.0,7.584375938040274e-07,173.0,BID
1413,1712195541.5765946,1127902.27393154,171.0,3.228741008681586e-07,173.0,BID
1414,1712195542.3660803,1130133.27393154,171.0,1.4124159196801211e-06,173.0,BID
1415,1712195543.7668405,1130518.30852776,171.0,2.43760194230651e-07,173.0,BID
1416,1712195543.770872,1131494.27393154,171.0,6.178704945567291e-07,173.0,BID
1417,1712195545.0565472,1132266.27393154,171.0,4.887427566082715e-07,173.0,BID
1418,1712195550.1385863,1132266.27393154,171.0,0.0,173.0,BID
1419,1712195550.4767814,1132418.20672776,171.0,9.607888568477697e-08,173.0,BID
1420,1712195550.480378,1132755.27393154,171.0,2.1315372418490185e-07,173.0,BID
1421,1712195562.043857,1133364.74513154,171.0,3.8541588919512053e-07,173.0,BID
1422,1712195562.0511458,1134318.27393154,171.0,6.029901828423189e-07,173.0,BID
1423,1712195562.256682,1135588.27393154,171.0,8.031194571257506e-07,173.0,BID
1424,1712195569.8930922,1135652.53820038,171.0,4.063927929396511e-08,173.0,BID
1425,1712195569.896319,1135766.84490038,171.0,7.228498807063644e-08,173.0,BID
1426,1712195569.899623,1136091.27393154,171.0,2.051616278592194e-07,173.0,BID
1427,1712195580.1822133,1136091.27393154,171.0,0.0,173.0,BID
1428,1712195607.806627,1136119.6611627,171.0,1.7944024941530877e-08,173.0,BID
1429,1712195607.8085372,1136191.4936627,171.0,4.540647745283244e-08,173.0,BID
1430,1712195608.8016589,1137661.4936627,171.1,9.292106199233824e-07,173.0,BID
1431,1712195610.189091,1137661.4936627,171.1,0.0,173.0,BID
1432,1712195615.3767493,1138630.4936627,171.1,6.124164687685098e-07,173.0,BID
1433,1712195618.4671955,1139139.40141774,171.1,3.216341488858865e-07,173.0,BID
1434,1712195618.4773238,1139171.4936627,171.1,2.028257929137233e-08,173.0,BID
1435,1712195632.646407,1139202.20051774,171.1,1.9407000753983506e-08,173.0,BID
1436,1712195632.7666864,1143426.20051774,171.2,2.669604916489356e-06,173.0,BID
1437,1712195640.1227796,1143426.20051774,171.2,0.0,173.0,BID
1438,1712195640.5604663,1143517.80011774,171.2,5.785566645354701e-08,173.0,BID
1439,1712195640.56236,1143551.19111774,171.2,2.1090251033381052e-08,173.0,BID
1440,1712195640.7593105,1143644.48053451,171.2,5.8922979797941744e-08,173.0,BID
1441,1712195647.026401,1144661.48053451,171.2,6.423522895663218e-07,173.0,BID
1442,1712195655.0563085,1145245.87193151,171.2,3.691102771542265e-07,173.0,BID
1443,1712195662.6466892,1149509.63438479,171.2,2.693055628349337e-06,173.0,BID
1444,1712195662.6503303,1149768.42128479,171.2,1.6345364574703786e-07,173.0,BID
1445,1712195662.6544898,1149944.80518479,171.2,1.1140668830643753e-07,173.0,BID
1446,1712195670.1288142,1149944.80518479,171.2,0.0,173.0,BID
1447,1712195700.2264729,1149944.80518479,171.2,0.0,173.0,BID
1448,1712195730.1921377,1149944.80518479,171.2,0.0,173.0,BID
1449,1712195760.186309,1149944.80518479,171.2,0.0,173.0,BID
1450,1712195790.1863368,1149944.80518479,171.2,0.0,173.0,BID
1451,1712195820.128562,1149944.80518479,171.2,0.0,173.0,BID
1452,1712195850.139161,1149944.80518479,171.2,0.0,173.0,BID
1453,1712195853.3973882,1155569.80518479,171.4,-3.5770361105119337e-06,173.0,ASK
1454,1712195880.178147,1155569.80518479,171.4,-0.0,173.0,ASK
1455,1712195910.1876953,1155569.80518479,171.4,-0.0,173.0,ASK
1456,1712195929.0563388,1158569.80518479,171.8,1.9065836582261592e-06,173.0,BID
1457,1712195932.2869482,1158918.04498479,171.8,2.2131610394137733e-07,173.0,BID
1458,1712195932.2916036,1161254.19854828,171.8,1.48469073575222e-06,173.0,BID
1459,1712195932.2952445,1161569.80518479,172.0,2.0057681853256173e-07,173.0,BID
1460,1712195940.138402,1161569.80518479,172.0,0.0,173.0,BID
1461,1712195943.0660143,1165169.80518479,172.0,2.2864024709885227e-06,173.0,BID
1462,1712195944.73624,1168369.80518479,172.0,2.032357751989798e-06,173.0,BID
1463,1712195961.3765876,1171969.80518479,172.0,2.2864024709885227e-06,173.0,BID
1464,1712195968.0063083,1175569.80518479,172.0,2.2864024709885227e-06,173.0,BID
1465,1712195968.4865675,1178569.80518479,172.0,1.905335392490436e-06,173.0,BID
1466,1712195970.1391091,1178569.80518479,172.0,0.0,173.0,BID
1467,1712195974.2663124,1181869.80518479,172.0,2.091983977548062e-06,173.0,BID
1468,1712195982.8462324,1185469.80518479,172.0,2.2821643391433403e-06,173.0,BID
1469,1712195985.5561574,1188469.80518479,172.0,1.901803615952784e-06,173.0,BID
1470,1712195987.916394,1191569.80518479,172.0,1.9651970698178765e-06,173.0,BID
1471,1712195989.7864065,1194569.80518479,172.0,1.901803615952784e-06,173.0,BID
1472,1712195989.9666831,1199469.80518479,172.0,3.106279239389546e-06,173.0,BID
1473,1712195990.126488,1200926.68164166,171.6,-9.235643045572812e-07,173.0,ASK
1474,1712195993.1766727,1202818.68164166,172.0,1.1994041471275556e-06,173.0,BID
1475,1712195994.150959,1206118.68164166,172.0,2.091983977548062e-06,173.0,BID
1476,1712195995.4862585,1209418.68164166,172.0,2.091983977548062e-06,173.0,BID
1477,1712195998.0163414,1212718.68164166,172.0,2.091983977548062e-06,173.0,BID
1478,1712195998.0761323,1217418.68164166,172.0,2.9794923316593608e-06,173.0,BID
1479,1712196000.090233,1220850.60988888,172.0,2.175617850084572e-06,173.0,BID
1480,1712196000.0937676,1224921.097372,172.0,2.58042260469609e-06,173.0,BID
1481,1712196000.3149643,1224921.097372,172.0,0.0,173.0,BID
1482,1712196003.848154,1227552.36815512,172.1,1.6842592620760705e-06,173.0,BID
1483,1712196003.8503633,1228021.097372,172.0,3.000305137732862e-07,173.0,BID
1484,1712196014.3824627,1231221.097372,172.1,2.048299123457401e-06,173.0,BID
1485,1712196022.317329,1234721.097372,172.1,2.240327166281532e-06,173.0,BID
1486,1712196030.1927352,1234721.097372,172.1,0.0,173.0,BID
1487,1712196031.6218386,1237921.097372,172.1,2.046090289495525e-06,173.0,BID
1488,1712196035.7864535,1248921.097372,172.1,7.033435370140867e-06,173.0,BID
1489,1712196042.7335086,1250837.097372,172.1,1.2250965608354457e-06,173.0,BID
1490,1712196049.0163918,1254437.097372,172.1,2.3018515756824656e-06,173.0,BID
1491,1712196056.251409,1257637.097372,172.1,2.046090289495525e-06,173.0,BID
1492,1712196060.151034,1257637.097372,172.1,0.0,173.0,BID
1493,1712196060.3792565,1259791.0444582,172.1,1.3737764322075065e-06,173.0,BID
1494,1712196060.3814297,1260637.097372,172.1,5.396082201024074e-07,173.0,BID
1495,1712196065.4769423,1263737.097372,172.1,1.977164140720244e-06,173.0,BID
1496,1712196068.3265314,1274460.6544544,171.8,-6.839429846544453e-06,173.0,ASK
1497,1712196068.492071,1275202.235262,171.8,-4.729764452364372e-07,173.0,ASK
1498,1712196068.4966054,1278853.51180739,171.8,-2.328765501096143e-06,173.0,ASK
1499,1712196079.2074995,1280738.36268367,172.1,1.2021482461889345e-06,173.0,BID
1500,1712196079.2126796,1284053.51180739,172.1,2.11438515114825e-06,173.0,BID
1501,1712196084.3663433,1285131.09409358,172.1,6.872764693323307e-07,173.0,BID
1502,1712196084.370195,1287053.51180739,172.1,1.2261081829775832e-06,173.0,BID
1503,1712196088.4466262,1290416.7101212,172.1,2.1450306787728345e-06,173.0,BID
1504,1712196088.4503734,1290553.51180739,172.1,8.725141558873152e-08,173.0,BID
1505,1712196090.127101,1290553.51180739,172.1,0.0,173.0,BID
1506,1712196090.856688,1290963.20669358,172.1,2.6036135593635826e-07,173.0,BID
1507,1712196090.8612318,1294353.51180739,172.1,2.154541016312454e-06,173.0,BID
1508,1712196094.8863084,1295407.5062212,172.1,6.698141079597282e-07,173.0,BID
1509,1712196094.8960855,1297553.51180739,172.1,1.363787889723482e-06,173.0,BID
1510,1712196105.4478257,1297902.77829358,172.1,2.2195907001244802e-07,173.0,BID
1511,1712196105.4524095,1300853.51180739,172.1,1.8751929900983624e-06,173.0,BID
1512,1712196114.6466005,1302919.14862242,172.1,1.3127134854789932e-06,173.0,BID
1513,1712196114.651415,1304253.51180739,172.1,8.479886370594177e-07,173.0,BID
1514,1712196120.2073493,1304253.51180739,172.1,0.0,173.0,BID
1515,1712196126.1065023,1304772.96729236,172.1,3.2962039354951284e-07,173.0,BID
1516,1712196150.1796527,1304772.96729236,172.1,0.0,173.0,BID
1517,1712196150.681774,1308791.13520365,172.2,2.5495831630386884e-06,173.0,BID
1518,1712196166.6469758,1312091.13520365,172.5,2.0938956817577674e-06,173.0,BID
1519,1712196166.6664956,1316291.13520365,172.5,2.6649581404189765e-06,173.0,BID
1520,1712196166.7892728,1323991.13520365,172.5,4.885756590768124e-06,173.0,BID
1521,1712196166.826344,1324900.32404826,172.5,5.768929077670377e-07,173.0,BID
1522,1712196168.166384,1325065.76452644,172.2,1.0497427359066292e-07,173.0,BID
1523,1712196168.6963515,1340065.76452644,172.4,-9.517707644353489e-06,173.0,ASK
1524,1712196168.81624,1348106.16887544,172.3,-5.10174786241133e-06,173.0,ASK
1525,1712196168.8362055,1363106.16887544,172.4,-9.517707644353489e-06,173.0,ASK
1526,1712196168.8398151,1364551.54973344,172.3,-9.17114162745858e-07,173.0,ASK
1527,1712196168.9964354,1365400.34060626,172.2,-5.385695585798777e-07,173.0,ASK
1528,1712196169.0002155,1365565.78108444,172.2,-1.049742735905152e-07,173.0,ASK
1529,1712196180.131217,1365565.78108444,172.2,-0.0,173.0,ASK
1530,1712196191.5967925,1368744.67051085,172.5,2.00372478110442e-06,173.0,BID
1531,1712196191.6005423,1369165.78108444,172.5,2.654353702514186e-07,173.0,BID
1532,1712196194.0663416,1372165.78108444,172.8,1.890966792796532e-06,173.0,BID
1533,1712196210.130324,1372165.78108444,172.8,0.0,173.0,BID
1534,1712196225.7563934,1372287.31610953,172.8,7.65512539193959e-08,173.0,BID
1535,1712196240.2018907,1372287.31610953,172.8,0.0,173.0,BID
1536,1712196270.1823394,1372287.31610953,172.8,0.0,173.0,BID
1537,1712196300.1429656,1372287.31610953,172.8,0.0,173.0,BID
1538,1712196330.1301928,1372287.31610953,172.8,0.0,173.0,BID
1539,1712196360.1842198,1372287.31610953,172.8,0.0,173.0,BID
1540,1712196374.5170393,1374445.13521193,171.9,-1.3720946768037766e-06,173.0,ASK
1541,1712196374.521813,1375259.56220436,171.9,-5.178705386914943e-07,173.0,ASK
1542,1712196374.716297,1388159.56220436,172.9,8.202736416172371e-06,173.0,BID
1543,1712196374.7967598,1390274.17485892,172.9,1.344620947880492e-06,173.0,BID
1544,1712196374.8014066,1392059.56220436,172.9,1.1352761081716206e-06,173.0,BID
1545,1712196390.189473,1392059.56220436,172.9,0.0,173.0,BID
1546,1712196417.9165294,1395759.56220436,172.9,2.3476240144642192e-06,173.0,BID
1547,1712196420.132135,1395759.56220436,172.9,0.0,173.0,BID
1548,1712196427.037273,1398410.45291854,173.0,1.681289098336331e-06,173.0,BID
1549,1712196427.0420234,1400558.40613491,172.9,1.3623082638231003e-06,173.0,BID
1550,1712196427.0457797,1403159.56220436,173.0,1.6497456191779155e-06,173.0,BID
1551,1712196437.1768491,1418159.56220436,172.3,-9.513533070278403e-06,173.0,ASK
1552,1712196437.1817386,1439313.14834052,172.3,-1.3416356084089367e-05,173.0,ASK
1553,1712196450.138755,1439313.14834052,172.3,-0.0,173.0,ASK
1554,1712196480.1969662,1439313.14834052,172.3,-0.0,173.0,ASK
1555,1712196510.188337,1439313.14834052,172.3,-0.0,173.0,ASK
1556,1712196540.1269298,1439313.14834052,172.3,-0.0,173.0,ASK
1557,1712196542.3467488,1439420.51920529,172.3,6.777562781060768e-08,173.0,BID
1558,1712196570.136691,1439420.51920529,172.3,0.0,173.0,BID
1559,1712196576.856568,1440964.34284984,172.0,9.744952235645033e-07,173.0,BID
1560,1712196580.4369285,1440997.91743348,172.0,2.119301094133045e-08,173.0,BID
1561,1712196580.44215,1441022.453854,172.2,1.5487924857511825e-08,173.0,BID
1562,1712196600.1545398,1441022.453854,172.2,0.0,173.0,BID
1563,1712196608.6167111,1441122.453854,171.9,-6.420243427707032e-08,173.0,ASK
1564,1712196630.1286476,1441122.453854,171.9,-0.0,173.0,ASK
1565,1712196639.176786,1441612.33194995,171.9,-3.1451019153027125e-07,173.0,ASK
1566,1712196660.1914015,1441612.33194995,171.9,-0.0,173.0,ASK
1567,1712196675.797044,1441670.40395924,172.2,3.728121654229991e-08,173.0,BID
1568,1712196690.1862826,1441670.40395924,172.2,0.0,173.0,BID
1569,1712196707.827679,1441960.7640057,172.2,1.8640488603064e-07,173.0,BID
1570,1712196714.1278243,1442018.9373623,171.9,-3.734603999163766e-08,173.0,ASK
1571,1712196714.1374338,1443129.05926635,171.9,-7.12674314278246e-07,173.0,ASK
1572,1712196714.304642,1443187.30038457,171.7,-3.7389541489765913e-08,173.0,ASK
1573,1712196714.3078475,1443303.78262102,171.7,-7.47790829861086e-08,173.0,ASK
1574,1712196720.156034,1443303.78262102,171.7,-0.0,173.0,ASK
1575,1712196730.538457,1443361.78262102,172.2,3.722803707143538e-08,173.0,BID
1576,1712196730.543503,1443361.85463031,172.2,4.622007795581658e-11,173.0,BID
1577,1712196737.2486265,1443486.84620787,172.2,8.022743246578032e-08,173.0,BID
1578,1712196737.2537398,1443652.21467676,172.2,1.0614385328072732e-07,173.0,BID
1579,1712196750.4762793,1443652.21467676,172.2,0.0,173.0,BID
1580,1712196753.848822,1443942.57472321,172.2,1.863641085363731e-07,173.0,BID
1581,1712196780.1894534,1443942.57472321,172.2,0.0,173.0,BID
1582,1712196810.2004836,1443942.57472321,172.2,0.0,173.0,BID
1583,1712196840.142357,1443942.57472321,172.2,0.0,173.0,BID
1584,1712196861.2001476,1446950.88473777,172.2,1.930785689908244e-06,173.0,BID
1585,1712196865.7875698,1448059.38822209,172.2,7.114568160792555e-07,173.0,BID
1586,1712196870.1408534,1448059.38822209,172.2,0.0,173.0,BID
1587,1712196900.162751,1448059.38822209,172.2,0.0,173.0,BID
1588,1712196930.1282463,1448059.38822209,172.2,0.0,173.0,BID
1589,1712196960.1915114,1448059.38822209,172.2,0.0,173.0,BID
1590,1712196990.1846857,1448059.38822209,172.2,0.0,173.0,BID
1591,1712197020.1267846,1448059.38822209,172.2,0.0,173.0,BID
1592,1712197035.3929367,1448117.79943704,171.2,-3.76895858026199e-08,173.0,ASK
1593,1712197035.3980825,1448176.24479063,171.1,-3.771161361354065e-08,173.0,ASK
1594,1712197035.4030948,1451067.69823665,171.0,-1.8656979287502955e-06,173.0,ASK
1595,1712197035.4727592,1453636.15882945,171.0,-1.6572881761797534e-06,173.0,ASK
1596,1712197035.4779286,1470997.38894315,171.0,-1.120225923342146e-05,173.0,ASK
1597,1712197050.136914,1470997.38894315,171.0,-0.0,173.0,ASK
1598,1712197080.1581511,1470997.38894315,171.0,-0.0,173.0,ASK
1599,1712197110.152191,1470997.38894315,171.0,-0.0,173.0,ASK
1600,1712197140.1752715,1470997.38894315,171.0,-0.0,173.0,ASK
1601,1712197152.3936138,1471027.87474315,171.0,-1.9621171981586453e-08,173.0,ASK
1602,1712197152.5579026,1473600.97415819,171.0,1.6560899221271644e-06,173.0,BID
1603,1712197170.19429,1473600.97415819,171.0,0.0,173.0,BID
1604,1712197199.8225083,1473659.52216755,170.8,-3.7671685701670014e-08,173.0,ASK
1605,1712197199.827735,1479514.32310431,170.8,-3.767168570657632e-06,173.0,ASK
1606,1712197200.1642733,1479514.32310431,170.8,-0.0,173.0,ASK
1607,1712197230.13459,1479514.32310431,170.8,-0.0,173.0,ASK
1608,1712197260.2025084,1479514.32310431,170.8,-0.0,173.0,ASK
1609,1712197263.7100646,1484946.86986749,171.0,3.514784075955596e-06,173.0,BID
1610,1712197263.7153227,1492734.54519665,171.0,5.0385203163208185e-06,173.0,BID
1611,1712197264.0209262,1495384.10685649,171.0,1.7142304587944184e-06,173.0,BID
1612,1712197290.1978393,1495384.10685649,171.0,0.0,173.0,BID
1613,1712197320.1969328,1495384.10685649,171.0,0.0,173.0,BID
1614,1712197350.1570544,1495384.10685649,171.0,0.0,173.0,BID
1615,1712197380.205562,1495384.10685649,171.0,0.0,173.0,BID
1616,1712197385.0861652,1495501.06592081,171.0,7.553830208068061e-08,173.0,BID
1617,1712197400.685713,1495531.06592081,170.2,-1.93755744849408e-08,173.0,ASK
1618,1712197400.6907213,1495589.82032739,170.2,-3.7946679366978125e-08,173.0,ASK
1619,1712197410.2046962,1495589.82032739,170.2,-0.0,173.0,ASK
1620,1712197416.146129,1495639.37353138,170.1,-3.2003334208070466e-08,173.0,ASK
1621,1712197416.1493003,1496394.98431377,170.1,-4.880020352455153e-07,173.0,ASK
1622,1712197416.1552083,1496453.77326144,170.1,-3.7968126953097764e-08,173.0,ASK
1623,1712197428.896206,1503097.12734124,170.1,4.290529446317104e-06,173.0,BID
1624,1712197428.9958189,1504265.42260189,170.1,7.545292871041628e-07,173.0,BID
1625,1712197429.055338,1510626.26196499,170.1,4.108070752040255e-06,173.0,BID
1626,1712197429.190521,1510685.0854944,170.0,-3.7990461149296574e-08,173.0,ASK
1627,1712197429.1929214,1529954.7504574,170.0,-1.2445078788711192e-05,173.0,ASK
1628,1712197437.636166,1530012.68788497,170.0,-3.7418183051431655e-08,173.0,ASK
1629,1712197440.1385896,1530012.68788497,170.0,-0.0,173.0,ASK
1630,1712197448.4004452,1531154.11784733,170.0,-7.344023691575596e-07,173.0,ASK
1631,1712197453.6159189,1531742.69936587,169.9,-3.7869661381990134e-07,173.0,ASK
1632,1712197470.1599112,1531742.69936587,169.9,-0.0,173.0,ASK
1633,1712197500.19374,1531742.69936587,169.9,-0.0,173.0,ASK
1634,1712197530.1970408,1531742.69936587,169.9,-0.0,173.0,ASK
1635,1712197560.1455686,1531742.69936587,169.9,-0.0,173.0,ASK
1636,1712197590.1397104,1531742.69936587,169.9,-0.0,173.0,ASK
1637,1712197596.9366066,1532777.94233617,169.9,-6.781326802553305e-07,173.0,ASK
1638,1712197600.5930543,1533295.56382132,169.9,-3.390663401276653e-07,173.0,ASK
1639,1712197606.7777271,1533554.3745639,169.9,-1.6953317006718797e-07,173.0,ASK
1640,1712197607.5168903,1533589.56517973,170.5,2.305150319033624e-08,173.0,BID
