,time,acc_trade_volume,trade_price,dev,high,ask_bid
0,1712173460.297517,5218575.3301463,778.6,0.0,811.7,ASK
1,1712173470.7640543,5218575.3301463,778.6,-0.0,811.7,ASK
2,1712173500.5633094,5218575.3301463,778.6,-0.0,811.7,ASK
3,1712173530.5331044,5218575.3301463,778.6,-0.0,811.7,ASK
4,1712173560.7821958,5218575.3301463,778.6,-0.0,811.7,ASK
5,1712173590.773811,5218575.3301463,778.6,-0.0,811.7,ASK
6,1712173620.5421412,5218575.3301463,778.6,-0.0,811.7,ASK
7,1712173650.542118,5218575.3301463,778.6,-0.0,811.7,ASK
8,1712173680.7723105,5218575.3301463,778.6,-0.0,811.7,ASK
9,1712173702.4221036,5220189.73931899,779.1,-3.5811904829420585e-07,811.7,ASK
10,1712173710.7732449,5220189.73931899,779.1,-0.0,811.7,ASK
11,1712173740.523597,5220189.73931899,779.1,-0.0,811.7,ASK
12,1712173756.2725303,5221827.73931899,778.7,-3.6325077270870857e-07,811.7,ASK
13,1712173756.2737436,5221963.44572272,778.6,-3.0094905992834534e-08,811.7,ASK
14,1712173756.274996,5224748.44572272,778.5,-6.17615019532206e-07,811.7,ASK
15,1712173756.2761748,5226278.44572272,778.6,-3.393001723103322e-07,811.7,ASK
16,1712173756.277357,5432845.52847808,778.4,-4.5809311616036965e-05,811.7,ASK
17,1712173769.9021194,5432866.52847808,780.3,-4.657061188573187e-09,811.7,ASK
18,1712173770.543419,5432866.52847808,780.3,-0.0,811.7,ASK
19,1712173800.553136,5432866.52847808,780.3,-0.0,811.7,ASK
20,1712173811.0622573,5433673.73306408,778.1,1.7267035095269474e-07,811.7,BID
21,1712173811.0816932,5433673.73306442,778.1,7.271552526876685e-17,811.7,BID
22,1712173811.2019634,5435558.12875815,779.5,-4.030939261419225e-07,811.7,ASK
23,1712173829.092399,5435760.43084315,779.0,-4.327474424861594e-08,811.7,ASK
24,1712173829.171728,5435760.43084403,779.0,-1.8826348323009502e-16,811.7,ASK
25,1712173830.5022397,5435760.43084403,779.0,-0.0,811.7,ASK
26,1712173857.8117497,5436017.18268303,778.9,-5.489569832152008e-08,811.7,ASK
27,1712173860.7836685,5436017.18268303,778.9,-0.0,811.7,ASK
28,1712173873.7619722,5436017.18268379,778.9,-1.6247871312275462e-16,811.7,ASK
29,1712173873.7629404,5436629.33662696,778.8,-1.308780552767962e-07,811.7,ASK
30,1712173873.771778,5437024.16775403,778.8,-8.44145997101158e-08,811.7,ASK
31,1712173873.8826823,5437191.55819143,778.7,-3.578795034039527e-08,811.7,ASK
32,1712173873.895031,5437191.55819303,778.8,-3.4208140826579956e-16,811.7,ASK
33,1712173888.331903,5437222.58380688,780.0,6.633253039959299e-09,811.7,BID
34,1712173890.7823286,5437222.58380688,780.0,0.0,811.7,BID
35,1712173891.2420402,5437222.58380772,778.7,-1.795666539725727e-16,811.7,ASK
36,1712173893.471689,5437235.42480772,778.7,2.7448452742106396e-09,811.7,BID
37,1712173920.5140958,5437235.42480772,778.7,0.0,811.7,BID
38,1712173950.531751,5437235.42480772,778.7,0.0,811.7,BID
39,1712173980.7733314,5437235.42480772,778.7,0.0,811.7,BID
40,1712173987.0632558,5437639.02710072,779.9,8.627236809653522e-08,811.7,BID
41,1712173987.0819166,5437639.02710089,779.9,3.6231775133196816e-17,811.7,BID
42,1712174010.783588,5437639.02710089,779.9,0.0,811.7,BID
43,1712174040.5147471,5437639.02710089,779.9,0.0,811.7,BID
44,1712174070.5418973,5437639.02710089,779.9,0.0,811.7,BID
45,1712174100.7933316,5437639.02710089,779.9,0.0,811.7,BID
46,1712174111.0019498,5437703.13788432,779.9,1.3710578889978033e-08,811.7,BID
47,1712174130.763598,5437703.13788432,779.9,0.0,811.7,BID
48,1712174160.564029,5437703.13788432,779.9,0.0,811.7,BID
49,1712174190.5728865,5437703.13788432,779.9,0.0,811.7,BID
50,1712174220.5735233,5437703.13788432,779.9,0.0,811.7,BID
51,1712174250.566789,5437703.13788432,779.9,0.0,811.7,BID
52,1712174280.7742307,5437703.13788432,779.9,0.0,811.7,BID
53,1712174298.142386,5437728.28935332,779.9,5.378775522264006e-09,811.7,BID
54,1712174305.4325678,5437790.48492255,779.9,1.3300853534865844e-08,811.7,BID
55,1712174310.7926638,5437790.48492255,779.9,0.0,811.7,BID
56,1712174340.4860132,5437790.48492255,779.9,0.0,811.7,BID
57,1712174370.5760517,5437790.48492255,779.9,0.0,811.7,BID
58,1712174400.6047957,5437790.48492255,779.9,0.0,811.7,BID
59,1712174426.5227444,5438180.21777543,778.1,-8.394663532417027e-08,811.7,ASK
60,1712174430.514403,5438180.21777543,778.1,-0.0,811.7,ASK
61,1712174435.4729438,5438225.37534652,780.6,9.726094498078153e-09,811.7,BID
62,1712174460.7629187,5438225.37534652,780.6,0.0,811.7,BID
63,1712174490.764213,5438225.37534652,780.6,0.0,811.7,BID
64,1712174520.5246596,5438225.37534652,780.6,0.0,811.7,BID
65,1712174544.673782,5438238.22551357,778.2,-2.767664140198017e-09,811.7,ASK
66,1712174544.6754158,5438394.94731708,778.1,-3.375468302257391e-08,811.7,ASK
67,1712174544.6769576,5438407.75797554,778.2,-2.75915479506006e-09,811.7,ASK
68,1712174544.7419777,5439050.43149739,778.0,-1.3841878112207713e-07,811.7,ASK
69,1712174550.513511,5439050.43149739,778.0,-0.0,811.7,ASK
70,1712174552.3233387,5439307.63314348,777.6,-5.53883359482962e-08,811.7,ASK
71,1712174552.4232447,5439566.33214348,777.6,5.5710790888563774e-08,811.7,BID
72,1712174552.4247572,5439787.08528597,777.6,4.7539156159303e-08,811.7,BID
73,1712174553.9231868,5440043.47628597,777.6,5.521376343433477e-08,811.7,BID
74,1712174580.7535164,5440043.47628597,777.6,0.0,811.7,BID
75,1712174601.4833949,5440043.47695181,777.6,1.4336465257203165e-13,811.7,BID
76,1712174610.7832525,5440043.47695181,777.6,0.0,811.7,BID
77,1712174640.4888186,5440043.47695181,777.6,0.0,811.7,BID
78,1712174670.5157666,5440043.47695181,777.6,0.0,811.7,BID
79,1712174700.7642665,5440043.47695181,777.6,0.0,811.7,BID
80,1712174730.793303,5440043.47695181,777.6,0.0,811.7,BID
81,1712174740.163237,5440073.77636129,777.2,-6.5255034615657805e-09,811.7,ASK
82,1712174759.9933195,5443299.03779629,777.2,-6.946160014076554e-07,811.7,ASK
83,1712174760.013268,5443299.03779722,777.2,-2.0037589642323922e-16,811.7,ASK
84,1712174760.0738902,5443684.64191033,777.1,-8.304653516408944e-08,811.7,ASK
85,1712174760.5248551,5443684.64191033,777.1,-0.0,811.7,ASK
86,1712174767.8633492,5443729.0713746,776.7,-9.562827700284318e-09,811.7,ASK
87,1712174767.9232357,5444328.3911056,776.7,-1.2899528317914137e-07,811.7,ASK
88,1712174767.9432487,5444328.39110564,776.7,-8.619535049944845e-18,811.7,ASK
89,1712174789.725819,5444378.39110563,776.1,-1.0761808470739306e-08,811.7,ASK
90,1712174790.5234294,5444378.39110563,776.1,-0.0,811.7,ASK
91,1712174791.5636387,5444378.39110564,776.1,-2.004310594321312e-18,811.7,ASK
92,1712174791.565857,5445123.89572263,776.0,-1.6044095168280573e-07,811.7,ASK
93,1712174791.583308,5445123.89572316,776.0,-1.140452728168826e-16,811.7,ASK
94,1712174791.6322813,5445768.30866297,775.9,-1.3868488938010764e-07,811.7,ASK
95,1712174820.7991822,5445768.30866297,775.9,-0.0,811.7,ASK
96,1712174850.78334,5445768.30866297,775.9,-0.0,811.7,ASK
97,1712174880.5159044,5445768.30866297,775.9,-0.0,811.7,ASK
98,1712174910.5049474,5445768.30866297,775.9,-0.0,811.7,ASK
99,1712174911.4862838,5447057.13454197,775.9,2.77305413881948e-07,811.7,BID
100,1712174911.5032916,5447057.1345426,775.9,1.3566033941475842e-16,811.7,BID
101,1712174940.7942958,5447057.1345426,775.9,0.0,811.7,BID
102,1712174943.7235732,5447057.13454352,777.1,1.9793734558432547e-16,811.7,BID
103,1712174943.7250218,5447846.88718859,777.1,1.698876294413763e-07,811.7,BID
104,1712174943.783371,5447846.8871886,777.4,-2.203755871890264e-18,811.7,ASK
105,1712174943.7847974,5448324.94931028,777.4,-1.0283832676592021e-07,811.7,ASK
106,1712174965.623359,5450245.3750578,777.8,4.131123584086751e-07,811.7,BID
107,1712174970.7632618,5450245.3750578,777.8,0.0,811.7,BID
108,1712175000.5838635,5450245.3750578,777.8,0.0,811.7,BID
109,1712175030.5768352,5450245.3750578,777.8,0.0,811.7,BID
110,1712175060.774608,5450245.3750578,777.8,0.0,811.7,BID
111,1712175090.7733986,5450245.3750578,777.8,0.0,811.7,BID
112,1712175120.5408292,5450245.3750578,777.8,0.0,811.7,BID
113,1712175150.524588,5450245.3750578,777.8,0.0,811.7,BID
114,1712175180.7736878,5450245.3750578,777.8,0.0,811.7,BID
115,1712175210.7925642,5450245.3750578,777.8,0.0,811.7,BID
116,1712175240.527069,5450245.3750578,777.8,0.0,811.7,BID
117,1712175270.535777,5450245.3750578,777.8,0.0,811.7,BID
118,1712175300.5711868,5450245.3750578,777.8,0.0,811.7,BID
119,1712175330.525453,5450245.3750578,777.8,0.0,811.7,BID
120,1712175360.7885926,5450245.3750578,777.8,0.0,811.7,BID
121,1712175389.45354,5450257.75921428,777.1,-2.66330123793818e-09,811.7,ASK
122,1712175390.7833812,5450257.75921428,777.1,-0.0,811.7,ASK
123,1712175420.5335033,5450257.75921428,777.1,-0.0,811.7,ASK
124,1712175450.5352392,5450257.75921428,777.1,-0.0,811.7,ASK
125,1712175480.7544725,5450257.75921428,777.1,-0.0,811.7,ASK
126,1712175510.7732189,5450257.75921428,777.1,-0.0,811.7,ASK
127,1712175540.5138252,5450257.75921428,777.1,-0.0,811.7,ASK
128,1712175570.585248,5450257.75921428,777.1,-0.0,811.7,ASK
129,1712175599.973616,5450321.81196773,777.2,-1.3774973270077677e-08,811.7,ASK
130,1712175599.975803,5450421.81196773,777.2,-2.150566919961645e-08,811.7,ASK
131,1712175600.4188564,5450421.81196775,777.2,-4.40631734571943e-18,811.7,ASK
132,1712175600.4208517,5452146.55945454,777.1,-3.709184890376937e-07,811.7,ASK
133,1712175600.5693998,5452146.55945454,777.1,-0.0,811.7,ASK
134,1712175630.4873817,5452146.55945454,777.1,-0.0,811.7,ASK
135,1712175631.991202,5452146.55945455,777.1,-2.203145859936508e-18,811.7,ASK
136,1712175631.993292,5452246.55945454,777.1,-2.150554412676297e-08,811.7,ASK
137,1712175660.78645,5452246.55945454,777.1,-0.0,811.7,ASK
138,1712175682.823225,5452246.55945455,777.1,-2.2031090416699785e-18,811.7,ASK
139,1712175690.7832537,5452246.55945455,777.1,-0.0,811.7,ASK
140,1712175720.524197,5452246.55945455,777.1,-0.0,811.7,ASK
141,1712175750.5069966,5452246.55945455,777.1,-0.0,811.7,ASK
142,1712175752.9908354,5453237.17837155,777.9,2.1303442812273562e-07,811.7,BID
143,1712175753.0231483,5453275.75006007,777.9,8.294912871872866e-09,811.7,BID
144,1712175780.7734313,5453275.75006007,777.9,0.0,811.7,BID
145,1712175810.759056,5453275.75006007,777.9,0.0,811.7,BID
146,1712175816.9342115,5453520.13273335,776.8,-5.254589841220755e-08,811.7,ASK
147,1712175840.5348918,5453520.13273335,776.8,-0.0,811.7,ASK
148,1712175870.5566268,5453520.13273335,776.8,-0.0,811.7,ASK
149,1712175900.7741768,5453520.13273335,776.8,-0.0,811.7,ASK
150,1712175915.4631662,5453584.18602568,780.6,1.3773850260444938e-08,811.7,BID
151,1712175930.7831354,5453584.18602568,780.6,0.0,811.7,BID
152,1712175951.5132508,5453840.39919503,780.6,5.509480867590454e-08,811.7,BID
153,1712175960.5131118,5453840.39919503,780.6,0.0,811.7,BID
154,1712175990.535586,5453840.39919503,780.6,0.0,811.7,BID
155,1712176020.772636,5453840.39919503,780.6,0.0,811.7,BID
156,1712176026.4130907,5455295.84650355,777.5,-3.129587082664932e-07,811.7,ASK
157,1712176050.7765296,5455295.84650355,777.5,-0.0,811.7,ASK
158,1712176080.5338984,5455295.84650355,777.5,-0.0,811.7,ASK
159,1712176110.5643165,5455295.84650355,777.5,-0.0,811.7,ASK
160,1712176140.7858737,5455295.84650355,777.5,-0.0,811.7,ASK
161,1712176170.7762587,5455295.84650355,777.5,-0.0,811.7,ASK
162,1712176200.8744898,5455295.84650355,777.5,-0.0,811.7,ASK
163,1712176230.7751148,5455295.84650355,777.5,-0.0,811.7,ASK
164,1712176240.5056255,5457100.72164355,776.8,-3.880161039171569e-07,811.7,ASK
165,1712176240.5079207,5457108.58750355,777.0,-1.691020216996435e-09,811.7,ASK
166,1712176249.0155764,5458510.13804767,776.8,-3.013084780881391e-07,811.7,ASK
167,1712176249.5156918,5458921.32763051,776.8,-8.839845835803016e-08,811.7,ASK
168,1712176260.5372488,5458921.32763051,776.8,-0.0,811.7,ASK
169,1712176290.546245,5458921.32763051,776.8,-0.0,811.7,ASK
170,1712176320.7867205,5458921.32763051,776.8,-0.0,811.7,ASK
171,1712176324.8367634,5458940.63563051,776.9,-4.148365501836326e-09,811.7,ASK
172,1712176325.6768672,5458959.94263886,776.9,-4.1481524437080035e-09,811.7,ASK
173,1712176326.8176076,5459159.94263886,776.5,-4.297043196389793e-08,811.7,ASK
174,1712176326.8200693,5459259.94263885,776.3,-2.1485215979747905e-08,811.7,ASK
175,1712176326.8223865,5459259.94263886,776.9,-2.201063333092617e-18,811.7,ASK
176,1712176326.8240843,5459259.94263888,776.8,-4.20202999954045e-18,811.7,ASK
177,1712176350.7853556,5459259.94263888,776.8,-0.0,811.7,ASK
178,1712176356.1084795,5459259.94263889,776.3,-2.200938999675073e-18,811.7,ASK
179,1712176356.1108267,5459506.80859639,775.9,-5.3036688055168063e-08,811.7,ASK
180,1712176358.0907404,5463124.48800507,775.9,-7.772223283618595e-07,811.7,ASK
181,1712176358.097482,5463768.90094488,775.9,-1.384456909874658e-07,811.7,ASK
182,1712176363.8574183,5463798.90094486,775.4,-6.445200693844981e-09,811.7,ASK
183,1712176363.8586757,5463806.56182331,775.4,-1.64586330463514e-09,811.7,ASK
184,1712176380.569528,5463806.56182331,775.4,-0.0,811.7,ASK
185,1712176405.4782798,5463806.56182333,775.4,-4.1986105432684695e-18,811.7,ASK
186,1712176408.0884123,5463816.56182333,775.3,-2.1467732109498656e-09,811.7,ASK
187,1712176408.1086247,5463824.56182333,775.0,-1.717418568759892e-09,811.7,ASK
188,1712176408.1114998,5464160.04569428,775.0,-7.202077868623542e-08,811.7,ASK
189,1712176408.1140003,5466087.64735859,775.0,-4.138123614321774e-07,811.7,ASK
190,1712176410.3587282,5466095.10689204,775.0,-1.601392657706026e-09,811.7,ASK
191,1712176410.359958,5470644.92458256,775.0,-9.7674267327133e-07,811.7,ASK
192,1712176410.5481956,5470644.92458256,775.0,-0.0,811.7,ASK
193,1712176411.1938584,5470650.36827491,775.0,-1.1673092048411623e-09,811.7,ASK
194,1712176411.195044,5471006.15458256,775.0,-7.629245099017014e-08,811.7,ASK
195,1712176411.2385893,5471359.22693109,775.0,-7.57104876354361e-08,811.7,ASK
196,1712176411.2410774,5471360.79110975,775.0,-3.3541207525748496e-10,811.7,ASK
197,1712176440.7890017,5471360.79110975,775.0,-0.0,811.7,ASK
198,1712176458.1832256,5471367.38460149,774.4,-1.413696360300489e-09,811.7,ASK
199,1712176470.7690644,5471367.38460149,774.4,-0.0,811.7,ASK
200,1712176500.5257206,5471367.38460149,774.4,-0.0,811.7,ASK
201,1712176530.5408418,5471367.38460149,774.4,-0.0,811.7,ASK
202,1712176560.782367,5471367.38460149,774.4,-0.0,811.7,ASK
203,1712176580.4910738,5471380.30449813,774.0,-2.7703052922650782e-09,811.7,ASK
204,1712176580.4936092,5471703.30191349,774.0,-6.9257632164843e-08,811.7,ASK
205,1712176589.035673,5471716.19682,775.5,2.7649468678197343e-09,811.7,BID
206,1712176590.80307,5471716.19682,775.5,0.0,811.7,BID
207,1712176620.582502,5471716.19682,775.5,0.0,811.7,BID
208,1712176650.531661,5471716.19682,775.5,0.0,811.7,BID
209,1712176680.7836933,5471716.19682,775.5,0.0,811.7,BID
210,1712176701.8769977,5471716.19682066,774.0,-1.4137637371872512e-16,811.7,ASK
211,1712176701.8888466,5472232.99268629,774.0,-1.1080579671714997e-07,811.7,ASK
212,1712176701.971933,5473261.37805129,774.0,2.2049530052259285e-07,811.7,BID
213,1712176701.9920316,5473261.37805224,774.0,2.0367782654392606e-16,811.7,BID
214,1712176702.173369,5473410.77805223,774.6,-3.20327369651928e-08,811.7,ASK
215,1712176707.9021025,5473410.77805224,774.6,-1.9968414367051577e-18,811.7,ASK
216,1712176707.9048858,5474182.38404223,774.6,-1.6543943587532998e-07,811.7,ASK
217,1712176710.795473,5474182.38404223,774.6,-0.0,811.7,ASK
218,1712176711.602211,5474182.38404242,774.6,-4.071889544111877e-17,811.7,ASK
219,1712176712.0419092,5474234.02359811,774.6,1.1067465784861045e-08,811.7,BID
220,1712176740.5334513,5474234.02359811,774.6,0.0,811.7,BID
221,1712176751.8428223,5474678.02359811,775.3,9.515791947762084e-08,811.7,BID
222,1712176751.9025278,5475242.12397911,775.4,1.2089778971281566e-07,811.7,BID
223,1712176751.9373617,5475242.12397912,775.4,1.9960071748412213e-18,811.7,BID
224,1712176752.3622994,5476531.61463032,775.5,2.763631701668569e-07,811.7,BID
225,1712176758.612835,5476770.81127932,775.5,5.126453933527785e-08,811.7,BID
226,1712176758.7140896,5476770.8112799,775.5,1.2435124699260808e-16,811.7,BID
227,1712176770.5448716,5476770.8112799,775.5,0.0,811.7,BID
228,1712176800.5851655,5476770.8112799,775.5,0.0,811.7,BID
229,1712176830.515564,5476770.8112799,775.5,0.0,811.7,BID
230,1712176838.0257988,5477079.34103834,775.6,-6.617142916295225e-08,811.7,ASK
231,1712176838.7134335,5478535.65103834,775.6,-3.123397706975533e-07,811.7,ASK
232,1712176841.8233318,5479349.46006793,775.6,-1.745403970950298e-07,811.7,ASK
233,1712176846.2852008,5479683.43114993,774.6,-7.162791656410774e-08,811.7,ASK
234,1712176846.3031704,5479683.43114998,774.6,-1.0786172097726764e-17,811.7,ASK
235,1712176860.7769828,5479683.43114998,774.6,-0.0,811.7,ASK
236,1712176890.7962132,5479683.43114998,774.6,-0.0,811.7,ASK
237,1712176898.7817736,5483561.40426269,773.6,-8.313193987635769e-07,811.7,ASK
238,1712176899.6080606,5483756.66325069,773.2,-4.185758379183143e-08,811.7,ASK
239,1712176919.9742577,5483756.6632513,773.2,-1.3076892430266158e-16,811.7,ASK
240,1712176919.9771242,5487418.5249304,773.0,-7.849916853335767e-07,811.7,ASK
241,1712176919.979414,5487448.5249304,773.1,-6.431086868851501e-09,811.7,ASK
242,1712176920.515241,5487448.5249304,773.1,-0.0,811.7,ASK
243,1712176950.5652738,5487448.5249304,773.1,-0.0,811.7,ASK
244,1712176957.3040428,5487461.46656363,772.7,-2.770725652558307e-09,811.7,ASK
245,1712176980.56395,5487461.46656363,772.7,-0.0,811.7,ASK
246,1712176982.0943043,5488109.0510725,772.1,-1.3864364238975758e-07,811.7,ASK
247,1712176982.09674,5488121.99940863,772.3,-2.7721547680075276e-09,811.7,ASK
248,1712176982.115572,5488121.99940953,772.1,-1.9281024760910824e-16,811.7,ASK
249,1712177000.784283,5488133.67706805,772.3,2.5001109346819955e-09,811.7,BID
250,1712177010.5455134,5488133.67706805,772.3,0.0,811.7,BID
251,1712177028.8952055,5488146.63043592,772.0,-2.7729239077419523e-09,811.7,ASK
252,1712177028.8980825,5488234.51592813,772.0,-1.8813623216067826e-08,811.7,ASK
253,1712177029.1747437,5488240.99558607,771.8,-1.387098598394813e-09,811.7,ASK
254,1712177029.177596,5488240.99558608,772.0,-1.993679681476565e-18,811.7,ASK
255,1712177040.7759306,5488240.99558608,772.0,-0.0,811.7,ASK
256,1712177069.9248033,5488470.08389208,771.9,4.9040001098812526e-08,811.7,BID
257,1712177070.7951488,5488470.08389208,771.9,0.0,811.7,BID
258,1712177074.524572,5488470.08389233,771.9,5.342764541941231e-17,811.7,BID
259,1712177075.3450303,5491980.90135537,771.9,-7.515179546255698e-07,811.7,ASK
260,1712177075.3480334,5491988.56223382,771.5,-1.63987098837991e-09,811.7,ASK
261,1712177075.4893248,5498036.75397582,771.5,1.294662777253876e-06,811.7,BID
262,1712177075.5044286,5506114.12021109,771.5,1.7290234584383756e-06,811.7,BID
263,1712177075.6329656,5506138.332874,772.3,5.182909991135606e-09,811.7,BID
264,1712177078.204735,5506648.94656607,772.3,-1.093008569964821e-07,811.7,ASK
265,1712177080.714832,5507295.54950107,772.3,1.3841041873615857e-07,811.7,BID
266,1712177100.5764887,5507295.54950107,772.3,0.0,811.7,BID
267,1712177109.196157,5516117.56766007,772.3,1.8827468657991056e-06,811.7,BID
268,1712177109.2653215,5516117.56766045,772.3,8.109317026280266e-17,811.7,BID
269,1712177126.5549333,5516124.03011359,773.7,1.3791814044492476e-09,811.7,BID
270,1712177130.551841,5516124.03011359,773.7,0.0,811.7,BID
271,1712177160.5667467,5516124.03011359,773.7,0.0,811.7,BID
272,1712177190.5237775,5516124.03011359,773.7,0.0,811.7,BID
273,1712177220.7781272,5516124.03011359,773.7,0.0,811.7,BID
274,1712177250.777296,5516124.03011359,773.7,0.0,811.7,BID
275,1712177280.582451,5516124.03011359,773.7,0.0,811.7,BID
276,1712177281.62367,5516261.21991346,774.5,-2.9235755452473826e-08,811.7,ASK
277,1712177281.6267664,5520535.03919328,774.5,-9.107698635827558e-07,811.7,ASK
278,1712177308.345826,5520542.55422334,775.0,-1.6014862712730191e-09,811.7,ASK
279,1712177310.5461855,5520542.55422334,775.0,-0.0,811.7,ASK
280,1712177340.8186655,5520542.55422334,775.0,-0.0,811.7,ASK
281,1712177370.8060384,5520542.55422334,775.0,-0.0,811.7,ASK
282,1712177400.5680535,5520542.55422334,775.0,-0.0,811.7,ASK
283,1712177400.8761594,5520671.23779044,777.1,2.7695866633000985e-08,811.7,BID
284,1712177419.0798004,5520800.10376982,776.0,-2.773512623923176e-08,811.7,ASK
285,1712177430.547177,5520800.10376982,776.0,-0.0,811.7,ASK
286,1712177432.076721,5520867.50673564,775.5,-1.4506150567528957e-08,811.7,ASK
287,1712177460.8089688,5520867.50673564,775.5,-0.0,811.7,ASK
288,1712177490.8063736,5520867.50673564,775.5,-0.0,811.7,ASK
289,1712177511.360134,5521750.56821014,774.0,-1.900462160828658e-07,811.7,ASK
290,1712177511.4570644,5523406.56821014,773.4,-3.563925535437295e-07,811.7,ASK
291,1712177511.4604688,5524950.56821014,773.0,-3.322887093427043e-07,811.7,ASK
292,1712177511.476487,5525179.56821014,773.0,-4.9283752875310414e-08,811.7,ASK
293,1712177520.5523696,5525179.56821014,773.0,-0.0,811.7,ASK
294,1712177531.746686,5525335.94557909,772.0,-3.3630290265387285e-08,811.7,ASK
295,1712177536.3082952,5525626.53062364,774.3,6.249279841826959e-08,811.7,BID
296,1712177550.572464,5525626.53062364,774.3,0.0,811.7,BID
297,1712177580.026894,5526027.43390602,772.0,-8.621126884389516e-08,811.7,ASK
298,1712177580.7893977,5526027.43390602,772.0,-0.0,811.7,ASK
299,1712177604.356943,5527291.65640918,772.3,-2.718435530857376e-07,811.7,ASK
300,1712177606.567176,5528467.98860539,772.3,-2.529446541472543e-07,811.7,ASK
301,1712177610.8068871,5528467.98860539,772.3,-0.0,811.7,ASK
302,1712177626.322368,5529913.55217707,773.0,-3.10711076477547e-07,811.7,ASK
303,1712177627.5572283,5530113.55217707,774.9,4.298822723051516e-08,811.7,BID
304,1712177640.5502803,5530113.55217707,774.9,0.0,811.7,BID
305,1712177670.550007,5530113.55217707,774.9,0.0,811.7,BID
306,1712177679.1785736,5530126.45706802,774.9,-2.7730335223083354e-09,811.7,ASK
307,1712177679.1807451,5530526.45706707,774.9,-8.595294687887538e-08,811.7,ASK
308,1712177700.7788055,5530526.45706707,774.9,-0.0,811.7,ASK
309,1712177730.8289013,5530526.45706707,774.9,-0.0,811.7,ASK
310,1712177760.5540042,5530526.45706707,774.9,-0.0,811.7,ASK
311,1712177770.6682234,5530526.45706802,774.9,-2.0434935184356902e-16,811.7,ASK
312,1712177770.672309,5531445.96118207,774.9,-1.9780016038710865e-07,811.7,ASK
313,1712177770.6934147,5531445.96118226,774.9,-4.086987036871381e-17,811.7,ASK
314,1712177790.532767,5531445.96118226,774.9,-0.0,811.7,ASK
315,1712177820.5895298,5531445.96118226,774.9,-0.0,811.7,ASK
316,1712177850.5595012,5531445.96118226,774.9,-0.0,811.7,ASK
317,1712177880.8011036,5531445.96118226,774.9,-0.0,811.7,ASK
318,1712177910.797676,5531445.96118226,774.9,-0.0,811.7,ASK
319,1712177940.5257988,5531445.96118226,774.9,-0.0,811.7,ASK
320,1712177947.2981818,5532736.2837629,775.0,2.775266533802756e-07,811.7,BID
321,1712177951.0979297,5534056.34708701,773.0,-2.839233863584908e-07,811.7,ASK
322,1712177970.524162,5534056.34708701,773.0,-0.0,811.7,ASK
323,1712178000.699743,5534056.34708701,773.0,-0.0,811.7,ASK
324,1712178029.54761,5534172.62615701,774.0,-2.50074098132988e-08,811.7,ASK
325,1712178030.562575,5534172.62615701,774.0,-0.0,811.7,ASK
326,1712178031.8338175,5534301.99226309,773.0,-2.7821418024255294e-08,811.7,ASK
327,1712178031.8355465,5534948.49937801,773.0,-1.3903753653010209e-07,811.7,ASK
328,1712178060.7818987,5534948.49937801,773.0,-0.0,811.7,ASK
329,1712178090.7983797,5534948.49937801,773.0,-0.0,811.7,ASK
330,1712178120.5705104,5534948.49937801,773.0,-0.0,811.7,ASK
331,1712178150.568582,5534948.49937801,773.0,-0.0,811.7,ASK
332,1712178165.0288308,5534958.49937801,774.0,2.150318260990729e-09,811.7,BID
333,1712178179.938594,5535863.35977097,773.6,1.945737826630684e-07,811.7,BID
334,1712178180.8004994,5535863.35977097,773.6,0.0,811.7,BID
335,1712178190.3704228,5535863.35977118,773.0,-4.5052542234710267e-17,811.7,ASK
336,1712178190.3736832,5535996.28201097,772.1,-2.8578162737042213e-08,811.7,ASK
337,1712178190.4486651,5535996.28201157,772.1,-1.2915062107283611e-16,811.7,ASK
338,1712178190.451835,5538029.67493536,772.0,-4.371776609869263e-07,811.7,ASK
339,1712178190.588816,5538479.25469836,772.7,-9.665924717049341e-08,811.7,ASK
340,1712178190.590958,5538928.83446136,772.7,-9.665924717049341e-08,811.7,ASK
341,1712178190.6445873,5538966.60412541,772.7,-8.120444008873205e-09,811.7,ASK
342,1712178190.7659492,5539198.30749241,772.6,-4.981601678776321e-08,811.7,ASK
343,1712178190.7891445,5539198.30749328,772.6,-1.8701810865430839e-16,811.7,ASK
344,1712178210.7880812,5539198.30749328,772.6,-0.0,811.7,ASK
345,1712178216.5879023,5540224.30749328,772.0,-2.2046700894723762e-07,811.7,ASK
346,1712178240.5595644,5540224.30749328,772.0,-0.0,811.7,ASK
347,1712178244.5772574,5541597.27377084,771.0,-2.9497296172126136e-07,811.7,ASK
348,1712178244.5816717,5542973.06577028,771.0,-2.955800498671369e-07,811.7,ASK
349,1712178244.6214626,5542973.06577107,771.0,-1.6987526952641155e-16,811.7,ASK
350,1712178245.3673563,5542986.03577107,771.0,2.7865209626607432e-09,811.7,BID
351,1712178270.5362685,5542986.03577107,771.0,0.0,811.7,BID
352,1712178287.3060143,5543206.53868707,771.0,-4.735196942730008e-08,811.7,ASK
353,1712178287.309098,5543889.60970103,771.0,-1.4668630400213448e-07,811.7,ASK
354,1712178300.7797768,5543889.60970103,771.0,-0.0,811.7,ASK
355,1712178303.7808492,5543896.2365667,770.5,-1.423185805677116e-09,811.7,ASK
356,1712178303.7906506,5544058.79601303,770.5,-3.491126999000728e-08,811.7,ASK
357,1712178303.817221,5544058.7960133,770.5,-5.80031479524321e-17,811.7,ASK
358,1712178308.9184277,5544073.7960133,770.0,-3.2214003041475673e-09,811.7,ASK
359,1712178308.9319246,5544136.78302628,770.0,-1.3527092184649873e-08,811.7,ASK
360,1712178308.9349906,5544266.6194324,770.2,-2.7883669210980962e-08,811.7,ASK
361,1712178308.938174,5545396.48956227,770.0,-2.426509320007518e-07,811.7,ASK
362,1712178308.9408543,5546045.67159291,770.2,-1.3941834606330525e-07,811.7,ASK
363,1712178308.942647,5547971.54967549,770.0,-4.13601616064942e-07,811.7,ASK
364,1712178308.944661,5548271.54967549,770.0,6.442800608295136e-08,811.7,BID
365,1712178309.0254052,5552058.3835865,770.0,8.132605275122762e-07,811.7,BID
366,1712178309.0452278,5552398.0589623,770.5,7.29486905943618e-08,811.7,BID
367,1712178309.1252425,5552657.51617523,770.4,-5.572103630964922e-08,811.7,ASK
368,1712178309.2253125,5552657.51617525,770.4,-4.200227955176117e-18,811.7,ASK
369,1712178309.5123072,5553272.42417525,770.4,1.3205765454834644e-07,811.7,BID
370,1712178318.113247,5553470.88517525,770.5,4.262148838392255e-08,811.7,BID
371,1712178320.495871,5553494.94717525,770.5,5.167555608075661e-09,811.7,BID
372,1712178322.0495985,5553795.00717525,770.5,6.444089168407993e-08,811.7,BID
373,1712178322.085388,5553823.60617525,770.5,6.141921819972557e-09,811.7,BID
374,1712178324.9351697,5553958.26417525,770.5,2.8919154810355145e-08,811.7,BID
375,1712178330.806005,5553958.26417525,770.5,0.0,811.7,BID
376,1712178360.5448666,5553958.26417525,770.5,0.0,811.7,BID
377,1712178370.8031626,5553971.25793824,769.6,-2.785901602528262e-09,811.7,ASK
378,1712178371.4603586,5553981.20336793,769.3,-2.132329836556163e-09,811.7,ASK
379,1712178371.463333,5554675.92207324,769.3,-1.489497658215387e-07,811.7,ASK
380,1712178371.680096,5554775.92207293,769.3,-2.1440298673551763e-08,811.7,ASK
381,1712178371.6886694,5554865.97664324,769.3,-1.9307968903488487e-08,811.7,ASK
382,1712178390.5925653,5554865.97664324,769.3,-0.0,811.7,ASK
383,1712178420.5636854,5554865.97664324,769.3,-0.0,811.7,ASK
384,1712178422.6729023,5557877.06919491,769.3,-6.454905961279045e-07,811.7,ASK
385,1712178422.6769493,5557877.06919522,769.3,-6.648293419597894e-17,811.7,ASK
386,1712178422.816742,5558325.26919522,769.3,9.608103378429472e-08,811.7,BID
387,1712178423.097385,5558589.42929522,769.3,5.6628236261825353e-08,811.7,BID
388,1712178423.1135104,5568936.48907022,769.3,2.218108433309753e-06,811.7,BID
389,1712178423.180648,5569455.81488738,769.3,1.1132833865152905e-07,811.7,BID
390,1712178423.1976666,5570294.85173785,769.3,1.798650780371579e-07,811.7,BID
391,1712178423.199407,5571100.77920467,769.3,1.7276738993126009e-07,811.7,BID
392,1712178427.1731143,5571587.78037457,769.2,-1.0439887518537128e-07,811.7,ASK
393,1712178427.1761904,5571600.77920467,769.3,-2.786570803310997e-09,811.7,ASK
394,1712178450.5140054,5571600.77920467,769.3,-0.0,811.7,ASK
395,1712178455.710876,5571613.78310584,769.0,-2.7799856375530646e-09,811.7,ASK
396,1712178455.712693,5572169.53539399,769.0,-1.188092218588168e-07,811.7,ASK
397,1712178455.7143817,5572306.06120336,769.1,-2.9186609791382962e-08,811.7,ASK
398,1712178459.0224977,5572362.06120336,769.1,-1.1971730150217456e-08,811.7,ASK
399,1712178459.1419537,5572533.23112817,769.1,3.659285981544039e-08,811.7,BID
400,1712178459.3222785,5572932.6276194,769.1,8.538333957042277e-08,811.7,BID
401,1712178464.1820686,5573448.6276194,769.7,-1.1031094209843228e-07,811.7,ASK
402,1712178480.7869449,5573448.6276194,769.7,-0.0,811.7,ASK
403,1712178497.8816235,5573578.54836774,769.7,-2.7766136488822372e-08,811.7,ASK
404,1712178497.8856387,5573661.79918061,769.1,-1.7792026774027277e-08,811.7,ASK
405,1712178498.02453,5574684.79918061,769.1,2.1863141946918325e-07,811.7,BID
406,1712178498.0614755,5574910.93163314,769.1,4.8328112497214e-08,811.7,BID
407,1712178498.202869,5575078.93063314,769.1,3.5904066314142216e-08,811.7,BID
408,1712178498.884803,5575789.03063313,769.1,1.517596979109965e-07,811.7,BID
409,1712178499.5125816,5575878.5230349,769.1,1.9125953891251856e-08,811.7,BID
410,1712178499.516085,5580878.6059909,769.1,1.0685974918218931e-06,811.7,BID
411,1712178510.791281,5580878.6059909,769.1,0.0,811.7,BID
412,1712178540.53414,5580878.6059909,769.1,0.0,811.7,BID
413,1712178542.7979016,5581429.0369909,769.1,-1.1749239503856806e-07,811.7,ASK
414,1712178550.504367,5581528.71650968,769.1,-2.12771181089652e-08,811.7,ASK
415,1712178550.5805707,5581731.61353367,769.1,4.3309438049033296e-08,811.7,BID
416,1712178570.5478606,5581731.61353367,769.1,0.0,811.7,BID
417,1712178579.4801502,5586264.50542067,770.6,9.67434163025455e-07,811.7,BID
418,1712178579.5198956,5586264.50542114,770.6,1.0037777548197123e-16,811.7,BID
419,1712178600.5543709,5586264.50542114,770.6,0.0,811.7,BID
420,1712178614.506916,5586380.78449114,772.5,2.4887617293609275e-08,811.7,BID
421,1712178630.539329,5586380.78449114,772.5,0.0,811.7,BID
422,1712178631.9936135,5587376.36397414,772.8,-2.1308327286285e-07,811.7,ASK
423,1712178632.009156,5587376.36397416,772.8,-4.185938520484868e-18,811.7,ASK
424,1712178660.5493286,5587376.36397416,772.8,-0.0,811.7,ASK
425,1712178690.559055,5587376.36397416,772.8,-0.0,811.7,ASK
426,1712178720.7983704,5587376.36397416,772.8,-0.0,811.7,ASK
427,1712178750.8080893,5587376.36397416,772.8,-0.0,811.7,ASK
428,1712178780.5477085,5587376.36397416,772.8,-0.0,811.7,ASK
429,1712178810.5544128,5587376.36397416,772.8,-0.0,811.7,ASK
430,1712178840.7766254,5587376.36397416,772.8,-0.0,811.7,ASK
431,1712178850.8066623,5587476.36397416,772.8,-2.1399415485643275e-08,811.7,ASK
432,1712178850.810616,5587809.77697416,771.5,-7.134843315328495e-08,811.7,ASK
433,1712178870.7914083,5587809.77697416,771.5,-0.0,811.7,ASK
434,1712178900.5561953,5587809.77697416,771.5,-0.0,811.7,ASK
435,1712178930.5530288,5587809.77697416,771.5,-0.0,811.7,ASK
436,1712178960.7753503,5587809.77697416,771.5,-0.0,811.7,ASK
437,1712178962.5371113,5587939.39460158,771.5,-2.77404847923431e-08,811.7,ASK
438,1712178962.540103,5587965.31812716,771.5,-5.548096979078272e-09,811.7,ASK
439,1712178963.3958657,5587965.31812773,771.5,-1.2198362384902006e-16,811.7,ASK
440,1712178963.7613556,5588267.69147762,771.0,6.471329155784702e-08,811.7,BID
441,1712178976.0954604,5588280.66164623,771.0,-2.775847484988635e-09,811.7,ASK
442,1712178990.7643833,5588280.66164623,771.0,-0.0,811.7,ASK
443,1712179005.7532556,5588410.51491203,770.1,-2.778875597134588e-08,811.7,ASK
444,1712179005.7575052,5590574.81246815,769.0,-4.631622952727595e-07,811.7,ASK
445,1712179020.547728,5590574.81246815,769.0,-0.0,811.7,ASK
446,1712179050.564102,5590574.81246815,769.0,-0.0,811.7,ASK
447,1712179072.05523,5591206.12559946,769.8,-1.3505078244856926e-07,811.7,ASK
448,1712179080.794572,5591206.12559946,769.8,-0.0,811.7,ASK
449,1712179106.7144115,5591331.12559946,769.8,2.6737275261868013e-08,811.7,BID
450,1712179110.7743895,5591331.12559946,769.8,0.0,811.7,BID
451,1712179140.536299,5591331.12559946,769.8,0.0,811.7,BID
452,1712179161.5845697,5592002.55928636,772.9,1.4361550250869564e-07,811.7,BID
453,1712179161.6874757,5594578.02243334,772.9,-5.508755983839422e-07,811.7,ASK
454,1712179170.5501688,5594578.02243334,772.9,-0.0,811.7,ASK
455,1712179177.8539157,5595107.02243334,772.9,-1.1308911692760936e-07,811.7,ASK
456,1712179181.1341271,5595175.02243334,772.9,-1.4536975332849596e-08,811.7,ASK
457,1712179182.413603,5595397.02243334,772.9,-4.745894888077368e-08,811.7,ASK
458,1712179183.0939748,5596340.18142864,772.9,-2.0162763308292694e-07,811.7,ASK
459,1712179200.5602002,5596340.18142864,772.9,-0.0,811.7,ASK
460,1712179230.5171175,5596340.18142864,772.9,-0.0,811.7,ASK
461,1712179258.2540078,5596404.87285055,771.3,1.3865456578369636e-08,811.7,BID
462,1712179260.7950618,5596404.87285055,771.3,0.0,811.7,BID
463,1712179290.7959225,5596404.87285055,771.3,0.0,811.7,BID
464,1712179320.544769,5596404.87285055,771.3,0.0,811.7,BID
465,1712179350.532869,5596404.87285055,771.3,0.0,811.7,BID
466,1712179380.5727117,5596404.87285055,771.3,0.0,811.7,BID
467,1712179410.569197,5596404.87285055,771.3,0.0,811.7,BID
468,1712179440.7787092,5596404.87285055,771.3,0.0,811.7,BID
469,1712179466.554107,5596792.37608135,773.8,8.305354253187163e-08,811.7,BID
470,1712179466.5773106,5596922.02731949,773.2,-2.778814153089417e-08,811.7,ASK
471,1712179466.5920632,5596922.02731951,773.2,-4.1918164577440416e-18,811.7,ASK
472,1712179470.802225,5596922.02731951,773.2,-0.0,811.7,ASK
473,1712179475.082029,5596929.13601797,773.7,1.523476241653016e-09,811.7,BID
474,1712179500.5240345,5596929.13601797,773.7,0.0,811.7,BID
475,1712179513.111888,5596952.68688197,773.8,5.052786600451803e-09,811.7,BID
476,1712179513.1317914,5599035.01088792,773.8,4.467580822139292e-07,811.7,BID
477,1712179530.5517604,5599035.01088792,773.8,0.0,811.7,BID
478,1712179560.7856314,5599035.01088792,773.8,0.0,811.7,BID
479,1712179580.0017197,5599358.09178737,773.8,-6.92920783330141e-08,811.7,ASK
480,1712179580.005252,5599410.85654063,773.0,-1.1316606528949068e-08,811.7,ASK
481,1712179590.7639644,5599410.85654063,773.0,-0.0,811.7,ASK
482,1712179620.5289402,5599410.85654063,773.0,-0.0,811.7,ASK
483,1712179634.6811929,5600191.67811995,773.4,-1.674545788591209e-07,811.7,ASK
484,1712179650.5474317,5600191.67811995,773.4,-0.0,811.7,ASK
485,1712179680.7546835,5600191.67811995,773.4,-0.0,811.7,ASK
486,1712179710.7609684,5600191.67811995,773.4,-0.0,811.7,ASK
487,1712179740.523479,5600191.67811995,773.4,-0.0,811.7,ASK
488,1712179770.5613272,5600191.67811995,773.4,-0.0,811.7,ASK
489,1712179800.6439807,5600191.67811995,773.4,-0.0,811.7,ASK
490,1712179830.5562751,5600191.67811995,773.4,-0.0,811.7,ASK
491,1712179860.7932956,5600191.67811995,773.4,-0.0,811.7,ASK
492,1712179870.4900775,5600320.97731829,775.2,-2.7738804424802423e-08,811.7,ASK
493,1712179870.9503274,5600471.17731829,775.2,3.2222693397252624e-08,811.7,BID
494,1712179870.9901288,5600471.18517115,775.2,1.6846890377403277e-12,811.7,BID
495,1712179875.223797,5600728.58542855,777.0,5.522056973749305e-08,811.7,BID
496,1712179886.9603872,5600740.58542855,776.6,-2.574382961162129e-09,811.7,ASK
497,1712179887.1002238,5604606.55854055,776.4,8.293746089870105e-07,811.7,BID
498,1712179887.109965,5604606.55854126,776.4,1.522463914321691e-16,811.7,BID
499,1712179890.7501364,5604606.55854126,776.4,0.0,811.7,BID
500,1712179906.15018,5604859.61756527,777.1,-5.4249346243513855e-08,811.7,ASK
501,1712179906.1547625,5604863.92567548,776.0,-9.235480274141475e-10,811.7,ASK
502,1712179920.536739,5604863.92567548,776.0,-0.0,811.7,ASK
503,1712179940.069895,5605852.59031772,778.3,-2.1193518504577385e-07,811.7,ASK
504,1712179950.562144,5605852.59031772,778.3,-0.0,811.7,ASK
505,1712179973.0111537,5605899.67370458,777.8,1.0091369900517808e-08,811.7,BID
506,1712179980.5462008,5605899.67370458,777.8,0.0,811.7,BID
507,1712180010.551743,5605899.67370458,777.8,0.0,811.7,BID
508,1712180040.8097088,5605899.67370458,777.8,0.0,811.7,BID
509,1712180070.7712996,5605899.67370458,777.8,0.0,811.7,BID
510,1712180100.509426,5605899.67370458,777.8,0.0,811.7,BID
511,1712180102.1969464,5605911.3513631,777.0,-2.503831541057869e-09,811.7,ASK
512,1712180130.5334702,5605911.3513631,777.0,-0.0,811.7,ASK
513,1712180141.3393846,5606027.0177331,778.1,-2.480022356618187e-08,811.7,ASK
514,1712180141.3440752,5606110.73114919,777.8,-1.7949136248772787e-08,811.7,ASK
515,1712180150.2514691,5606226.38264919,778.2,-2.479703526411783e-08,811.7,ASK
516,1712180160.6007595,5606226.38264919,778.2,-0.0,811.7,ASK
517,1712180171.226442,5606454.38264919,778.5,4.888329960867972e-08,811.7,BID
518,1712180190.5587816,5606454.38264919,778.5,0.0,811.7,BID
519,1712180200.928993,5606698.23305845,778.5,5.2279644742960624e-08,811.7,BID
520,1712180200.9334345,5606727.02863545,778.5,6.173549350568645e-09,811.7,BID
521,1712180217.9493926,5607528.44982345,778.5,1.718185141673315e-07,811.7,BID
522,1712180217.96567,5608524.73275336,778.5,2.1359536691858161e-07,811.7,BID
523,1712180220.7725906,5608524.73275336,778.5,0.0,811.7,BID
524,1712180250.7962596,5608524.73275336,778.5,0.0,811.7,BID
525,1712180280.5419211,5608524.73275336,778.5,0.0,811.7,BID
526,1712180310.23031,5608536.73275336,779.7,2.5718186432509204e-09,811.7,BID
527,1712180310.5178742,5608536.73275336,779.7,0.0,811.7,BID
528,1712180340.7715893,5608536.73275336,779.7,0.0,811.7,BID
529,1712180370.7960234,5608536.73275336,779.7,0.0,811.7,BID
530,1712180397.2832572,5608727.36026949,779.0,4.08548680675412e-08,811.7,BID
531,1712180400.580453,5608727.36026949,779.0,0.0,811.7,BID
532,1712180403.2635856,5608971.36026949,779.5,5.238177771243715e-08,811.7,BID
533,1712180430.564343,5608971.36026949,779.5,0.0,811.7,BID
534,1712180453.2220502,5609016.24175571,780.5,9.634737887600572e-09,811.7,BID
535,1712180460.7767828,5609016.24175571,780.5,0.0,811.7,BID
536,1712180490.79692,5609016.24175571,780.5,0.0,811.7,BID
537,1712180492.4356618,5609059.99808267,780.0,9.393128580720577e-09,811.7,BID
538,1712180520.55388,5609059.99808267,780.0,0.0,811.7,BID
539,1712180545.6965034,5609072.04199292,780.0,-2.585435675147104e-09,811.7,ASK
540,1712180550.5389245,5609072.04199292,780.0,-0.0,811.7,ASK
541,1712180580.786798,5609072.04199292,780.0,-0.0,811.7,ASK
542,1712180610.7808156,5609072.04199292,780.0,-0.0,811.7,ASK
543,1712180640.5596817,5609072.04199292,780.0,-0.0,811.7,ASK
544,1712180670.5175347,5609072.04199292,780.0,-0.0,811.7,ASK
545,1712180671.0502486,5609328.51801241,779.8,5.505694575967489e-08,811.7,BID
546,1712180700.5451066,5609328.51801241,779.8,0.0,811.7,BID
547,1712180710.5751123,5609373.55520143,779.8,9.667584612518493e-09,811.7,BID
548,1712180730.4994235,5610903.51801241,779.8,3.284184748439824e-07,811.7,BID
549,1712180730.5377097,5610903.51801241,779.8,0.0,811.7,BID
550,1712180730.579405,5611275.51012064,779.8,-7.98299670128668e-08,811.7,ASK
551,1712180730.5838652,5611769.82185932,779.8,-1.060799111591802e-07,811.7,ASK
552,1712180730.5997634,5613904.26769044,779.8,-4.58054718149871e-07,811.7,ASK
553,1712180744.08952,5614908.25969044,779.8,-2.1545792630570617e-07,811.7,ASK
554,1712180744.1692436,5615782.25134044,779.8,-1.875596902338313e-07,811.7,ASK
555,1712180744.173804,5615782.25134066,779.8,-4.736752570103249e-17,811.7,ASK
556,1712180760.763043,5615782.25134066,779.8,-0.0,811.7,ASK
557,1712180790.7895002,5615782.25134066,779.8,-0.0,811.7,ASK
558,1712180797.5499928,5615790.40137066,780.4,1.747579740804998e-09,811.7,BID
559,1712180797.5599356,5615797.12751066,779.9,1.4422604576294595e-09,811.7,BID
560,1712180820.5667267,5615797.12751066,779.9,0.0,811.7,BID
561,1712180850.5752351,5615797.12751066,779.9,0.0,811.7,BID
562,1712180864.5606377,5615804.8158756,780.4,1.6485825661004803e-09,811.7,BID
563,1712180880.7872496,5615804.8158756,780.4,0.0,811.7,BID
564,1712180887.700609,5615932.95529128,780.4,2.7476340755477705e-08,811.7,BID
565,1712180897.21101,5616061.09470695,780.4,-2.7476340753480712e-08,811.7,ASK
566,1712180897.2205582,5616061.09470696,780.4,-2.196690995153913e-18,811.7,ASK
567,1712180910.8008232,5616061.09470696,780.4,-0.0,811.7,ASK
568,1712180924.9314096,5618519.18502534,778.9,-5.270543066914185e-07,811.7,ASK
569,1712180924.9362557,5618660.18502534,779.2,-3.0232679689519816e-08,811.7,ASK
570,1712180940.5432673,5618660.18502534,779.2,-0.0,811.7,ASK
571,1712180965.4115062,5618666.68502534,780.5,1.393100375193638e-09,811.7,BID
572,1712180970.5035086,5618666.68502534,780.5,0.0,811.7,BID
573,1712181000.6736286,5618666.68502534,780.5,0.0,811.7,BID
574,1712181006.8967695,5619768.92570512,780.5,2.362364333791605e-07,811.7,BID
575,1712181030.5142884,5619768.92570512,780.5,0.0,811.7,BID
576,1712181051.5720758,5619807.36260455,780.5,8.236424473468304e-09,811.7,BID
577,1712181051.5762355,5620232.44962972,780.5,9.108947988459009e-08,811.7,BID
578,1712181051.8319182,5620421.97231726,780.5,4.061173833143044e-08,811.7,BID
579,1712181060.795181,5620421.97231726,780.5,0.0,811.7,BID
580,1712181090.7658954,5620421.97231726,780.5,0.0,811.7,BID
581,1712181097.1824822,5621584.00205926,781.5,2.489775478216447e-07,811.7,BID
582,1712181097.185892,5622558.00211626,781.5,2.0869013675366494e-07,811.7,BID
583,1712181097.3155625,5623312.96052955,781.5,1.6175807524909986e-07,811.7,BID
584,1712181102.6424546,5623376.90806634,781.5,1.3701457306721226e-08,811.7,BID
585,1712181113.4025795,5625421.97231726,781.5,4.381773236329857e-07,811.7,BID
586,1712181118.8425772,5625435.18758353,781.5,-2.8315149526122035e-09,811.7,ASK
587,1712181120.5659063,5625435.18758353,781.5,-0.0,811.7,ASK
588,1712181146.852692,5630028.68526967,781.5,-9.833814986928829e-07,811.7,ASK
589,1712181150.599017,5630028.68526967,781.5,-0.0,811.7,ASK
590,1712181168.2128878,5630407.6217562,781.5,-8.106088160029548e-08,811.7,ASK
591,1712181180.7829316,5630407.6217562,781.5,-0.0,811.7,ASK
592,1712181191.8329165,5630935.9217562,781.5,1.130050880638274e-07,811.7,BID
593,1712181192.3728747,5632167.7847562,781.5,2.63499501793892e-07,811.7,BID
594,1712181195.8231316,5632367.7837562,781.5,4.2780436508928374e-08,811.7,BID
595,1712181199.6614652,5632569.1987562,781.5,4.3083323513889896e-08,811.7,BID
596,1712181201.543363,5632806.9077562,781.5,5.084672814414365e-08,811.7,BID
597,1712181203.813207,5632839.5597562,781.5,6.9843689862488974e-09,811.7,BID
598,1712181210.7960124,5632839.5597562,781.5,0.0,811.7,BID
599,1712181212.7028656,5632899.4047562,781.5,1.2795838152371398e-08,811.7,BID
600,1712181233.7403834,5632899.40481787,781.5,1.3186120997293927e-14,811.7,BID
601,1712181240.5432997,5632899.40481787,781.5,0.0,811.7,BID
602,1712181270.5567288,5632899.40481787,781.5,0.0,811.7,BID
603,1712181300.6165433,5632899.40481787,781.5,0.0,811.7,BID
604,1712181316.3506386,5632906.03168354,782.1,1.4170271934706802e-09,811.7,BID
605,1712181318.3038416,5633241.58763487,782.7,7.17521572999182e-08,811.7,BID
606,1712181318.3129454,5633248.86600487,782.7,1.556338807544739e-09,811.7,BID
607,1712181318.6683085,5633813.40760532,782.7,1.207163143949427e-07,811.7,BID
608,1712181318.7445004,5634048.83711227,782.7,5.0342051597581554e-08,811.7,BID
609,1712181325.155298,5634417.1940361,782.7,7.876601155901995e-08,811.7,BID
610,1712181325.1634245,5634797.97998376,782.7,8.142371817818722e-08,811.7,BID
611,1712181330.5488448,5634797.97998376,782.7,0.0,811.7,BID
612,1712181332.7995672,5635310.35539759,782.7,1.095267805800009e-07,811.7,BID
613,1712181337.2838194,5635499.78789596,782.7,4.049361293219849e-08,811.7,BID
614,1712181340.9839303,5635689.23837444,782.7,4.049745641024348e-08,811.7,BID
615,1712181343.633679,5636122.90552938,782.7,9.270188623760284e-08,811.7,BID
616,1712181344.845194,5636444.35917323,782.7,6.871481684377004e-08,811.7,BID
617,1712181345.097526,5636863.34663886,782.7,8.956391539319583e-08,811.7,BID
618,1712181345.1736188,5637254.22969538,782.7,8.355623944522242e-08,811.7,BID
619,1712181345.8433309,5637509.75543959,782.7,5.462188731775119e-08,811.7,BID
620,1712181346.0464308,5637909.11547806,782.7,8.536830246982883e-08,811.7,BID
621,1712181346.5634549,5638362.40475002,782.7,9.689636405089001e-08,811.7,BID
622,1712181346.5836291,5638560.68500571,782.7,4.238493392174687e-08,811.7,BID
623,1712181346.8694043,5639028.00610571,782.7,9.989584628464973e-08,811.7,BID
624,1712181349.9937863,5639070.41710571,782.7,9.065892245856938e-09,811.7,BID
625,1712181352.783925,5639639.08010571,782.7,1.2155897012956714e-07,811.7,BID
626,1712181355.093644,5639876.73610571,782.7,5.080200154604535e-08,811.7,BID
627,1712181360.7940016,5639876.73610571,782.7,0.0,811.7,BID
628,1712181363.1737063,5639944.02310571,782.7,1.437124278212288e-08,811.7,BID
629,1712181376.643927,5639944.0237434,782.7,1.3619875343708794e-13,811.7,BID
630,1712181390.8178413,5639944.0237434,782.7,0.0,811.7,BID
631,1712181420.5662878,5639944.0237434,782.7,0.0,811.7,BID
632,1712181450.5243225,5639944.0237434,782.7,0.0,811.7,BID
633,1712181473.7744875,5642186.77981923,785.9,4.790052984863934e-07,811.7,BID
634,1712181480.8066354,5642186.77981923,785.9,0.0,811.7,BID
635,1712181510.7868052,5642186.77981923,785.9,0.0,811.7,BID
636,1712181540.5677874,5642186.77981923,785.9,0.0,811.7,BID
637,1712181570.599244,5642186.77981923,785.9,0.0,811.7,BID
638,1712181570.9545293,5642212.22834957,785.9,5.433222903052512e-09,811.7,BID
639,1712181573.6245708,5642212.22835005,784.0,-1.0240052307654008e-16,811.7,ASK
640,1712181573.6289504,5642978.12061405,784.0,-1.635168449552027e-07,811.7,ASK
641,1712181600.730835,5642978.12061405,784.0,-0.0,811.7,ASK
642,1712181630.5283787,5642978.12061405,784.0,-0.0,811.7,ASK
643,1712181652.802984,5643102.99468248,784.2,-2.6660916604717778e-08,811.7,ASK
644,1712181660.804953,5643102.99468248,784.2,-0.0,811.7,ASK
645,1712181666.8078942,5643230.54570248,784.0,-2.7231882910031328e-08,811.7,ASK
646,1712181669.494957,5644250.95386548,784.6,-2.178550639205009e-07,811.7,ASK
647,1712181669.5151951,5644250.95386574,784.6,-5.567393224251832e-17,811.7,ASK
648,1712181680.915311,5644259.95386494,784.0,-1.9214814934789236e-09,811.7,ASK
649,1712181680.9219215,5644387.50488574,784.0,-2.723188308063216e-08,811.7,ASK
650,1712181681.0151212,5644387.50488654,784.0,-1.7079967070115446e-16,811.7,ASK
651,1712181690.798792,5644387.50488654,784.0,-0.0,811.7,ASK
652,1712181720.5398326,5644387.50488654,784.0,-0.0,811.7,ASK
653,1712181750.5937788,5644387.50488654,784.0,-0.0,811.7,ASK
654,1712181780.7954395,5644387.50488654,784.0,-0.0,811.7,ASK
655,1712181791.1154666,5644712.58140726,786.0,6.938824704598578e-08,811.7,BID
656,1712181810.8053105,5644712.58140726,786.0,0.0,811.7,BID
657,1712181815.9058845,5646100.71775026,786.0,-2.9628437742451576e-07,811.7,ASK
658,1712181815.9852414,5650082.90604529,786.0,-8.499598657799648e-07,811.7,ASK
659,1712181816.045462,5651285.34464329,786.0,-2.566489763029647e-07,811.7,ASK
660,1712181816.06512,5651285.34464396,786.0,-1.4292415993306666e-16,811.7,ASK
661,1712181840.5752838,5651285.34464396,786.0,-0.0,811.7,ASK
662,1712181850.805458,5651291.9381357,786.1,1.405767416535364e-09,811.7,BID
663,1712181850.8120377,5651300.3739457,786.1,1.798559442606319e-09,811.7,BID
664,1712181850.9852655,5651539.7975697,786.1,-5.104638674206296e-08,811.7,ASK
665,1712181851.005375,5651539.79757016,786.1,-9.809007923464671e-17,811.7,ASK
666,1712181870.5375772,5651539.79757016,786.1,-0.0,811.7,ASK
667,1712181900.804627,5651539.79757016,786.1,-0.0,811.7,ASK
668,1712181930.7715275,5651539.79757016,786.1,-0.0,811.7,ASK
669,1712181960.576367,5651539.79757016,786.1,-0.0,811.7,ASK
670,1712181990.5701427,5651539.79757016,786.1,-0.0,811.7,ASK
671,1712182020.7917175,5651539.79757016,786.1,-0.0,811.7,ASK
672,1712182050.8077855,5651539.79757016,786.1,-0.0,811.7,ASK
673,1712182080.5510385,5651539.79757016,786.1,-0.0,811.7,ASK
674,1712182110.585858,5651539.79757016,786.1,-0.0,811.7,ASK
675,1712182140.7987146,5651539.79757016,786.1,-0.0,811.7,ASK
676,1712182153.1959832,5651551.79757016,785.3,-2.55851259190988e-09,811.7,ASK
677,1712182153.2060387,5653389.77581025,784.4,-3.918742059106423e-07,811.7,ASK
678,1712182153.2107291,5653833.77581025,785.3,-9.46649659006656e-08,811.7,ASK
679,1712182170.8158894,5653833.77581025,785.3,-0.0,811.7,ASK
680,1712182200.614379,5653833.77581025,785.3,-0.0,811.7,ASK
681,1712182230.5693583,5653833.77581025,785.3,-0.0,811.7,ASK
682,1712182255.7362406,5654166.77581025,786.2,7.103132580164226e-08,811.7,BID
683,1712182260.810577,5654166.77581025,786.2,0.0,811.7,BID
684,1712182273.3364868,5654499.77581025,785.0,-7.102735929095483e-08,811.7,ASK
685,1712182280.926308,5654626.80833057,787.2,2.709544883610537e-08,811.7,BID
686,1712182290.7792566,5654626.80833057,787.2,0.0,811.7,BID
687,1712182320.5460107,5654626.80833057,787.2,0.0,811.7,BID
688,1712182338.205356,5654639.5115826,787.2,2.709336031177831e-09,811.7,BID
689,1712182350.5577416,5654639.5115826,787.2,0.0,811.7,BID
690,1712182380.789275,5654639.5115826,787.2,0.0,811.7,BID
691,1712182410.843792,5654639.5115826,787.2,0.0,811.7,BID
692,1712182419.5636137,5654759.5115826,787.2,-2.559341730542421e-08,811.7,ASK
693,1712182440.5631568,5654759.5115826,787.2,-0.0,811.7,ASK
694,1712182448.3469536,5654766.54410292,787.2,-1.4998550094261215e-09,811.7,ASK
695,1712182470.5360727,5654766.54410292,787.2,-0.0,811.7,ASK
696,1712182470.9723709,5654791.95060698,787.2,5.418544939791495e-09,811.7,BID
697,1712182500.5980291,5654791.95060698,787.2,0.0,811.7,BID
698,1712182530.560964,5654791.95060698,787.2,0.0,811.7,BID
699,1712182557.6159892,5654911.5429847,787.2,2.5516231625753642e-08,811.7,BID
700,1712182557.620797,5654918.97934866,787.6,1.586622733746361e-09,811.7,BID
701,1712182557.6261857,5655046.01186899,787.2,2.710366057221657e-08,811.7,BID
702,1712182560.790806,5655046.01186899,787.2,0.0,811.7,BID
703,1712182590.8102765,5655046.01186899,787.2,0.0,811.7,BID
704,1712182620.525488,5655046.01186899,787.2,0.0,811.7,BID
705,1712182650.581862,5655046.01186899,787.2,0.0,811.7,BID
706,1712182678.598927,5655058.71996404,786.9,-2.711283667598912e-09,811.7,ASK
707,1712182680.7917466,5655058.71996404,786.9,-0.0,811.7,ASK
708,1712182685.4190943,5655065.71996404,787.0,1.4934531970483806e-09,811.7,BID
709,1712182694.6089897,5658225.87103137,785.0,-6.742196735227427e-07,811.7,ASK
710,1712182694.6151354,5658238.59367768,786.0,-2.7143824009395087e-09,811.7,ASK
711,1712182694.6213224,5658904.59367768,785.5,-1.4209140417631738e-07,811.7,ASK
712,1712182702.3786376,5658917.32604335,785.4,-2.7164560307680796e-09,811.7,ASK
713,1712182702.4786396,5659065.70136235,785.0,3.1655942074874494e-08,811.7,BID
714,1712182702.5608494,5659065.70136312,785.0,1.6432332592870119e-16,811.7,BID
715,1712182710.7885191,5659065.70136312,785.0,0.0,811.7,BID
716,1712182715.5785224,5660087.89042528,785.0,-2.179382302071542e-07,811.7,ASK
717,1712182740.558182,5660087.89042528,785.0,-0.0,811.7,ASK
718,1712182750.1779804,5660095.51819034,786.6,1.6260174610730743e-09,811.7,BID
719,1712182755.178171,5660103.83432034,784.7,-1.772756827425288e-09,811.7,ASK
720,1712182760.0879548,5660108.26191405,784.7,-9.438340884684311e-10,811.7,ASK
721,1712182760.0952268,5660357.89558235,784.6,-5.321463106333857e-08,811.7,ASK
722,1712182770.553788,5660357.89558235,784.6,-0.0,811.7,ASK
723,1712182800.681359,5660357.89558235,784.6,-0.0,811.7,ASK
724,1712182830.532556,5660357.89558235,784.6,-0.0,811.7,ASK
725,1712182853.704634,5660365.54279111,784.6,-1.6321347984316047e-09,811.7,ASK
726,1712182853.7081764,5661812.83153696,784.6,-3.0889313989737335e-07,811.7,ASK
727,1712182860.589723,5661812.83153696,784.6,-0.0,811.7,ASK
728,1712182871.4714386,5662034.29431889,784.6,4.725502872738969e-08,811.7,BID
729,1712182871.496425,5662161.78029543,784.4,-2.7202554899769734e-08,811.7,ASK
730,1712182874.2080865,5662440.55539888,784.4,5.948415082289482e-08,811.7,BID
731,1712182876.1763945,5662534.29431889,784.4,2.0001714596766443e-08,811.7,BID
732,1712182876.944514,5662944.90239888,784.6,8.761425484893599e-08,811.7,BID
733,1712182878.1166556,5663319.24939888,784.6,7.987698016265039e-08,811.7,BID
734,1712182885.066372,5663693.98139888,784.6,7.995913024624864e-08,811.7,BID
735,1712182888.4768834,5663701.4408778,784.6,1.5916800448312735e-09,811.7,BID
736,1712182888.4807272,5664074.44839888,784.6,7.959116638255279e-08,811.7,BID
737,1712182890.5630076,5664074.44839888,784.6,0.0,811.7,BID
738,1712182896.0463166,5664074.44926564,784.6,1.8487662120746374e-13,811.7,BID
739,1712182920.78987,5664074.44926564,784.6,0.0,811.7,BID
740,1712182950.7855625,5664074.44926564,784.6,0.0,811.7,BID
741,1712182953.6658192,5664328.90219164,786.0,5.427381291664026e-08,811.7,BID
742,1712182977.378952,5664328.90219185,786.0,4.489432572936276e-17,811.7,BID
743,1712182980.5157433,5664328.90219185,786.0,0.0,811.7,BID
744,1712183010.5499744,5664328.90219185,786.0,0.0,811.7,BID
745,1712183031.1053462,5666873.43145372,786.0,-5.427149777698835e-07,811.7,ASK
746,1712183031.1119354,5667127.88437985,786.0,-5.4271497764851534e-08,811.7,ASK
747,1712183031.1251323,5667127.88437992,786.0,-1.4897923889693218e-17,811.7,ASK
748,1712183031.129997,5667283.92203895,786.0,-3.328080204105727e-08,811.7,ASK
749,1712183040.7868547,5667283.92203895,786.0,-0.0,811.7,ASK
750,1712183056.034962,5667665.60142795,786.0,-8.136693823160733e-08,811.7,ASK
751,1712183056.0548878,5667665.60142826,786.0,-6.611402983569612e-17,811.7,ASK
752,1712183070.7910402,5667665.60142826,786.0,-0.0,811.7,ASK
753,1712183100.5548337,5667665.60142826,786.0,-0.0,811.7,ASK
754,1712183124.3745873,5667682.73698972,786.0,3.654803457071237e-09,811.7,BID
755,1712183130.5605752,5667682.73698972,786.0,0.0,811.7,BID
756,1712183148.9845295,5667692.73698972,786.0,2.132870269020905e-09,811.7,BID
757,1712183160.628189,5667692.73698972,786.0,0.0,811.7,BID
758,1712183161.2839131,5667702.73698972,786.0,-2.1328666934063296e-09,811.7,ASK
759,1712183163.594354,5668035.73698972,786.0,7.10244608904308e-08,811.7,BID
760,1712183163.5992632,5674613.35068412,786.0,1.4029173170880245e-06,811.7,BID
761,1712183163.6040463,5677223.4715763,786.1,5.567039916695013e-07,811.7,BID
762,1712183163.609156,5678245.66063846,786.0,2.180193005044268e-07,811.7,BID
763,1712183190.4846697,5678245.66063846,786.0,0.0,811.7,BID
764,1712183208.8438213,5678278.08773246,786.1,6.904052344743898e-09,811.7,BID
765,1712183210.4538713,5678278.08773281,786.1,7.435795593774054e-17,811.7,BID
766,1712183210.4582682,5679549.22031158,787.1,2.706368279820488e-07,811.7,BID
767,1712183220.7834172,5679549.22031158,787.1,0.0,811.7,BID
768,1712183250.8089547,5679549.22031158,787.1,0.0,811.7,BID
769,1712183278.123379,5679749.22031158,786.0,-4.2572698711235576e-08,811.7,ASK
770,1712183280.5599022,5679749.22031158,786.0,-0.0,811.7,ASK
771,1712183286.6732635,5679984.47565058,786.0,-5.007559770044405e-08,811.7,ASK
772,1712183286.6786652,5680003.67323778,786.0,-4.08632874202582e-09,811.7,ASK
773,1712183310.5146463,5680003.67323778,786.0,-0.0,811.7,ASK
774,1712183340.7927475,5680003.67323778,786.0,-0.0,811.7,ASK
775,1712183370.2594063,5680029.08942789,786.9,5.409767688913762e-09,811.7,BID
776,1712183370.762564,5680029.08942789,786.9,0.0,811.7,BID
777,1712183400.869244,5680029.08942789,786.9,0.0,811.7,BID
778,1712183424.9123108,5680039.08942789,786.0,-2.1299643604259516e-09,811.7,ASK
779,1712183424.9184215,5680161.38842789,786.0,-2.6049251131498773e-08,811.7,ASK
780,1712183429.4527254,5680166.31589099,786.0,-1.0495320790935475e-09,811.7,ASK
781,1712183430.76862,5680166.31589099,786.0,-0.0,811.7,ASK
782,1712183460.555259,5680166.31589099,786.0,-0.0,811.7,ASK
783,1712183484.5353506,5680293.68820024,785.1,-2.7129224659466305e-08,811.7,ASK
784,1712183490.05508,5680293.68820025,785.1,-2.182002152318793e-18,811.7,ASK
785,1712183490.0582583,5680744.33241638,785.1,-9.598340685563525e-08,811.7,ASK
786,1712183490.5618682,5680744.33241638,785.1,-0.0,811.7,ASK
787,1712183490.6724875,5684114.85747738,785.1,-7.178239510547449e-07,811.7,ASK
788,1712183490.691952,5684114.85747804,785.1,-1.4062636456504462e-16,811.7,ASK
789,1712183520.7768486,5684114.85747804,785.1,-0.0,811.7,ASK
790,1712183550.7819817,5684114.85747804,785.1,-0.0,811.7,ASK
791,1712183580.596203,5684114.85747804,785.1,-0.0,811.7,ASK
792,1712183591.391625,5684153.02056161,784.1,-8.123050610945271e-09,811.7,ASK
793,1712183591.4014652,5684467.67547804,784.1,-6.69746145237274e-08,811.7,ASK
794,1712183592.1212146,5684518.63089205,785.0,1.0845910974320522e-08,811.7,BID
795,1712183610.531436,5684518.63089205,785.0,0.0,811.7,BID
796,1712183640.7652793,5684518.63089205,785.0,0.0,811.7,BID
797,1712183670.786529,5684518.63089205,785.0,0.0,811.7,BID
798,1712183688.9911397,5684646.01942708,785.0,2.711295007474925e-08,811.7,BID
799,1712183700.5232637,5684646.01942708,785.0,0.0,811.7,BID
800,1712183716.1909294,5684797.96716258,784.5,-3.2346568544571074e-08,811.7,ASK
801,1712183716.270685,5684928.32691968,784.5,-2.7750928992829928e-08,811.7,ASK
802,1712183716.291037,5685171.14509341,784.1,-5.1691028329882777e-08,811.7,ASK
803,1712183716.2968955,5685395.33005248,784.1,-4.7724397611631846e-08,811.7,ASK
804,1712183730.5598128,5685395.33005248,784.1,-0.0,811.7,ASK
805,1712183749.7407775,5685408.0835278,784.0,2.714614692716751e-09,811.7,BID
806,1712183760.775612,5685408.0835278,784.0,0.0,811.7,BID
807,1712183768.6305766,5685415.73658902,784.0,1.6289730993243555e-09,811.7,BID
808,1712183790.7803454,5685415.73658902,784.0,0.0,811.7,BID
809,1712183801.1606598,5685542.80098002,783.7,2.7045936850261657e-08,811.7,BID
810,1712183801.331726,5685542.80098019,783.7,3.6078600969508935e-17,811.7,BID
811,1712183820.5672317,5685542.80098019,783.7,0.0,811.7,BID
812,1712183828.090106,5685550.44429229,785.0,1.626861414357271e-09,811.7,BID
813,1712183850.5202076,5685550.44429229,785.0,0.0,811.7,BID
814,1712183880.8017268,5685550.44429229,785.0,0.0,811.7,BID
815,1712183910.7842422,5685550.44429229,785.0,0.0,811.7,BID
816,1712183940.570159,5685550.44429229,785.0,0.0,811.7,BID
817,1712183954.2096562,5685654.34880129,784.9,2.2115807698848053e-08,811.7,BID
818,1712183955.7801352,5685654.34880183,785.0,1.149731775375717e-16,811.7,BID
819,1712183955.7841697,5685654.34880231,785.0,1.0228648208515e-16,811.7,BID
820,1712183955.790021,5685905.35281783,785.0,5.3425559605765055e-08,811.7,BID
821,1712183970.5357757,5685905.35281783,785.0,0.0,811.7,BID
822,1712183997.239409,5686280.63427892,783.2,-7.987295820625155e-08,811.7,ASK
823,1712183997.2595177,5686663.77604137,783.0,-8.15459039473802e-08,811.7,ASK
824,1712183997.265948,5692165.92465407,783.0,-1.1710487507444076e-06,811.7,ASK
825,1712183997.2725222,5694575.64319298,783.2,-5.128719857044011e-07,811.7,ASK
826,1712183997.3797436,5694575.64319366,783.0,1.446990396749798e-16,811.7,BID
827,1712183997.3869202,5696823.55792766,783.0,4.784345037416191e-07,811.7,BID
828,1712184000.5657146,5696823.55792766,783.0,0.0,811.7,BID
829,1712184030.532634,5696823.55792766,783.0,0.0,811.7,BID
830,1712184060.7832851,5696823.55792766,783.0,0.0,811.7,BID
831,1712184090.7835429,5696823.55792766,783.0,0.0,811.7,BID
832,1712184099.6192484,5697823.55792766,784.0,-2.126683207811319e-07,811.7,ASK
833,1712184109.8193707,5698823.55792766,784.0,-2.126683207811319e-07,811.7,ASK
834,1712184120.519039,5698823.55792766,784.0,-0.0,811.7,ASK
835,1712184150.5596876,5698823.55792766,784.0,-0.0,811.7,ASK
836,1712184180.7993672,5698823.55792766,784.0,-0.0,811.7,ASK
837,1712184210.7885752,5698823.55792766,784.0,-0.0,811.7,ASK
838,1712184240.5458658,5698823.55792766,784.0,-0.0,811.7,ASK
839,1712184258.5187256,5699000.972129,785.0,-3.771780275521516e-08,811.7,ASK
840,1712184270.4391365,5699026.35606097,787.9,5.3965586290992554e-09,811.7,BID
841,1712184270.5490935,5699026.35606097,787.9,0.0,811.7,BID
842,1712184300.582413,5699026.35606097,787.9,0.0,811.7,BID
843,1712184317.29823,5699039.04963802,787.1,2.702971880495651e-09,811.7,BID
844,1712184330.5836148,5699039.04963802,787.1,0.0,811.7,BID
845,1712184360.7824466,5699039.04963802,787.1,0.0,811.7,BID
846,1712184389.1284895,5699293.53494149,785.9,5.4190016976079154e-08,811.7,BID
847,1712184389.2089078,5699493.53494064,785.1,-4.258793416127123e-08,811.7,ASK
848,1712184389.2150402,5699516.13359049,785.1,-4.812149079989704e-09,811.7,ASK
849,1712184389.2283552,5699516.13359134,785.1,-1.810620727686642e-16,811.7,ASK
850,1712184390.7885454,5699516.13359134,785.1,-0.0,811.7,ASK
851,1712184420.5590477,5699516.13359134,785.1,-0.0,811.7,ASK
852,1712184450.5382524,5699516.13359134,785.1,-0.0,811.7,ASK
853,1712184480.7641828,5699516.13359134,785.1,-0.0,811.7,ASK
854,1712184496.5996451,5699685.0156716,787.4,3.5958825151513824e-08,811.7,BID
855,1712184510.7555168,5699685.0156716,787.4,0.0,811.7,BID
856,1712184540.5411272,5699685.0156716,787.4,0.0,811.7,BID
857,1712184570.5557845,5699685.0156716,787.4,0.0,811.7,BID
858,1712184577.5206242,5700623.48857165,788.0,1.9981650748934568e-07,811.7,BID
859,1712184577.5289245,5700662.02970265,788.0,8.206048561125489e-09,811.7,BID
860,1712184595.7312534,5701240.18185531,787.8,1.230982204553829e-07,811.7,BID
861,1712184600.5928638,5701240.18185531,787.8,0.0,811.7,BID
862,1712184630.540491,5701240.18185531,787.8,0.0,811.7,BID
863,1712184660.8016503,5701240.18185531,787.8,0.0,811.7,BID
864,1712184690.763631,5701240.18185531,787.8,0.0,811.7,BID
865,1712184720.5211515,5701240.18185531,787.8,0.0,811.7,BID
866,1712184750.5411,5701240.18185531,787.8,0.0,811.7,BID
867,1712184764.4712806,5701252.85773311,788.9,2.7006505097884996e-09,811.7,BID
868,1712184773.0213354,5704025.18185531,788.9,5.906556273201847e-07,811.7,BID
869,1712184773.1710694,5708338.37062831,788.9,-9.189434958440476e-07,811.7,ASK
870,1712184773.182876,5708569.33952831,788.9,-4.920892165110668e-08,811.7,ASK
871,1712184773.191003,5717640.31315962,788.9,-1.9326101077802874e-06,811.7,ASK
872,1712184773.205872,5717814.42483902,788.9,-3.7095245247808016e-08,811.7,ASK
873,1712184780.7746406,5717814.42483902,788.9,-0.0,811.7,ASK
874,1712184810.7817829,5717814.42483902,788.9,-0.0,811.7,ASK
1075,1712184812.409839,5717821.05234272,787.8,-1.40809564887722e-09,811.7,ASK
875,1712184812.409839,5717821.05234272,787.8,-1.4080956488772202e-09,811.7,ASK
876,1712184840.551781,5717821.05234272,787.8,-0.0,811.7,ASK
877,1712184854.5014246,5717821.40630639,787.8,-7.520390366535196e-11,811.7,ASK
878,1712184870.521811,5717821.40630639,787.8,-0.0,811.7,ASK
879,1712184900.7417018,5717821.40630639,787.8,-0.0,811.7,ASK
880,1712184930.7766483,5717821.40630639,787.8,-0.0,811.7,ASK
881,1712184960.5483692,5717821.40630639,787.8,-0.0,811.7,ASK
882,1712184990.5496976,5717821.40630639,787.8,-0.0,811.7,ASK
883,1712185020.7521677,5717821.40630639,787.8,-0.0,811.7,ASK
884,1712185050.8061917,5717821.40630639,787.8,-0.0,811.7,ASK
885,1712185080.551333,5717821.40630639,787.8,-0.0,811.7,ASK
886,1712185110.5093064,5717821.40630639,787.8,-0.0,811.7,ASK
887,1712185140.7628222,5717821.40630639,787.8,-0.0,811.7,ASK
888,1712185153.6729128,5717999.16151207,787.6,3.7795017628705385e-08,811.7,BID
889,1712185156.7314606,5718252.97061564,787.6,5.396589937842888e-08,811.7,BID
890,1712185170.531789,5718278.36421645,787.6,5.399288232219577e-09,811.7,BID
891,1712185170.7830973,5718278.36421645,787.6,0.0,811.7,BID
892,1712185200.7430897,5718278.36421645,787.6,0.0,811.7,BID
893,1712185230.5133572,5718278.36421645,787.6,0.0,811.7,BID
894,1712185260.760001,5718278.36421645,787.6,0.0,811.7,BID
895,1712185271.035002,5719547.40973432,786.9,2.701152772865309e-07,811.7,BID
896,1712185290.7974784,5719547.40973432,786.9,0.0,811.7,BID
897,1712185296.3629577,5719610.91845524,786.5,1.3514905497777485e-08,811.7,BID
898,1712185320.512931,5719610.91845524,786.5,0.0,811.7,BID
899,1712185343.0928955,5719617.27573432,786.5,1.3528396020249567e-09,811.7,BID
900,1712185350.5459397,5719617.27573432,786.5,0.0,811.7,BID
901,1712185358.163085,5719681.01059729,784.5,-1.3562870817519426e-08,811.7,ASK
902,1712185358.170388,5721355.01059729,784.6,-3.562296157987993e-07,811.7,ASK
903,1712185358.2626915,5721738.53325229,784.5,8.161417445705477e-08,811.7,BID
904,1712185358.2826052,5721738.53325311,784.5,1.744043733495926e-16,811.7,BID
905,1712185380.8465238,5721738.53325311,784.5,0.0,811.7,BID
906,1712185387.9229517,5721789.39075833,784.5,-1.0818718902409923e-08,811.7,ASK
907,1712185410.7849762,5721789.39075833,784.5,-0.0,811.7,ASK
908,1712185440.5272708,5721789.39075833,784.5,-0.0,811.7,ASK
909,1712185470.5458398,5721789.39075833,784.5,-0.0,811.7,ASK
910,1712185479.4630733,5721810.12252194,784.5,-4.410149854336928e-09,811.7,ASK
911,1712185500.7728276,5721810.12252194,784.5,-0.0,811.7,ASK
912,1712185530.7929966,5721810.12252194,784.5,-0.0,811.7,ASK
913,1712185539.2630196,5722098.22928065,785.3,-6.169880479302371e-08,811.7,ASK
914,1712185539.270438,5722165.22928065,785.3,-1.4348222650665466e-08,811.7,ASK
915,1712185560.543687,5722165.22928065,785.3,-0.0,811.7,ASK
916,1712185590.5482895,5722165.22928065,785.3,-0.0,811.7,ASK
917,1712185620.803274,5722165.22928065,785.3,-0.0,811.7,ASK
918,1712185642.133387,5722802.60860711,787.9,1.3648827416566528e-07,811.7,BID
919,1712185642.9633596,5727905.04690711,787.9,-1.0926350584224946e-06,811.7,ASK
920,1712185644.0235326,5727925.72120711,787.9,-4.427190229506567e-09,811.7,ASK
921,1712185644.4642503,5730019.12058511,787.9,-4.482801000616175e-07,811.7,ASK
922,1712185644.483349,5730019.12058604,787.9,-1.9923378593903736e-16,811.7,ASK
923,1712185650.793567,5730019.12058604,787.9,-0.0,811.7,ASK
924,1712185680.5535672,5730019.12058604,787.9,-0.0,811.7,ASK
925,1712185710.536826,5730019.12058604,787.9,-0.0,811.7,ASK
926,1712185740.7794063,5730019.12058604,787.9,-0.0,811.7,ASK
927,1712185770.7980697,5730019.12058604,787.9,-0.0,811.7,ASK
928,1712185800.559877,5730019.12058604,787.9,-0.0,811.7,ASK
929,1712185830.5504153,5730019.12058604,787.9,-0.0,811.7,ASK
930,1712185838.733384,5736750.62363404,786.2,-1.442962185262047e-06,811.7,ASK
931,1712185838.773377,5742738.53040542,786.2,-1.2835651976035916e-06,811.7,ASK
932,1712185846.883664,5742747.03682872,786.2,-1.823433350085118e-09,811.7,ASK
933,1712185860.8007455,5742747.03682872,786.2,-0.0,811.7,ASK
934,1712185890.808172,5742747.03682872,786.2,-0.0,811.7,ASK
935,1712185920.5186777,5742747.03682872,786.2,-0.0,811.7,ASK
936,1712185924.015242,5745415.56179072,786.9,5.707995159051732e-07,811.7,BID
937,1712185924.103976,5747372.16514172,786.9,4.185189426643997e-07,811.7,BID
938,1712185924.111559,5751298.96651526,786.9,8.399457958948756e-07,811.7,BID
939,1712185924.4035494,5753871.36979926,786.9,5.502390159842998e-07,811.7,BID
940,1712185950.5682013,5753871.36979926,786.9,0.0,811.7,BID
941,1712185980.7932425,5753871.36979926,786.9,0.0,811.7,BID
942,1712186010.7634833,5753871.36979926,786.9,0.0,811.7,BID
943,1712186040.5566018,5753871.36979926,786.9,0.0,811.7,BID
944,1712186070.278134,5753871.36979958,786.9,6.840037346760936e-17,811.7,BID
945,1712186070.2841089,5753896.77307628,787.3,5.4236248139171564e-09,811.7,BID
946,1712186070.574243,5753896.77307628,787.3,0.0,811.7,BID
947,1712186100.566705,5753896.77307628,787.3,0.0,811.7,BID
948,1712186129.3833432,5754023.56399805,788.7,2.7148348603342946e-08,811.7,BID
949,1712186130.59334,5754023.56399805,788.7,0.0,811.7,BID
950,1712186139.0933542,5754083.56399805,787.3,-1.2846866450217984e-08,811.7,ASK
951,1712186145.7833288,5756462.34412405,787.3,-5.093311765525406e-07,811.7,ASK
952,1712186156.033461,5756472.84598689,786.3,-2.248600489689361e-09,811.7,ASK
953,1712186156.040233,5756473.93658082,786.3,-2.335119095736224e-10,811.7,ASK
954,1712186160.7735736,5756473.93658082,786.3,-0.0,811.7,ASK
955,1712186178.7732642,5758723.93658082,786.3,-4.815585781131146e-07,811.7,ASK
956,1712186190.8170054,5758723.93658082,786.3,-0.0,811.7,ASK
957,1712186217.993311,5759373.32786338,786.3,-1.3893403388228196e-07,811.7,ASK
958,1712186220.5236404,5759373.32786338,786.3,-0.0,811.7,ASK
959,1712186250.5428908,5759373.32786338,786.3,-0.0,811.7,ASK
960,1712186261.28364,5762158.32786338,787.7,5.957718089442759e-07,811.7,BID
961,1712186261.2906456,5765707.4510426,787.7,7.592343040035039e-07,811.7,BID
962,1712186280.7615955,5765707.4510426,787.7,0.0,811.7,BID
963,1712186293.7550676,5766806.9691656,786.3,-2.349599547213441e-07,811.7,ASK
964,1712186310.793337,5766806.9691656,786.3,-0.0,811.7,ASK
965,1712186340.579359,5766806.9691656,786.3,-0.0,811.7,ASK
966,1712186357.333392,5766817.40892543,787.8,2.230497482311098e-09,811.7,BID
967,1712186370.5487032,5766817.40892543,787.8,0.0,811.7,BID
968,1712186400.6672647,5766817.40892543,787.8,0.0,811.7,BID
969,1712186430.5629263,5766817.40892543,787.8,0.0,811.7,BID
970,1712186457.1144223,5766880.87681068,787.8,1.3612623555032085e-08,811.7,BID
971,1712186460.7896514,5766880.87681068,787.8,0.0,811.7,BID
972,1712186490.7893612,5766880.87681068,787.8,0.0,811.7,BID
973,1712186520.5627036,5766880.87681068,787.8,0.0,811.7,BID
974,1712186550.5402474,5766880.87681068,787.8,0.0,811.7,BID
975,1712186580.817355,5766880.87681068,787.8,0.0,811.7,BID
976,1712186610.7825625,5766880.87681068,787.8,0.0,811.7,BID
977,1712186640.548346,5766880.87681068,787.8,0.0,811.7,BID
978,1712186670.5754955,5766880.87681068,787.8,0.0,811.7,BID
979,1712186685.3660653,5767007.81258068,786.7,-2.7224955041504346e-08,811.7,ASK
980,1712186685.4990385,5767007.81258118,786.7,-1.0726488345120736e-16,811.7,ASK
981,1712186700.8002107,5767007.81258118,786.7,-0.0,811.7,ASK
982,1712186710.4897451,5767007.81258169,786.3,-1.0952566557200963e-16,811.7,ASK
983,1712186710.4976015,5767882.99625399,786.3,-1.8781679236861922e-07,811.7,ASK
984,1712186710.589579,5769187.25985288,786.0,2.798985096500056e-07,811.7,BID
985,1712186711.369936,5770491.52345176,786.0,2.7989850964800694e-07,811.7,BID
986,1712186730.809297,5770491.52345176,786.0,0.0,811.7,BID
987,1712186760.5798666,5770491.52345176,786.0,0.0,811.7,BID
988,1712186790.5765948,5770491.52345176,786.0,0.0,811.7,BID
989,1712186818.4407363,5770554.99133701,787.8,1.3612380767261558e-08,811.7,BID
990,1712186820.8159747,5770554.99133701,787.8,0.0,811.7,BID
991,1712186850.3215294,5770610.49417711,787.7,1.1903936740449377e-08,811.7,BID
992,1712186850.7959208,5770610.49417711,787.7,0.0,811.7,BID
993,1712186880.5624857,5770610.49417711,787.7,0.0,811.7,BID
994,1712186910.562624,5770610.49417711,787.7,0.0,811.7,BID
995,1712186940.6037295,5770610.49417711,787.7,0.0,811.7,BID
996,1712186954.9124503,5770618.11806529,787.0,1.635113293017572e-09,811.7,BID
997,1712186970.6059003,5770618.11806529,787.0,0.0,811.7,BID
998,1712186978.092697,5771418.11806529,786.0,-1.7157766747558437e-07,811.7,ASK
999,1712187000.6582496,5771418.11806529,786.0,-0.0,811.7,ASK
1000,1712187002.299511,5771638.12849748,785.7,-4.7379065962770055e-08,811.7,ASK
1201,1712187030.5878353,5771638.12849748,785.7,-0.0,811.7,ASK
1202,1712187037.9038098,5772690.86847848,785.7,-2.2669825169199042e-07,811.7,ASK
1203,1712187037.9064014,5772690.86847893,785.7,-9.686665763966432e-17,811.7,ASK
1204,1712187058.9735868,5772697.22171908,787.0,1.36811412180167e-09,811.7,BID
1205,1712187060.777868,5772697.22171908,787.0,0.0,811.7,BID
1206,1712187090.8170004,5772697.22171908,787.0,0.0,811.7,BID
1207,1712187120.6499004,5772697.22171908,787.0,0.0,811.7,BID
1208,1712187150.5502317,5772697.22171908,787.0,0.0,811.7,BID
1209,1712187173.584596,5776892.28108937,787.0,9.032071141785502e-07,811.7,BID
1210,1712187173.844448,5780493.69557757,787.0,-7.75393838257595e-07,811.7,ASK
1211,1712187173.9299614,5783414.54767022,787.0,-6.288669972653845e-07,811.7,ASK
1212,1712187173.9448948,5785324.90152593,787.0,-4.1130411771879305e-07,811.7,ASK
1213,1712187180.8157022,5785324.90152593,787.0,-0.0,811.7,ASK
1214,1712187210.7579546,5785324.90152593,787.0,-0.0,811.7,ASK
1215,1712187219.1752417,5786109.71705393,787.0,1.686120348706132e-07,811.7,BID
1216,1712187219.194971,5786109.71705406,787.0,2.781223643846296e-17,811.7,BID
1217,1712187240.5480697,5786109.71705406,787.0,0.0,811.7,BID
1218,1712187241.9552207,5786185.42429725,786.1,-1.6263004734382918e-08,811.7,ASK
1219,1712187270.5805354,5786185.42429725,786.1,-0.0,811.7,ASK
1220,1712187300.7756176,5786185.42429725,786.1,-0.0,811.7,ASK
1221,1712187330.801297,5786185.42429725,786.1,-0.0,811.7,ASK
1222,1712187335.3959332,5786191.99778689,785.7,-1.414022059135912e-09,811.7,ASK
1223,1712187360.558435,5786191.99778689,785.7,-0.0,811.7,ASK
1224,1712187390.5518708,5786191.99778689,785.7,-0.0,811.7,ASK
1225,1712187396.506705,5786685.42429725,785.7,-1.061407613417644e-07,811.7,ASK
1226,1712187396.5082374,5786997.3736844,785.7,-6.710329655377107e-08,811.7,ASK
1227,1712187417.0473282,5787164.10954432,785.3,-3.586647807390018e-08,811.7,ASK
1228,1712187417.050455,5787291.43320105,785.4,-2.7388536242843604e-08,811.7,ASK
1229,1712187417.053269,5787336.58569054,785.3,-9.712732312323368e-09,811.7,ASK
1230,1712187417.0559762,5787400.06163315,785.4,-1.3654282317698909e-08,811.7,ASK
1231,1712187420.7962615,5787400.06163315,785.4,-0.0,811.7,ASK
1232,1712187421.6967256,5787400.06163393,787.6,-1.6764733607652523e-16,811.7,ASK
1233,1712187421.7065964,5787801.19549993,787.6,-8.627011916400527e-08,811.7,ASK
1234,1712187430.126932,5787807.54516981,787.0,1.3655959360456282e-09,811.7,BID
1235,1712187450.7708416,5787807.54516981,787.0,0.0,811.7,BID
1236,1712187480.5489528,5787807.54516981,787.0,0.0,811.7,BID
1237,1712187510.5707426,5787807.54516981,787.0,0.0,811.7,BID
1238,1712187540.817534,5787807.54516981,787.0,0.0,811.7,BID
1239,1712187570.7925632,5787807.54516981,787.0,0.0,811.7,BID
1240,1712187600.6329494,5787807.54516981,787.0,0.0,811.7,BID
1241,1712187616.4181292,5790187.60671181,785.3,-5.131058851773124e-07,811.7,ASK
1242,1712187616.443189,5790187.60671215,785.3,-7.328444506341713e-17,811.7,ASK
1243,1712187623.8479896,5790255.22450122,786.0,1.4577390080811113e-08,811.7,BID
1244,1712187630.54888,5790255.22450122,786.0,0.0,811.7,BID
1245,1712187660.7832203,5790255.22450122,786.0,0.0,811.7,BID
1246,1712187677.4681983,5790765.28428142,784.6,-1.0991575671102373e-07,811.7,ASK
1247,1712187680.6183937,5793334.35867442,784.6,5.536248238252136e-07,811.7,BID
1248,1712187680.69822,5795089.39509642,784.6,3.78203033973629e-07,811.7,BID
1249,1712187680.7211788,5795089.39509709,784.6,1.4430051969176838e-16,811.7,BID
1250,1712187690.7893429,5795089.39509709,784.6,0.0,811.7,BID
1251,1712187720.543564,5795089.39509709,784.6,0.0,811.7,BID
1252,1712187750.5452678,5795089.39509709,784.6,0.0,811.7,BID
1253,1712187762.6283827,5795104.39318553,784.7,-3.229386001743218e-09,811.7,ASK
1254,1712187762.7203262,5795104.39318631,784.7,1.680460067830204e-16,811.7,BID
1255,1712187762.7216835,5798959.79406531,784.7,8.301443000298852e-07,811.7,BID
1256,1712187767.6384416,5799959.79406531,785.4,2.1531983990348057e-07,811.7,BID
1257,1712187780.8084245,5799959.79406531,785.4,0.0,811.7,BID
1258,1712187810.8181145,5799959.79406531,785.4,0.0,811.7,BID
1259,1712187840.5526702,5799959.79406531,785.4,0.0,811.7,BID
1260,1712187851.5599244,5800134.85604652,785.1,-3.766331857633486e-08,811.7,ASK
1261,1712187851.5615635,5800147.58841219,785.4,-2.739276347335912e-09,811.7,ASK
1262,1712187870.641408,5800147.58841219,785.4,-0.0,811.7,ASK
1263,1712187900.6007664,5800147.58841219,785.4,-0.0,811.7,ASK
1264,1712187930.5595648,5800147.58841219,785.4,-0.0,811.7,ASK
1265,1712187960.8112895,5800147.58841219,785.4,-0.0,811.7,ASK
1266,1712187961.8792052,5800795.58841219,785.6,-1.399401103957046e-07,811.7,ASK
1267,1712187990.7929776,5800795.58841219,785.6,-0.0,811.7,ASK
1268,1712188020.6030777,5800795.58841219,785.6,-0.0,811.7,ASK
1269,1712188035.104815,5801759.40744466,785.6,-2.08120548573389e-07,811.7,ASK
1270,1712188050.5654151,5801759.40744466,785.6,-0.0,811.7,ASK
1271,1712188080.80468,5801759.40744466,785.6,-0.0,811.7,ASK
1272,1712188110.8097565,5801759.40744466,785.6,-0.0,811.7,ASK
1273,1712188140.5832608,5801759.40744466,785.6,-0.0,811.7,ASK
1274,1712188149.711422,5804544.40744466,785.7,-6.012757134503615e-07,811.7,ASK
1275,1712188149.7205267,5806281.40744466,785.5,-3.750146909383404e-07,811.7,ASK
1276,1712188149.7228682,5806408.73110139,785.4,-2.748891294062924e-08,811.7,ASK
1277,1712188149.7252684,5807422.90048541,785.6,-2.189570628137767e-07,811.7,ASK
1278,1712188149.7276947,5808340.38632643,785.2,-1.9808328676477985e-07,811.7,ASK
1279,1712188149.7298656,5809613.29875005,785.6,-2.74819147458508e-07,811.7,ASK
1280,1712188170.5694072,5809613.29875005,785.6,-0.0,811.7,ASK
1281,1712188200.5933175,5809613.29875005,785.6,-0.0,811.7,ASK
1282,1712188230.5623295,5809613.29875005,785.6,-0.0,811.7,ASK
1283,1712188245.4282217,5809633.10073024,784.4,-4.286087799375009e-09,811.7,ASK
1284,1712188260.8209546,5809633.10073024,784.4,-0.0,811.7,ASK
1285,1712188290.8108218,5809633.10073024,784.4,-0.0,811.7,ASK
1286,1712188320.5965269,5809633.10073024,784.4,-0.0,811.7,ASK
1287,1712188347.9313934,5809779.95166428,786.5,3.1785400984255784e-08,811.7,BID
1288,1712188350.582318,5809779.95166428,786.5,0.0,811.7,BID
1289,1712188380.821724,5809779.95166428,786.5,0.0,811.7,BID
1290,1712188410.822597,5809779.95166428,786.5,0.0,811.7,BID
1291,1712188440.5497437,5809779.95166428,786.5,0.0,811.7,BID
1292,1712188470.5650947,5809779.95166428,786.5,0.0,811.7,BID
1293,1712188500.8337083,5809779.95166428,786.5,0.0,811.7,BID
1294,1712188530.8178103,5809779.95166428,786.5,0.0,811.7,BID
1295,1712188560.57426,5809779.95166428,786.5,0.0,811.7,BID
1296,1712188581.408437,5809793.3359855,784.5,-2.9057816210065118e-09,811.7,ASK
1297,1712188581.4116075,5809920.80571144,784.5,-2.7674110683329257e-08,811.7,ASK
1298,1712188590.5496595,5809920.80571144,784.5,-0.0,811.7,ASK
1299,1712188597.1679726,5809933.76560876,784.1,-2.813570252556993e-09,811.7,ASK
1300,1712188597.1712408,5809940.26988117,784.1,-1.412065768544438e-09,811.7,ASK
1301,1712188620.7930562,5809940.26988117,784.1,-0.0,811.7,ASK
1302,1712188627.8171222,5811230.7816,784.1,-2.801668302328776e-07,811.7,ASK
1303,1712188641.987184,5811230.78160085,784.1,-1.843952512329639e-16,811.7,ASK
1304,1712188641.990425,5814927.30998385,784.1,-8.025069627961562e-07,811.7,ASK
1305,1712188650.8219895,5814927.30998385,784.1,-0.0,811.7,ASK
1306,1712188680.5517273,5814927.30998385,784.1,-0.0,811.7,ASK
1307,1712188681.5259323,5815245.45893632,782.8,-6.90107480116688e-08,811.7,ASK
1308,1712188681.5358834,5817438.13872186,782.7,-4.7562146905021947e-07,811.7,ASK
1309,1712188681.539091,5818554.52984573,783.0,-2.421601137892616e-07,811.7,ASK
1310,1712188710.5653946,5818554.52984573,783.0,-0.0,811.7,ASK
1311,1712188740.8218334,5818554.52984573,783.0,-0.0,811.7,ASK
1312,1712188751.534517,5818580.03029198,784.3,5.527981961423247e-09,811.7,BID
1313,1712188770.841215,5818580.03029198,784.3,0.0,811.7,BID
1314,1712188792.2437875,5818641.03029198,784.3,1.322351124203346e-08,811.7,BID
1315,1712188800.707223,5818641.03029198,784.3,0.0,811.7,BID
1316,1712188830.5873826,5818641.03029198,784.3,0.0,811.7,BID
1317,1712188835.624015,191.93623324,784.2,4.1870880187269204e-08,784.2,BID
1318,1712188835.756765,367.24887136,784.2,3.824444369947563e-08,784.2,BID
1319,1712188836.086126,625.16561646,784.2,5.6264525723337846e-08,784.2,BID
1320,1712188860.2013636,625.16561646,784.2,0.0,784.2,BID
1321,1712188860.8411071,625.16561646,784.2,0.0,784.2,BID
1322,1712188872.504704,1008.84727846,783.0,-8.369118569111504e-08,784.2,ASK
1323,1712188872.514537,1363.75565477,783.0,-7.741496601704241e-08,784.2,ASK
1324,1712188872.9583237,1403.75565477,783.0,-8.725064967125276e-09,784.2,ASK
1325,1712188873.552652,1786.31112531,783.0,8.3445533349767e-08,784.2,BID
1326,1712188890.8154666,1786.31112531,783.0,0.0,784.2,BID
1327,1712188900.5120418,1871.57394008,782.3,-1.8594402391867e-08,784.2,ASK
1328,1712188900.5212986,3083.05312531,782.1,-2.642034692415984e-07,784.2,ASK
1329,1712188902.0619464,3381.98612531,783.0,6.51923174856731e-08,784.2,BID
1330,1712188920.1322396,3381.98612531,783.0,0.0,784.2,BID
1331,1712188920.7670631,3381.98612531,783.0,0.0,784.2,BID
1332,1712188927.375019,3381.98615879,783.0,7.299444334097749e-15,784.2,BID
1333,1712188927.3768432,4623.76250069,783.0,2.707370738752889e-07,784.2,BID
1334,1712188930.5218666,5749.14061405,783.0,2.453594638050494e-07,784.2,BID
1335,1712188934.258581,7081.73229833,782.3,-2.905370001819246e-07,784.2,ASK
1336,1712188936.115697,8179.14348862,783.0,2.392620027230627e-07,784.2,BID
1337,1712188950.5761306,8179.14348862,783.0,0.0,784.2,BID
1338,1712188953.4008193,9179.14348862,782.1,-2.178456657190457e-07,784.2,ASK
1339,1712188980.1868112,9179.14348862,782.1,-0.0,784.2,ASK
1340,1712188981.0171175,9475.88468495,782.1,-6.464378346077491e-08,784.2,ASK
1341,1712188981.0220232,9635.42885614,782.0,-3.4756006184479004e-08,784.2,ASK
1342,1712188981.0816562,9635.42885614,782.0,-0.0,784.2,ASK
1343,1712189003.9400764,14357.94915381,783.0,1.0285253863693097e-06,784.2,BID
1344,1712189003.9416778,14571.44870714,783.0,4.649841540898308e-08,784.2,BID
1345,1712189003.9552586,14571.44870756,783.0,9.147230894342911e-17,784.2,BID
1346,1712189010.8535998,14571.44870756,783.0,0.0,784.2,BID
1347,1712189028.3905344,14692.22240736,783.0,-2.6281378579177763e-08,784.2,ASK
1348,1712189039.4599378,14866.16451187,784.3,3.785127314188839e-08,784.3,BID
1349,1712189040.1263552,14866.16451187,784.3,0.0,784.3,BID
1350,1712189040.8882184,14866.16451187,784.3,0.0,784.3,BID
1351,1712189068.2801003,17410.42382887,784.3,5.536245187212397e-07,784.3,BID
1352,1712189068.3001466,17410.42382919,784.3,6.963126177625774e-17,784.3,BID
1353,1712189070.56766,17410.42382919,784.3,0.0,784.3,BID
1354,1712189100.1635766,17410.42382919,784.3,0.0,784.3,BID
1355,1712189100.8164773,17410.42382919,784.3,0.0,784.3,BID
1356,1712189106.7193725,17704.85232019,787.0,6.44112187904812e-08,787.0,BID
1357,1712189125.3289633,17704.85232092,787.0,1.5969996495572123e-16,787.0,BID
1358,1712189130.4837575,17711.82326092,787.7,1.525011183497423e-09,787.7,BID
1359,1712189130.4875398,18673.23616292,787.8,2.1032535461628859e-07,787.8,BID
1360,1712189130.5764575,19726.62903459,787.8,2.3044753073665734e-07,787.8,BID
1361,1712189130.8090851,19726.62903459,787.8,0.0,787.8,BID
1362,1712189151.019867,20107.43634609,787.8,-8.327481088157182e-08,787.8,ASK
1363,1712189160.1541057,20107.43634609,787.8,-0.0,787.8,ASK
1364,1712189160.7830086,20107.43634609,787.8,-0.0,787.8,ASK
1365,1712189188.7186334,20324.56651256,787.0,-4.7478834744427874e-08,787.8,ASK
1366,1712189190.601874,20324.56651256,787.0,-0.0,787.8,ASK
1367,1712189195.0192678,20433.13159579,787.1,-2.3738530360923727e-08,787.8,ASK
1368,1712189207.2095604,20488.35898034,788.0,-1.2075861832271451e-08,788.0,ASK
1369,1712189220.1907856,20488.35898034,788.0,-0.0,788.0,ASK
1370,1712189220.9319391,20488.35898034,788.0,-0.0,788.0,ASK
1371,1712189250.8300383,20488.35898034,788.0,-0.0,788.0,ASK
1372,1712189280.172406,20488.35898034,788.0,-0.0,788.0,ASK
1373,1712189280.7917876,20488.35898034,788.0,-0.0,788.0,ASK
1374,1712189310.5935965,20488.35898034,788.0,-0.0,788.0,ASK
1375,1712189310.8979988,20580.2458881,788.5,-2.009116167109256e-08,788.5,ASK
1376,1712189325.0980344,20641.59590085,788.7,-1.3414239903504944e-08,788.7,ASK
1377,1712189327.1584067,20648.15635312,790.0,1.434449263831505e-09,790.0,BID
1378,1712189327.3382475,20768.17817912,790.0,-2.624288888384464e-08,790.0,ASK
1379,1712189327.4402187,20768.17817933,790.0,-4.591641733789492e-17,790.0,ASK
1380,1712189334.9077964,20781.56250055,788.7,-2.926494840714771e-09,790.0,ASK
1381,1712189340.1818972,20781.56250055,788.7,-0.0,790.0,ASK
1382,1712189340.8972006,20781.56250055,788.7,-0.0,790.0,ASK
1383,1712189342.251711,20835.67486486,788.7,-1.183112244440837e-08,790.0,ASK
1384,1712189370.81891,20835.67486486,788.7,-0.0,790.0,ASK
1385,1712189378.1164954,21470.9988801,788.8,-1.389058891395227e-07,790.0,ASK
1386,1712189400.1846206,21470.9988801,788.8,-0.0,790.0,ASK
1387,1712189400.843974,21470.9988801,788.8,-0.0,790.0,ASK
1388,1712189430.593818,21470.9988801,788.8,-0.0,790.0,ASK
1389,1712189460.182685,21470.9988801,788.8,-0.0,790.0,ASK
1390,1712189460.840871,21470.9988801,788.8,-0.0,790.0,ASK
1391,1712189479.3973842,21788.66088772,789.0,-6.960507995463824e-08,790.0,ASK
1392,1712189490.816437,21788.66088772,789.0,-0.0,790.0,ASK
1393,1712189520.198064,21788.66088772,789.0,-0.0,790.0,ASK
1394,1712189520.7856245,21788.66088772,789.0,-0.0,790.0,ASK
1395,1712189540.8570929,21795.32086772,790.8,1.459233311614165e-09,790.8,BID
1396,1712189550.5572438,21795.32086772,790.8,0.0,790.8,BID
1397,1712189558.177123,21915.40360001,790.8,-2.631066773478276e-08,790.8,ASK
1398,1712189558.1849134,21955.17380072,790.8,-8.71383017917561e-09,790.8,ASK
1399,1712189558.5166218,21955.17380089,790.8,-3.724757138044745e-17,790.8,ASK
1400,1712189580.1722703,21955.17380089,790.8,-0.0,790.8,ASK
1401,1712189580.6448848,21989.74822357,789.0,-7.575411800745725e-09,790.8,ASK
1402,1712189580.8063052,21989.74822357,789.0,-0.0,790.8,ASK
1403,1712189586.1264925,22769.74822357,789.1,-1.7089575985460732e-07,790.8,ASK
1404,1712189586.2945082,28524.22784157,789.1,1.2607899575461026e-06,790.8,BID
1405,1712189586.306402,29155.96310283,789.1,1.3841138141022654e-07,790.8,BID
1406,1712189610.8009198,29155.96310283,789.1,0.0,790.8,BID
1407,1712189640.1862206,29155.96310283,789.1,0.0,790.8,BID
1408,1712189640.7860997,29155.96310283,789.1,0.0,790.8,BID
1409,1712189659.597092,29191.96310283,789.6,-7.877736379886263e-09,790.8,ASK
1410,1712189659.608402,31976.96310283,789.4,-6.094304393884234e-07,790.8,ASK
1411,1712189659.6101482,32013.06495096,789.0,-7.900023399856734e-09,790.8,ASK
1412,1712189659.6118994,32049.06495096,789.6,-7.877736379886263e-09,790.8,ASK
1413,1712189670.5378633,32049.06495096,789.6,-0.0,790.8,ASK
1414,1712189685.947637,32137.39895096,790.9,1.9320121430336663e-08,790.9,BID
1415,1712189685.949468,32516.56983064,791.2,8.293100548220714e-08,791.2,BID
1416,1712189685.9524934,32975.26833151,791.4,1.0032502475515524e-07,791.4,BID
1417,1712189685.9542232,34532.26833151,791.3,3.40541909876543e-07,791.4,BID
1418,1712189685.9559984,34708.29001036,790.9,3.8498881628293714e-08,791.4,BID
1419,1712189691.8869717,34834.93641361,789.8,-2.769968403452156e-08,791.4,ASK
1420,1712189700.2133498,34834.93641361,789.8,-0.0,791.4,ASK
1421,1712189700.8124316,34834.93641361,789.8,-0.0,791.4,ASK
1422,1712189730.6563902,34834.93641361,789.8,-0.0,791.4,ASK
1423,1712189746.248052,35040.76831755,790.5,4.55137938794971e-08,791.4,BID
1424,1712189760.8016798,35040.76831755,790.5,0.0,791.4,BID
1425,1712189765.924878,35270.03011755,790.5,5.0692816329636295e-08,791.4,BID
1426,1712189766.0158443,35291.78095955,790.5,4.8093988554613235e-09,791.4,BID
1427,1712189766.1356924,35499.29191755,790.5,4.588341747417497e-08,791.4,BID
1428,1712189777.3858063,35521.04275955,790.5,4.8093988554613235e-09,791.4,BID
1429,1712189778.1859386,35521.04276009,790.5,1.1940108624635798e-16,791.4,BID
1430,1712189790.8013003,35521.04276009,790.5,0.0,791.4,BID
1431,1712189797.1701229,35829.52893443,791.4,6.820464777643722e-08,791.4,BID
1432,1712189805.20581,35829.52893479,790.5,-7.959404246942496e-17,791.4,ASK
1433,1712189805.2079232,36209.03557579,790.5,-8.390689415369124e-08,791.4,ASK
1434,1712189820.53158,36209.03557579,790.5,-0.0,791.4,ASK
1435,1712189850.521347,36209.03557579,790.5,-0.0,791.4,ASK
1436,1712189854.3457458,36709.03557579,789.2,-1.1053403529535653e-07,791.4,ASK
1437,1712189863.7778091,38327.82791316,789.2,-3.578632987094157e-07,791.4,ASK
1438,1712189880.813352,38327.82791316,789.2,-0.0,791.4,ASK
1439,1712189910.847945,38327.82791316,789.2,-0.0,791.4,ASK
1440,1712189940.5176203,38327.82791316,789.2,-0.0,791.4,ASK
1441,1712189970.561728,38327.82791316,789.2,-0.0,791.4,ASK
1442,1712189991.317431,44794.57267316,789.2,-1.4290625210218356e-06,791.4,ASK
1443,1712189991.3950117,45002.08363116,789.2,-4.58570956153115e-08,791.4,ASK
1444,1712189991.415763,46887.76806816,789.2,-4.167105793411376e-07,791.4,ASK
1445,1712189991.4197855,46984.88920134,789.2,-2.1462447734941826e-08,791.4,ASK
1446,1712189991.4238029,52642.24768716,789.2,-1.2501991775024377e-06,791.4,ASK
1447,1712189991.515061,53147.00187075,789.2,-1.1154380029952505e-07,791.4,ASK
1448,1712189991.5951197,53210.37322675,789.0,-1.400420661815898e-08,791.4,ASK
1449,1712189991.675764,53210.37322689,789.0,-3.09373641779935e-17,791.4,ASK
1450,1712189991.6799092,53590.7459922,788.8,-8.40572008167452e-08,791.4,ASK
1451,1712189997.5351815,53717.52084007,789.2,2.8015514825926704e-08,791.4,BID
1452,1712190000.6003158,53717.52084007,789.2,0.0,791.4,BID
1453,1712190002.7433236,54039.19499532,788.4,-7.17447181652159e-08,791.4,ASK
1454,1712190028.627585,54039.19499575,788.4,-9.590399726734416e-17,791.4,ASK
1455,1712190028.6309755,54842.20247375,788.4,-1.790990797780943e-07,791.4,ASK
1456,1712190030.5864694,54842.20247375,788.4,-0.0,791.4,ASK
1457,1712190042.045909,55008.75810333,788.4,3.7140453412544944e-08,791.4,BID
1458,1712190042.0784066,56110.59415233,788.4,-2.456998334390824e-07,791.4,ASK
1459,1712190042.0959058,56110.5941531,788.4,-1.7170329681620746e-16,791.4,ASK
1460,1712190052.5954356,56364.2724881,788.4,-5.656805721066485e-08,791.4,ASK
1461,1712190052.5999844,56364.27248897,788.4,-1.94000972366583e-16,791.4,ASK
1462,1712190060.843543,56364.27248897,788.4,-0.0,791.4,ASK
1463,1712190080.3237123,57647.82531372,788.4,2.861445209966645e-07,791.4,BID
1464,1712190090.8150744,57647.82531372,788.4,0.0,791.4,BID
1465,1712190092.4531715,59711.90027952,789.7,4.600438084833012e-07,791.4,BID
1466,1712190092.7649508,59753.28474052,789.7,9.223824408475531e-09,791.4,BID
1467,1712190120.5641222,59753.28474052,789.7,0.0,791.4,BID
1468,1712190135.233946,59867.22321052,789.7,2.5385352337141723e-08,791.4,BID
1469,1712190143.15565,60169.10302752,789.7,6.725845553320859e-08,791.4,BID
1470,1712190150.579713,60169.10302752,789.7,0.0,791.4,BID
1471,1712190152.279668,60440.84385208,789.0,-6.053909563776386e-08,791.4,ASK
1472,1712190180.8049242,60440.84385208,789.0,-0.0,791.4,ASK
1473,1712190210.816501,60440.84385208,789.0,-0.0,791.4,ASK
1474,1712190212.3445654,60555.34185208,789.7,2.5506930395304528e-08,791.4,BID
1475,1712190212.9551551,60559.1283659,789.7,8.43528659431491e-10,791.4,BID
1476,1712190240.558746,60559.1283659,789.7,0.0,791.4,BID
1477,1712190270.5748167,60559.1283659,789.7,0.0,791.4,BID
1478,1712190300.7759864,60559.1283659,789.7,0.0,791.4,BID
1479,1712190315.821246,61205.63548103,790.0,1.4538555860943654e-07,791.4,BID
1480,1712190330.8079126,61205.63548103,790.0,0.0,791.4,BID
1481,1712190360.5694208,61205.63548103,790.0,0.0,791.4,BID
1482,1712190390.5661278,61205.63548103,790.0,0.0,791.4,BID
1483,1712190400.154425,61319.57395103,791.1,2.5619371189720377e-08,791.4,BID
1484,1712190420.8162117,61319.57395103,791.1,0.0,791.4,BID
1485,1712190450.794248,61319.57395103,791.1,0.0,791.4,BID
1486,1712190465.784392,61640.18953294,791.9,7.208981416928805e-08,791.9,BID
1487,1712190480.5566816,61640.18953294,791.9,0.0,791.9,BID
1488,1712190480.9839938,62007.48757764,791.9,8.258156423999548e-08,791.9,BID
1489,1712190485.354484,62386.22763572,792.1,8.515413269389845e-08,792.1,BID
1490,1712190485.5011296,62408.54957972,792.1,-5.018760864634744e-09,792.1,ASK
1491,1712190486.0340872,62408.54958041,792.1,-1.5513655331254127e-16,792.1,ASK
1492,1712190510.5868006,62408.54958041,792.1,-0.0,792.1,ASK
1493,1712190524.0974307,64507.34091258,791.1,-4.718178131580053e-07,792.1,ASK
1494,1712190524.104995,65346.98329341,791.1,-1.887554164559988e-07,792.1,ASK
1495,1712190524.153653,65346.98329367,791.1,-5.844897034791043e-17,792.1,ASK
1496,1712190540.584922,65346.98329367,791.1,-0.0,792.1,ASK
1497,1712190570.5783582,65346.98329367,791.1,-0.0,792.1,ASK
1498,1712190600.7184834,65346.98329367,791.1,-0.0,792.1,ASK
1499,1712190630.5682368,65346.98329367,791.1,-0.0,792.1,ASK
1500,1712190660.804867,65346.98329367,791.1,-0.0,792.1,ASK
1501,1712190682.7378747,65857.31493602,790.0,-1.178901608071741e-07,792.1,ASK
1502,1712190690.8182757,65857.31493602,790.0,-0.0,792.1,ASK
1503,1712190697.7584198,66711.09398602,790.0,-1.9721053518906602e-07,792.1,ASK
1504,1712190697.7688408,68336.61943602,790.0,-3.754727220794989e-07,792.1,ASK
1505,1712190697.771103,69369.71499874,790.0,-2.386300399681411e-07,792.1,ASK
1506,1712190701.8173687,69687.68981303,790.0,7.344755449641605e-08,792.1,BID
1507,1712190720.6851456,69687.68981303,790.0,0.0,792.1,BID
1508,1712190731.0314128,69713.00626872,790.0,-5.843648341972787e-09,792.1,ASK
1509,1712190742.5895896,70978.82905272,790.0,-2.921824169832164e-07,792.1,ASK
1510,1712190742.5942545,70978.82905353,790.0,-1.8696828062365183e-16,792.1,ASK
1511,1712190750.5334034,70978.82905353,790.0,-0.0,792.1,ASK
1512,1712190780.5898523,70978.82905353,790.0,-0.0,792.1,ASK
1513,1712190810.5348744,70978.82905353,790.0,-0.0,792.1,ASK
1514,1712190810.6391444,73619.01291053,790.0,6.092746398967478e-07,792.1,BID
1515,1712190810.7227728,73619.0129109,790.0,8.538412439213092e-17,792.1,BID
1516,1712190840.7908108,73619.0129109,790.0,0.0,792.1,BID
1517,1712190870.8012242,73619.0129109,790.0,0.0,792.1,BID
1518,1712190900.602041,73619.0129109,790.0,0.0,792.1,BID
1519,1712190930.582176,73619.0129109,790.0,0.0,792.1,BID
1520,1712190960.8260467,73619.0129109,790.0,0.0,792.1,BID
1521,1712190990.812775,73619.0129109,790.0,0.0,792.1,BID
1522,1712191020.535648,73619.0129109,790.0,0.0,792.1,BID
1523,1712191050.605106,73619.0129109,790.0,0.0,792.1,BID
1524,1712191080.8059263,73619.0129109,790.0,0.0,792.1,BID
1525,1712191085.594422,74423.0129109,792.8,-1.944932750608892e-07,792.8,ASK
1526,1712191110.8065405,74423.0129109,792.8,-0.0,792.8,ASK
1527,1712191140.5719326,74423.0129109,792.8,-0.0,792.8,ASK
1528,1712191170.598198,74423.0129109,792.8,-0.0,792.8,ASK
1529,1712191191.3445342,74460.87257773,792.4,9.157108666229798e-09,792.8,BID
1530,1712191200.675022,74460.87257773,792.4,0.0,792.8,BID
1531,1712191223.925289,74587.07146717,792.4,-3.0857836138730416e-08,792.8,ASK
1532,1712191230.581354,74587.07146717,792.4,-0.0,792.8,ASK
1533,1712191238.6050668,74587.07146806,792.4,-2.176176168667188e-16,792.8,ASK
1534,1712191238.608902,74839.46924606,792.4,-6.171416304303945e-08,792.8,ASK
1535,1712191260.659025,77997.1008084,792.4,-7.720772766394925e-07,792.8,ASK
1536,1712191260.807655,77997.1008084,792.4,-0.0,792.8,ASK
1537,1712191264.2350554,78628.0952554,792.4,-1.541835395967864e-07,792.8,ASK
1538,1712191264.2752435,78628.09525564,792.4,-5.864517537264233e-17,792.8,ASK
1539,1712191271.2753732,78640.71036854,792.7,3.0825037662115753e-09,792.8,BID
1540,1712191290.8181767,78640.71036854,792.7,0.0,792.8,BID
1541,1712191320.5991578,78640.71036854,792.7,0.0,792.8,BID
1542,1712191350.5675492,78640.71036854,792.7,0.0,792.8,BID
1543,1712191368.5309963,78653.66213663,792.6,3.164371147373362e-09,792.8,BID
1544,1712191372.3161137,79902.69926303,792.6,3.0516428469975344e-07,792.8,BID
1545,1712191380.8091538,79902.69926303,792.6,0.0,792.8,BID
1546,1712191390.0164893,82001.49059546,792.7,-5.126506330448905e-07,792.8,ASK
1547,1712191410.7992127,82001.49059546,792.7,-0.0,792.8,ASK
1548,1712191440.5676043,82001.49059546,792.7,-0.0,792.8,ASK
1549,1712191444.2462342,82153.33166847,792.8,3.707362461173572e-08,792.8,BID
1550,1712191444.248678,82168.51577577,792.8,3.707362460931967e-09,792.8,BID
1551,1712191470.5831158,82168.51577577,792.8,0.0,792.8,BID
1552,1712191497.7169886,84110.86952277,792.8,-4.742311428454618e-07,792.8,ASK
1553,1712191497.7364814,84110.86952321,792.8,-1.0742876894681094e-16,792.8,ASK
1554,1712191500.6086266,84110.86952321,792.8,-0.0,792.8,ASK
1555,1712191524.8418038,84140.56964351,792.8,7.281915838793855e-09,792.8,BID
1556,1712191530.6026397,84140.56964351,792.8,0.0,792.8,BID
1557,1712191543.827392,84266.72077256,792.7,-3.092972661942156e-08,792.8,ASK
1558,1712191560.8404367,84266.72077256,792.7,-0.0,792.8,ASK
1559,1712191590.8184626,84266.72077256,792.7,-0.0,792.8,ASK
1560,1712191620.5708606,84266.72077256,792.7,-0.0,792.8,ASK
1561,1712191649.3380206,84387.02065156,792.7,2.949439432277482e-08,792.8,BID
1562,1712191650.6043963,84387.02065156,792.7,0.0,792.8,BID
1563,1712191680.8326385,84387.02065156,792.7,0.0,792.8,BID
1564,1712191694.3578565,84397.02065156,791.0,-2.451681996610419e-09,792.8,ASK
1565,1712191710.807794,84397.02065156,791.0,-0.0,792.8,ASK
1566,1712191725.000585,84624.29337883,791.0,-5.571993732025511e-08,792.8,ASK
1567,1712191740.5425508,84624.29337883,791.0,-0.0,792.8,ASK
1568,1712191763.2441514,84634.29337883,792.6,2.45156919050688e-09,792.8,BID
1569,1712191763.246374,84634.29337953,792.7,1.7161115005749596e-16,792.8,BID
1570,1712191763.248571,84644.29337953,792.9,2.45156919050688e-09,792.9,BID
1571,1712191763.2507234,84654.29337953,792.7,2.45156919050688e-09,792.9,BID
1572,1712191763.2528937,85008.29337883,793.0,8.678554917233245e-08,793.0,BID
1573,1712191770.595169,85008.29337883,793.0,0.0,793.0,BID
1574,1712191800.6502717,85008.29337883,793.0,0.0,793.0,BID
1575,1712191811.6392722,85032.60359391,793.0,5.9931620189507705e-09,793.0,BID
1576,1712191826.0541842,85095.76680766,791.6,-1.5571535356461666e-08,793.0,ASK
1577,1712191830.5305822,85095.76680766,791.6,-0.0,793.0,ASK
1578,1712191831.448557,85137.36335766,791.6,-1.0254561924836673e-08,793.0,ASK
1579,1712191831.4790812,85178.95990766,791.6,-1.0254561924836673e-08,793.0,ASK
1580,1712191858.5412486,85185.48764993,794.0,1.609247337510087e-09,794.0,BID
1581,1712191858.545849,85186.51658272,794.0,2.5365697423230556e-10,794.0,BID
1582,1712191860.8327131,85186.51658272,794.0,0.0,794.0,BID
1583,1712191890.8087263,85186.51658272,794.0,0.0,794.0,BID
1584,1712191893.728943,85196.51658272,793.9,2.465199704546762e-09,794.0,BID
1585,1712191894.3331904,86062.76658272,793.9,-2.135479244063633e-07,794.0,ASK
1586,1712191894.4090366,86066.21670372,793.9,-8.505237269854702e-10,794.0,ASK
1587,1712191894.4129784,86186.51658272,793.9,-2.9656322616780723e-08,794.0,ASK
1588,1712191895.801344,86198.08210837,794.0,2.8511330415315672e-09,794.0,BID
1589,1712191895.8064637,86723.66587065,793.9,1.2956689354872385e-07,794.0,BID
1590,1712191895.8096964,86816.30569906,794.0,2.2837567762559377e-08,794.0,BID
1591,1712191905.8394327,86942.25028344,794.0,3.1047855220281934e-08,794.0,BID
1592,1712191920.5328372,86942.25028344,794.0,0.0,794.0,BID
1593,1712191921.509426,86952.25028344,794.0,2.4643528932877794e-09,794.0,BID
1594,1712191921.5145278,87111.4996238,794.0,3.924465726703592e-08,794.0,BID
1595,1712191921.5893986,89017.30622433,794.0,-4.6965800100630323e-07,794.0,ASK
1596,1712191921.6490707,90747.36952233,794.0,-4.263486493997318e-07,794.0,ASK
1597,1712191921.669055,90927.94554434,794.0,-4.450030422987192e-08,794.0,ASK
1598,1712191921.7291975,91177.2203716,794.0,-6.14301141781993e-08,794.0,ASK
1599,1712191950.609888,91177.2203716,794.0,-0.0,794.0,ASK
1600,1712191980.6218648,91177.2203716,794.0,-0.0,794.0,ASK
1601,1712192010.5616455,91177.2203716,794.0,-0.0,794.0,ASK
1602,1712192040.8097165,91177.2203716,794.0,-0.0,794.0,ASK
1603,1712192070.8417213,91177.2203716,794.0,-0.0,794.0,ASK
1604,1712192100.590248,91177.2203716,794.0,-0.0,794.0,ASK
1605,1712192130.5961487,91177.2203716,794.0,-0.0,794.0,ASK
1606,1712192160.8334675,91177.2203716,794.0,-0.0,794.0,ASK
1607,1712192190.9280005,91177.2203716,794.0,-0.0,794.0,ASK
1608,1712192220.57643,91177.2203716,794.0,-0.0,794.0,ASK
