,time,acc_trade_volume,trade_price,dev,high,ask_bid
0,1712173460.3118205,31378319.48140856,1222.0,0.0,1300.0,ASK
1,1712173470.9523332,31378319.48140856,1222.0,-0.0,1300.0,ASK
2,1712173500.702383,31378319.48140856,1222.0,-0.0,1300.0,ASK
3,1712173530.663991,31378319.48140856,1222.0,-0.0,1300.0,ASK
4,1712173560.972525,31378319.48140856,1222.0,-0.0,1300.0,ASK
5,1712173570.4348867,31379519.55140856,1223.0,-2.9096924310861665e-08,1300.0,ASK
6,1712173587.8823287,31379550.21916366,1223.0,-7.435710824818651e-10,1300.0,ASK
7,1712173590.962338,31379550.21916366,1223.0,-0.0,1300.0,ASK
8,1712173604.3824582,31380048.21916366,1223.0,-1.2074078599445418e-08,1300.0,ASK
9,1712173620.672085,31380048.21916366,1223.0,-0.0,1300.0,ASK
10,1712173641.6520593,31380151.11916366,1223.0,-2.4947878348982235e-09,1300.0,ASK
11,1712173650.676782,31380151.11916366,1223.0,-0.0,1300.0,ASK
12,1712173657.9122984,31381151.11916366,1223.0,-2.424470576333081e-08,1300.0,ASK
13,1712173663.4521646,31381262.34058789,1223.0,-2.696530705111758e-09,1300.0,ASK
14,1712173680.952379,31381262.34058789,1223.0,-0.0,1300.0,ASK
15,1712173683.3454185,31381373.1662135,1223.0,-2.6868461546928153e-09,1300.0,ASK
16,1712173683.3528068,31381484.12335703,1223.0,-2.690034662922833e-09,1300.0,ASK
17,1712173683.5123403,31381595.52029326,1223.0,-2.700696956220594e-09,1300.0,ASK
18,1712173687.9022768,31381701.36559057,1223.0,-2.566103538750317e-09,1300.0,ASK
19,1712173687.9256594,31381807.36992033,1223.0,-2.569959106738904e-09,1300.0,ASK
20,1712173710.96216,31381807.36992033,1223.0,-0.0,1300.0,ASK
21,1712173740.6426404,31381807.36992033,1223.0,-0.0,1300.0,ASK
22,1712173770.673828,31381807.36992033,1223.0,-0.0,1300.0,ASK
23,1712173800.6819663,31381807.36992033,1223.0,-0.0,1300.0,ASK
24,1712173830.6120024,31381807.36992033,1223.0,-0.0,1300.0,ASK
25,1712173860.9860375,31381807.36992033,1223.0,-0.0,1300.0,ASK
26,1712173872.7329247,31391688.86213111,1223.0,-2.396150941778515e-07,1300.0,ASK
27,1712173872.733987,31396065.99598644,1222.0,-1.0614058267727533e-07,1300.0,ASK
28,1712173872.734769,31397120.0860774,1223.0,-2.5560501494072243e-08,1300.0,ASK
29,1712173872.735562,31404422.59431097,1222.0,-1.7707762762914157e-07,1300.0,ASK
30,1712173884.9122698,31404504.49439287,1221.0,-1.9859850536424408e-09,1300.0,ASK
31,1712173884.9136603,31405487.29537567,1221.0,-2.3831820642896283e-08,1300.0,ASK
32,1712173884.9219325,31408214.34417539,1221.0,-6.612787229234087e-08,1300.0,ASK
33,1712173890.961979,31408214.34417539,1221.0,-0.0,1300.0,ASK
34,1712173920.6328096,31408214.34417539,1221.0,-0.0,1300.0,ASK
35,1712173950.6520228,31408214.34417539,1221.0,-0.0,1300.0,ASK
36,1712173974.371961,31408350.90218192,1224.0,3.308788689243616e-09,1300.0,BID
37,1712173980.9516597,31408350.90218192,1224.0,0.0,1300.0,BID
38,1712174005.0321765,31408432.80226382,1221.0,-1.9844238652147504e-09,1300.0,ASK
39,1712174005.0341952,31408588.45613225,1221.0,-3.771464497587075e-09,1300.0,ASK
40,1712174005.0356216,31409350.90218192,1221.0,-1.847392703178529e-08,1300.0,ASK
41,1712174010.972096,31409350.90218192,1221.0,-0.0,1300.0,ASK
42,1712174040.641641,31409350.90218192,1221.0,-0.0,1300.0,ASK
43,1712174070.6717527,31409350.90218192,1221.0,-0.0,1300.0,ASK
44,1712174100.971779,31409350.90218192,1221.0,-0.0,1300.0,ASK
45,1712174130.9520109,31409350.90218192,1221.0,-0.0,1300.0,ASK
46,1712174160.6991525,31409350.90218192,1221.0,-0.0,1300.0,ASK
47,1712174190.7037623,31409350.90218192,1221.0,-0.0,1300.0,ASK
48,1712174191.3825336,31409355.90218192,1221.0,-1.2115276447916348e-10,1300.0,ASK
49,1712174191.3844066,31409374.19491922,1221.0,-4.432431387920907e-10,1300.0,ASK
50,1712174191.386243,31410989.17293594,1221.0,-3.9131810259722094e-08,1300.0,ASK
51,1712174218.5720627,31412279.52559916,1221.0,3.126595846040597e-08,1300.0,BID
52,1712174218.672269,31416379.15991246,1221.0,9.933640608199253e-08,1300.0,BID
53,1712174220.7023451,31417404.63094454,1221.0,2.4847730085941854e-08,1300.0,BID
54,1712174220.703581,31417404.63094454,1221.0,0.0,1300.0,BID
55,1712174250.6920512,31417404.63094454,1221.0,0.0,1300.0,BID
56,1712174272.466356,31417445.5809855,1221.0,-9.920057648117095e-10,1300.0,ASK
57,1712174272.468628,31417514.23225495,1221.0,-1.6630619518893891e-09,1300.0,ASK
58,1712174274.2826738,31419834.6773159,1221.0,5.6212272888721846e-08,1300.0,BID
59,1712174280.9522932,31419834.6773159,1221.0,0.0,1300.0,BID
60,1712174310.9726124,31419834.6773159,1221.0,0.0,1300.0,BID
61,1712174340.6129932,31419834.6773159,1221.0,0.0,1300.0,BID
62,1712174364.0228355,31419890.11183365,1221.0,1.3427925236745143e-09,1300.0,BID
63,1712174370.6529715,31419890.11183365,1221.0,0.0,1300.0,BID
64,1712174392.0731382,31419972.07904676,1221.0,-1.985491801053585e-09,1300.0,ASK
65,1712174400.7327223,31419972.07904676,1221.0,-0.0,1300.0,ASK
66,1712174430.6432211,31419972.07904676,1221.0,-0.0,1300.0,ASK
67,1712174460.94293,31419972.07904676,1221.0,-0.0,1300.0,ASK
68,1712174488.9328527,31420911.56299415,1222.0,-2.2766096480324043e-08,1300.0,ASK
69,1712174490.9529808,31420911.56299415,1222.0,-0.0,1300.0,ASK
70,1712174493.127308,31420989.68799415,1222.0,-1.8931156970325008e-09,1300.0,ASK
71,1712174504.0629313,31421014.01334896,1224.0,5.894491011611949e-10,1300.0,BID
72,1712174520.6648011,31421014.01334896,1224.0,0.0,1300.0,BID
73,1712174529.9213142,31422014.01334895,1223.0,-2.4231807381285253e-08,1300.0,ASK
74,1712174529.9232547,31422014.01334896,1223.0,-2.7081155085812584e-19,1300.0,ASK
75,1712174532.1329994,31422386.40500881,1223.0,9.023722972034453e-09,1300.0,BID
76,1712174540.2133982,31423122.40866236,1222.0,-1.78346987649126e-08,1300.0,ASK
77,1712174540.8328855,31423234.25111039,1222.0,-2.7101446577365886e-09,1300.0,ASK
78,1712174540.8617437,31423346.4310383,1222.0,-2.718322405230964e-09,1300.0,ASK
79,1712174541.0531409,31423457.14981622,1222.0,-2.682916100013914e-09,1300.0,ASK
80,1712174541.133256,31423536.14981622,1222.0,-1.914312783142929e-09,1300.0,ASK
81,1712174542.962963,31424497.34796359,1222.0,-2.3291568362612584e-08,1300.0,ASK
82,1712174542.9730446,31425460.44908924,1222.0,-2.333768096571324e-08,1300.0,ASK
83,1712174550.643038,31425460.44908924,1222.0,-0.0,1300.0,ASK
84,1712174562.7835767,31425539.44908924,1221.0,-1.914060705446717e-09,1300.0,ASK
85,1712174569.2278948,31425618.44908924,1221.0,-1.914060705446717e-09,1300.0,ASK
86,1712174569.3642013,31425712.66910525,1221.0,-2.2828206368544784e-09,1300.0,ASK
87,1712174572.5553036,31425791.66910525,1221.0,-1.914060705446717e-09,1300.0,ASK
88,1712174573.082945,31425903.2636838,1221.0,-2.703782249899202e-09,1300.0,ASK
89,1712174576.6531768,31426014.83658041,1221.0,-2.703256926530126e-09,1300.0,ASK
90,1712174576.675454,31426124.9816401,1221.0,-2.6686624133098916e-09,1300.0,ASK
91,1712174576.776328,31426203.9816401,1221.0,-1.914060705446717e-09,1300.0,ASK
92,1712174580.9332027,31426203.9816401,1221.0,-0.0,1300.0,ASK
93,1712174587.0432563,31426282.9816401,1221.0,-1.91401860463966e-09,1300.0,ASK
94,1712174600.0562472,31426361.9816401,1221.0,-1.91401860463966e-09,1300.0,ASK
95,1712174605.1233923,31426440.9816401,1221.0,-1.91401860463966e-09,1300.0,ASK
96,1712174608.1530972,31426519.9816401,1221.0,-1.91401860463966e-09,1300.0,ASK
97,1712174610.983071,31426519.9816401,1221.0,-0.0,1300.0,ASK
98,1712174611.1629405,31426598.9816401,1221.0,-1.91400071243302e-09,1300.0,ASK
99,1712174614.2232883,31426677.9816401,1221.0,-1.91400071243302e-09,1300.0,ASK
100,1712174618.1016,31426759.9816401,1221.0,-1.986684283791237e-09,1300.0,ASK
101,1712174620.8831887,31426864.9816401,1221.0,-2.543924997537559e-09,1300.0,ASK
102,1712174640.5934849,31426864.9816401,1221.0,-0.0,1300.0,ASK
103,1712174647.1632197,31427240.9816401,1221.0,-9.109581305751483e-09,1300.0,ASK
104,1712174647.963585,31427988.04102667,1222.0,1.8099463356873143e-08,1300.0,BID
105,1712174648.045025,31428443.3716401,1222.0,1.1031572457562908e-08,1300.0,BID
106,1712174648.1233954,31429631.57167711,1223.0,2.87872469272331e-08,1300.0,BID
107,1712174663.3033533,31429741.23862418,1221.0,-2.656968007692415e-09,1300.0,ASK
108,1712174670.644816,31429741.23862418,1221.0,-0.0,1300.0,ASK
109,1712174675.1832862,31429815.87932586,1221.0,-1.8082117907958967e-09,1300.0,ASK
110,1712174700.9533732,31429815.87932586,1221.0,-0.0,1300.0,ASK
111,1712174712.24337,31429927.89588791,1221.0,-2.7144487409672236e-09,1300.0,ASK
112,1712174712.3235044,31430038.04998992,1221.0,-2.669316554913908e-09,1300.0,ASK
113,1712174714.933761,31431241.50998992,1221.0,-2.9162923963764364e-08,1300.0,ASK
114,1712174714.9735649,31431783.64005952,1221.0,-1.3137202730594465e-08,1300.0,ASK
115,1712174715.093607,31432131.97805163,1221.0,-8.441123408811277e-09,1300.0,ASK
116,1712174715.095237,31432745.77350245,1221.0,-1.4873838816079577e-08,1300.0,ASK
117,1712174715.1132443,31434263.8139907,1221.0,-3.678601642990522e-08,1300.0,ASK
118,1712174715.1946778,31434304.62294378,1221.0,-9.889056518052114e-10,1300.0,ASK
119,1712174715.1965249,31436056.36778507,1221.0,-4.2449272605972015e-08,1300.0,ASK
120,1712174715.2131517,31436453.50286623,1221.0,-9.623602093320586e-09,1300.0,ASK
121,1712174715.273417,31437460.12353305,1221.0,-2.439300181711053e-08,1300.0,ASK
122,1712174715.27556,31440343.43492338,1221.0,-6.98700337692672e-08,1300.0,ASK
123,1712174715.3938365,31443494.60223902,1221.0,-7.636087017684638e-08,1300.0,ASK
124,1712174715.3959072,31443658.40240282,1221.0,-3.969298291667916e-09,1300.0,ASK
125,1712174715.3978903,31444395.43028526,1221.0,-1.7860076857403476e-08,1300.0,ASK
126,1712174730.3434176,31444395.43028527,1221.0,-2.708200298728162e-19,1300.0,ASK
127,1712174730.9834807,31444395.43028527,1221.0,-0.0,1300.0,ASK
128,1712174738.716439,31445583.63032228,1221.0,2.8780720497678683e-08,1300.0,BID
129,1712174760.6435125,31445583.63032228,1221.0,0.0,1300.0,BID
130,1712174762.7034707,31446083.04637469,1221.0,-1.209648904367434e-08,1300.0,ASK
131,1712174763.4395936,31446089.60375173,1220.0,-1.5882797347368702e-10,1300.0,ASK
132,1712174763.4414833,31446194.52793016,1220.0,-2.541396434218133e-09,1300.0,ASK
133,1712174763.4545093,31446282.34166145,1220.0,-2.1269597429150886e-09,1300.0,ASK
134,1712174763.4565077,31447141.4400221,1220.0,-2.08084499024946e-08,1300.0,ASK
135,1712174763.461226,31450650.41868382,1220.0,-8.499190550899419e-08,1300.0,ASK
136,1712174763.5539246,31450721.34553157,1220.0,-1.7179380450407343e-09,1300.0,ASK
137,1712174777.9833658,31451023.74553156,1220.0,-7.324510834228699e-09,1300.0,ASK
138,1712174779.523503,31451235.54553156,1220.0,-5.130064136111352e-09,1300.0,ASK
139,1712174780.816646,31451384.04553156,1220.0,-3.5968579991022473e-09,1300.0,ASK
140,1712174787.1002247,31451545.87238964,1220.0,-3.919651373454236e-09,1300.0,ASK
141,1712174787.110191,31451815.87238964,1220.0,-6.53974181654954e-09,1300.0,ASK
142,1712174787.1113577,31451824.06911095,1220.0,-1.9853496702257127e-10,1300.0,ASK
143,1712174787.1124933,31466138.81621623,1220.0,-3.4672129717682545e-07,1300.0,ASK
144,1712174787.1137974,31471854.93360007,1220.0,-1.3845159956819825e-07,1300.0,ASK
145,1712174787.1736882,31472674.60573121,1220.0,-1.985349671064864e-08,1300.0,ASK
146,1712174787.1834087,31473835.99760314,1220.0,-2.8130381445392344e-08,1300.0,ASK
147,1712174787.1859205,31475204.3214044,1220.0,-3.3142534746973823e-08,1300.0,ASK
148,1712174789.1642263,31475312.12417786,1220.0,-2.6111196500625703e-09,1300.0,ASK
149,1712174789.1707208,31475576.05860408,1220.0,-6.392825940707409e-09,1300.0,ASK
150,1712174790.663427,31475576.05860408,1220.0,-0.0,1300.0,ASK
151,1712174811.483436,31476075.38435104,1220.0,-1.2083592204497176e-08,1300.0,ASK
152,1712174820.984755,31476075.38435104,1220.0,-0.0,1300.0,ASK
153,1712174835.223555,31476247.88435103,1219.0,-4.174407067534441e-09,1300.0,ASK
154,1712174836.1474812,31476259.40937153,1219.0,-2.7889928711138245e-10,1300.0,ASK
155,1712174836.1497643,31476268.51191459,1219.0,-2.2027663816557886e-10,1300.0,ASK
156,1712174836.1518326,31476346.0119146,1219.0,-1.875458248124821e-09,1300.0,ASK
157,1712174850.96335,31476346.0119146,1219.0,-0.0,1300.0,ASK
158,1712174862.1336317,31476428.04636907,1219.0,-1.9851737549149e-09,1300.0,ASK
159,1712174862.1364522,31476456.23348139,1219.0,-6.821074872427011e-10,1300.0,ASK
160,1712174880.633502,31476456.23348139,1219.0,-0.0,1300.0,ASK
161,1712174887.356476,31476557.22620169,1219.0,-2.443941965750121e-09,1300.0,ASK
162,1712174887.3583567,31476560.93348138,1219.0,-8.971316333593312e-11,1300.0,ASK
163,1712174891.4650676,31476642.92693912,1219.0,-1.9841752126688784e-09,1300.0,ASK
164,1712174891.4676826,31476692.15395885,1219.0,-1.1912539736458311e-09,1300.0,ASK
165,1712174891.4699633,31480294.56181277,1219.0,-8.717534992224245e-08,1300.0,ASK
166,1712174891.4722335,31480339.37270651,1218.0,-1.084387304426436e-09,1300.0,ASK
167,1712174891.4744732,31480474.02338941,1219.0,-3.258437377187064e-09,1300.0,ASK
168,1712174891.4767196,31480482.23357003,1218.0,-1.9867971579993647e-10,1300.0,ASK
169,1712174891.4780028,31480500.76720415,1219.0,-4.4849892215105025e-10,1300.0,ASK
170,1712174891.4790554,31480607.88769973,1218.0,-2.592229160249269e-09,1300.0,ASK
171,1712174891.482731,31480952.38236749,1219.0,-8.336491709492332e-09,1300.0,ASK
172,1712174891.4838338,31480960.59254811,1218.0,-1.9867971570978758e-10,1300.0,ASK
173,1712174891.4849143,31481060.78327821,1219.0,-2.4245344529241028e-09,1300.0,ASK
174,1712174891.4859898,31482418.56961378,1218.0,-3.2857328687638624e-08,1300.0,ASK
175,1712174891.4872177,31484988.88926712,1218.0,-6.21996520877225e-08,1300.0,ASK
176,1712174910.2694397,31485547.55099218,1218.0,-1.3519160890458268e-08,1300.0,ASK
177,1712174910.623412,31485547.55099218,1218.0,-0.0,1300.0,ASK
178,1712174927.2637424,31486524.68130858,1218.0,-2.363942455631807e-08,1300.0,ASK
179,1712174927.2662,31487563.79741313,1218.0,-2.5139028383957163e-08,1300.0,ASK
180,1712174932.945752,31487571.99413444,1220.0,1.98300852817864e-10,1300.0,BID
181,1712174940.9736376,31487571.99413444,1220.0,0.0,1300.0,BID
182,1712174970.9534411,31487571.99413444,1220.0,0.0,1300.0,BID
183,1712174983.4136782,31487900.53723993,1220.0,7.947871993564977e-09,1300.0,BID
184,1712174983.4162683,31488391.66626558,1220.0,1.188103041260613e-08,1300.0,BID
185,1712174983.513308,31488404.5059145,1220.0,3.1060729737246274e-10,1300.0,BID
186,1712174992.9234688,31488684.5059145,1220.0,-6.773553062012144e-09,1300.0,ASK
187,1712174994.5236733,31489006.55228342,1220.0,-7.790707743940373e-09,1300.0,ASK
188,1712174996.7769375,31489161.1930066,1220.0,-3.740954085742272e-09,1300.0,ASK
189,1712174996.779772,31489325.12743282,1220.0,-3.965780480999911e-09,1300.0,ASK
190,1712175000.7138927,31489325.12743282,1220.0,-0.0,1300.0,ASK
191,1712175030.7136817,31489325.12743282,1220.0,-0.0,1300.0,ASK
192,1712175037.2835915,31489491.21542908,1220.0,-4.0179294367492215e-09,1300.0,ASK
193,1712175037.4433992,31489808.05947578,1220.0,-7.664955028477228e-09,1300.0,ASK
194,1712175040.2936015,31490389.58244218,1220.0,-1.4067953720118181e-08,1300.0,ASK
195,1712175040.3734207,31490964.47169511,1220.0,-1.3907473774414745e-08,1300.0,ASK
196,1712175040.3832886,31491104.57127389,1220.0,-3.389228808409144e-09,1300.0,ASK
197,1712175040.593342,31491203.27127389,1220.0,-2.387707988149524e-09,1300.0,ASK
198,1712175042.3835597,31491463.29851121,1220.0,-6.290467190428688e-09,1300.0,ASK
199,1712175057.1436708,31491465.39217396,1218.0,-5.0648989591148327e-11,1300.0,ASK
200,1712175057.1457112,31491574.34314657,1218.0,-2.635695112640962e-09,1300.0,ASK
201,1712175058.3943298,31491615.32675312,1220.0,9.914577988385263e-10,1300.0,BID
202,1712175060.9535522,31491615.32675312,1220.0,0.0,1300.0,BID
203,1712175064.0535069,31491656.26939655,1220.0,9.903998985453667e-10,1300.0,BID
204,1712175074.0637343,31491697.17107685,1220.0,9.89409003031226e-10,1300.0,BID
205,1712175083.533579,31491738.03179403,1220.0,9.88418107877543e-10,1300.0,BID
206,1712175090.966239,31491738.03179403,1220.0,0.0,1300.0,BID
207,1712175093.1734214,31491778.85236734,1220.0,9.874434544943443e-10,1300.0,BID
208,1712175101.0435038,31491819.63197753,1220.0,9.864525627486863e-10,1300.0,BID
209,1712175112.6134737,31491860.37062459,1220.0,9.854616710030283e-10,1300.0,BID
210,1712175120.6453269,31491860.37062459,1220.0,0.0,1300.0,BID
211,1712175121.8934743,31491901.06830853,1220.0,9.844672249207767e-10,1300.0,BID
212,1712175123.2735765,31491911.06830853,1220.0,2.418976044003457e-10,1300.0,BID
213,1712175124.304011,31491974.28357459,1220.0,1.5291621421464828e-09,1300.0,BID
214,1712175124.4237542,31492015.18525489,1220.0,9.894018480972343e-10,1300.0,BID
215,1712175124.4270306,31492195.67100721,1220.0,4.365907111413151e-09,1300.0,BID
216,1712175124.4303184,31492318.21383414,1220.0,2.964281627127849e-09,1300.0,BID
217,1712175131.223552,31492358.91151808,1220.0,9.844672249207767e-10,1300.0,BID
218,1712175133.853527,31492775.5998952,1220.0,-1.007959202076004e-08,1300.0,ASK
219,1712175142.473673,31492816.25661601,1220.0,9.834763366625235e-10,1300.0,BID
220,1712175144.3390765,31493151.52985375,1220.0,8.110179302855322e-09,1300.0,BID
221,1712175144.3451295,31493608.91591481,1220.0,1.1064059245680816e-08,1300.0,BID
222,1712175144.6434052,31494625.69636884,1221.0,2.4595675603056528e-08,1300.0,BID
223,1712175145.9737778,31494797.0802853,1219.0,-4.145735882441757e-09,1300.0,ASK
224,1712175146.0942452,31494957.79028529,1219.0,3.887536400069242e-09,1300.0,BID
225,1712175146.1134677,31494957.7902853,1219.0,2.7034163966813583e-19,1300.0,BID
226,1712175146.376588,31495232.7902853,1219.0,-6.652184121009508e-09,1300.0,ASK
227,1712175150.6538825,31495232.7902853,1219.0,-0.0,1300.0,ASK
228,1712175180.963568,31495232.7902853,1219.0,-0.0,1300.0,ASK
229,1712175181.883438,31495295.95377793,1219.0,-1.5277576897907255e-09,1300.0,ASK
230,1712175183.6808848,31495570.95377793,1219.0,-6.651522061101802e-09,1300.0,ASK
231,1712175189.8539495,31495579.16729332,1219.0,-1.986631956867624e-10,1300.0,ASK
232,1712175189.857281,31495698.30755242,1219.0,-2.881687497299897e-09,1300.0,ASK
233,1712175189.9938283,31495909.11727055,1219.0,5.098929057635554e-09,1300.0,BID
234,1712175190.0334332,31495909.11727056,1219.0,1.802098225762032e-19,1300.0,BID
235,1712175194.9136176,31496006.57589237,1219.0,2.357266083713648e-09,1300.0,BID
236,1712175199.3434153,31496028.25752966,1219.0,5.244214136763538e-10,1300.0,BID
237,1712175201.9135754,31496303.25752966,1219.0,-6.651522061101802e-09,1300.0,ASK
238,1712175202.5134509,31496374.45868373,1219.0,-1.722167443854392e-09,1300.0,ASK
239,1712175205.1633291,31496441.76272881,1219.0,-1.6279066933039407e-09,1300.0,ASK
240,1712175205.7065148,31496445.86609222,1219.0,9.924949906882822e-11,1300.0,BID
241,1712175210.9767652,31496445.86609222,1219.0,0.0,1300.0,BID
242,1712175211.4140797,31496486.88331945,1219.0,9.920626690904275e-10,1300.0,BID
243,1712175213.1333234,31496620.85570979,1219.0,3.240321594788628e-09,1300.0,BID
244,1712175217.5401125,31496633.20786556,1219.0,2.987552657149236e-10,1300.0,BID
245,1712175217.5485086,31496754.69363086,1219.0,2.938313989597922e-09,1300.0,BID
246,1712175220.0037432,31496809.64552016,1219.0,1.329093204401069e-09,1300.0,BID
247,1712175233.0835855,31496809.64552017,1219.0,1.802033772794909e-19,1300.0,BID
248,1712175240.6435697,31496809.64552017,1219.0,0.0,1300.0,BID
249,1712175248.9539278,31496998.24687165,1219.0,-4.561555376426599e-09,1300.0,ASK
250,1712175270.663541,31496998.24687165,1219.0,-0.0,1300.0,ASK
251,1712175300.6837082,31496998.24687165,1219.0,-0.0,1300.0,ASK
252,1712175303.8535943,31497080.21408476,1220.0,1.982701966154992e-09,1300.0,BID
253,1712175308.2337549,31497242.99408476,1219.0,-3.9374795581173895e-09,1300.0,ASK
254,1712175330.238449,31497243.5137156,1219.0,-1.2569331632313672e-11,1300.0,ASK
255,1712175330.243467,31497517.99408476,1218.0,-6.639395765273647e-09,1300.0,ASK
256,1712175330.6535642,31497517.99408476,1218.0,-0.0,1300.0,ASK
257,1712175341.543317,31497666.92408476,1218.0,-3.6024072151126007e-09,1300.0,ASK
258,1712175341.9234583,31497674.95621327,1218.0,-1.942858906471096e-10,1300.0,ASK
259,1712175342.3934844,31497949.95621327,1218.0,-6.6518631851067454e-09,1300.0,ASK
260,1712175352.5085108,31498094.51303313,1218.0,-3.4966261388440874e-09,1300.0,ASK
261,1712175352.513341,31498231.22621327,1218.0,-3.306899526872278e-09,1300.0,ASK
262,1712175360.9735394,31498231.22621327,1218.0,-0.0,1300.0,ASK
263,1712175363.2140524,31498556.78176348,1221.0,7.874565364749544e-09,1300.0,BID
264,1712175363.221635,31498931.22621327,1220.0,9.05709422995256e-09,1300.0,BID
265,1712175367.9536638,31498994.51303313,1218.0,-1.5307869867235648e-09,1300.0,ASK
266,1712175367.9563558,31499097.54621327,1218.0,-2.492175332984864e-09,1300.0,ASK
267,1712175368.393445,31499158.32911714,1221.0,1.4702220536364152e-09,1300.0,BID
268,1712175368.9332273,31499303.41911714,1218.0,-3.509449272275436e-09,1300.0,ASK
269,1712175388.2338698,31499443.26935587,1218.0,-3.3827094805739942e-09,1300.0,ASK
270,1712175388.237532,31499452.35911714,1218.0,-2.1986391941823927e-10,1300.0,ASK
271,1712175389.369793,31499608.42911713,1218.0,-3.775034446801396e-09,1300.0,ASK
272,1712175389.6636448,31499658.42911713,1218.0,-1.209404256764436e-09,1300.0,ASK
273,1712175389.6672218,31499672.45063779,1218.0,-3.39153735524131e-10,1300.0,ASK
274,1712175389.6707408,31499760.36911713,1218.0,-2.1265796631996397e-09,1300.0,ASK
275,1712175390.3677304,31500049.03911713,1218.0,-6.9823745360470475e-09,1300.0,ASK
276,1712175390.9735718,31500049.03911713,1218.0,-0.0,1300.0,ASK
277,1712175420.6634047,31500049.03911713,1218.0,-0.0,1300.0,ASK
278,1712175450.6644232,31500049.03911713,1218.0,-0.0,1300.0,ASK
279,1712175475.5337386,31500865.99325308,1221.0,1.9759497065204386e-08,1300.0,BID
280,1712175480.9434676,31500865.99325308,1221.0,0.0,1300.0,BID
281,1712175492.233342,31501140.99325308,1218.0,-6.651206423686176e-09,1300.0,ASK
282,1712175498.828555,31501190.99325308,1218.0,-1.2093102588520319e-09,1300.0,ASK
283,1712175510.953307,31501190.99325308,1218.0,-0.0,1300.0,ASK
284,1712175514.803753,31501465.99325308,1218.0,-6.651142744918438e-09,1300.0,ASK
285,1712175540.6336708,31501465.99325308,1218.0,-0.0,1300.0,ASK
286,1712175557.1935563,31504173.10643393,1221.0,6.54736375647978e-08,1300.0,BID
287,1712175557.8837726,31506118.93606489,1221.0,4.706140287054469e-08,1300.0,BID
288,1712175557.886936,31506263.20090473,1221.0,3.48915734435492e-09,1300.0,BID
289,1712175557.9833276,31507400.44273888,1221.0,2.7505078176712413e-08,1300.0,BID
290,1712175558.1037245,31509057.50415661,1221.0,4.0077319062447664e-08,1300.0,BID
291,1712175558.1069927,31509098.16087741,1221.0,9.83314410700971e-10,1300.0,BID
292,1712175558.1832306,31509098.16087742,1221.0,2.7029712893081905e-19,1300.0,BID
293,1712175559.0836568,31509138.81759821,1221.0,-9.83314410430674e-10,1300.0,ASK
294,1712175559.3631165,31509179.4775982,1220.0,-9.833937205637495e-10,1300.0,ASK
295,1712175560.7934666,31509320.30214206,1220.0,-3.4059511106212478e-09,1300.0,ASK
296,1712175563.5036862,31509566.60756078,1220.0,5.957088100152448e-09,1300.0,BID
297,1712175570.7037892,31509566.60756078,1220.0,0.0,1300.0,BID
298,1712175598.113526,31509841.60756078,1220.0,-6.6494982536207595e-09,1300.0,ASK
299,1712175598.3933885,31510116.60756078,1220.0,-6.6494982536207595e-09,1300.0,ASK
300,1712175599.6534886,31510397.86756078,1220.0,-6.80086501390645e-09,1300.0,ASK
301,1712175600.7058237,31510397.86756078,1220.0,-0.0,1300.0,ASK
302,1712175606.2458265,31510689.19756077,1220.0,-7.045016597211842e-09,1300.0,ASK
303,1712175607.3862867,31510970.45756077,1220.0,-6.801501281129733e-09,1300.0,ASK
304,1712175611.5033894,31511265.41756077,1220.0,-7.132798186291742e-09,1300.0,ASK
305,1712175612.3733723,31511546.67756077,1220.0,-6.801501281039647e-09,1300.0,ASK
306,1712175629.2632768,31511835.16756077,1220.0,-6.976338990954528e-09,1300.0,ASK
307,1712175630.6133127,31511835.16756077,1220.0,-0.0,1300.0,ASK
308,1712175640.0968692,31512116.14756077,1220.0,-6.7944421397672305e-09,1300.0,ASK
309,1712175641.513321,31512403.74756077,1220.0,-6.954521885467862e-09,1300.0,ASK
310,1712175644.653514,31512690.56756077,1220.0,-6.935660525756144e-09,1300.0,ASK
311,1712175660.9732633,31512690.56756077,1220.0,-0.0,1300.0,ASK
312,1712175664.6633034,31512975.75756077,1220.0,-6.896071096079319e-09,1300.0,ASK
313,1712175665.4832249,31513052.42756077,1220.0,-1.853928156388921e-09,1300.0,ASK
314,1712175667.7421186,31515757.47395422,1220.0,-6.540969966457042e-08,1300.0,ASK
315,1712175672.913262,31515921.40838044,1220.0,3.964036110370426e-09,1300.0,BID
316,1712175673.013203,31516210.51607199,1220.0,6.990803307739669e-09,1300.0,BID
317,1712175690.9799352,31516210.51607199,1220.0,0.0,1300.0,BID
318,1712175720.6505277,31516210.51607199,1220.0,0.0,1300.0,BID
319,1712175744.7932067,31516300.68000642,1219.0,-2.179993490902113e-09,1300.0,ASK
320,1712175750.624802,31516300.68000642,1219.0,-0.0,1300.0,ASK
321,1712175780.9533532,31516300.68000642,1219.0,-0.0,1300.0,ASK
322,1712175801.5936618,31516900.68000642,1219.0,-1.4506827224879381e-08,1300.0,ASK
323,1712175806.3934474,31516919.1259183,1220.0,4.4598609442826874e-10,1300.0,BID
324,1712175810.943298,31516919.1259183,1220.0,0.0,1300.0,BID
325,1712175816.843172,31517469.1259183,1220.0,-1.3297682566973313e-08,1300.0,ASK
326,1712175840.6631074,31517469.1259183,1220.0,-0.0,1300.0,ASK
327,1712175860.001107,31517477.30922435,1222.0,1.9784952878997763e-10,1300.0,BID
328,1712175870.6831224,31517477.30922435,1222.0,0.0,1300.0,BID
329,1712175871.5130875,31517508.86331247,1220.0,-7.62889707336144e-10,1300.0,ASK
330,1712175871.593326,31517636.99009206,1220.0,3.097747619950913e-09,1300.0,BID
331,1712175879.3431444,31517636.99009208,1220.0,4.503355657822654e-19,1300.0,BID
332,1712175891.39319,31517677.90662235,1222.0,9.892474053178443e-10,1300.0,BID
333,1712175900.96306,31517677.90662235,1222.0,0.0,1300.0,BID
334,1712175907.493204,31517777.08654056,1220.0,-2.3988576902987433e-09,1300.0,ASK
335,1712175922.03308,31519034.86613022,1222.0,3.04218262707196e-08,1300.0,BID
336,1712175922.1930368,31519766.90983577,1222.0,1.77058895023094e-08,1300.0,BID
337,1712175928.2430582,31520041.90983577,1220.0,-6.651405614481526e-09,1300.0,ASK
338,1712175930.973147,31520041.90983577,1220.0,-0.0,1300.0,ASK
339,1712175940.0932653,31520141.90983577,1220.0,-2.4185240086199822e-09,1300.0,ASK
340,1712175940.0968606,31520322.89983577,1220.0,-4.3772866031616634e-09,1300.0,ASK
341,1712175941.7930727,31520597.89983577,1219.0,-6.650941023704952e-09,1300.0,ASK
342,1712175942.5235045,31520872.89983577,1219.0,-6.650941023704952e-09,1300.0,ASK
343,1712175960.6335793,31520872.89983577,1219.0,-0.0,1300.0,ASK
344,1712175990.6531386,31520872.89983577,1219.0,-0.0,1300.0,ASK
345,1712176020.9728663,31520872.89983577,1219.0,-0.0,1300.0,ASK
346,1712176050.962884,31520872.89983577,1219.0,-0.0,1300.0,ASK
347,1712176080.6628726,31520872.89983577,1219.0,-0.0,1300.0,ASK
348,1712176110.6936672,31520872.89983577,1219.0,-0.0,1300.0,ASK
349,1712176140.5056896,31521153.88983577,1220.0,-6.795644078611942e-09,1300.0,ASK
350,1712176140.9729528,31521153.88983577,1220.0,-0.0,1300.0,ASK
351,1712176143.3528605,31521315.67983576,1220.0,-3.9128016659898095e-09,1300.0,ASK
352,1712176144.6630523,31521627.03983576,1220.0,-7.530069391254975e-09,1300.0,ASK
353,1712176145.4030187,31521752.28309496,1220.0,-3.0289389535745963e-09,1300.0,ASK
354,1712176170.9737847,31521752.28309496,1220.0,-0.0,1300.0,ASK
355,1712176197.744617,31521764.15994342,1220.0,-2.8722993985373807e-10,1300.0,ASK
356,1712176197.7483652,31521846.12715653,1220.0,-1.9822967155055062e-09,1300.0,ASK
357,1712176197.751232,31522040.25651383,1220.0,-4.694828246118323e-09,1300.0,ASK
358,1712176201.0643556,31522040.25651383,1220.0,-0.0,1300.0,ASK
359,1712176201.104287,31522140.46651383,1220.0,-2.424374916671773e-09,1300.0,ASK
360,1712176209.65611,31522156.61925846,1220.0,-3.9078244598706817e-10,1300.0,ASK
361,1712176212.9648235,31522296.24308217,1220.0,-3.3779113458615567e-09,1300.0,ASK
362,1712176212.9684105,31522434.34925846,1220.0,-3.341194986863002e-09,1300.0,ASK
363,1712176215.098944,31522709.34925846,1220.0,-6.653059595637056e-09,1300.0,ASK
364,1712176227.934946,31522801.62925846,1220.0,-2.232524870884795e-09,1300.0,ASK
365,1712176230.0858998,31522853.07095102,1220.0,-1.2445259864850796e-09,1300.0,ASK
366,1712176230.9553225,31522853.07095102,1220.0,-0.0,1300.0,ASK
367,1712176260.6661313,31522853.07095102,1220.0,-0.0,1300.0,ASK
368,1712176270.685917,31522944.38095102,1219.0,-2.209004720040745e-09,1300.0,ASK
369,1712176271.6777723,31523219.38095102,1219.0,-6.652899988997298e-09,1300.0,ASK
370,1712176272.1017094,31523494.38095102,1219.0,-6.652899988997298e-09,1300.0,ASK
371,1712176273.685868,31523769.38095102,1219.0,-6.652899988997298e-09,1300.0,ASK
372,1712176274.806053,31524044.38095102,1219.0,-6.652899988997298e-09,1300.0,ASK
373,1712176276.3760717,31524319.38095102,1219.0,-6.652899988997298e-09,1300.0,ASK
374,1712176279.5312653,31524594.38095102,1219.0,-6.652899988997298e-09,1300.0,ASK
375,1712176279.6859243,31524869.38095102,1219.0,-6.652899988997298e-09,1300.0,ASK
376,1712176280.6534069,31525144.38095102,1219.0,-6.652899988997298e-09,1300.0,ASK
377,1712176281.1291232,31525425.38095102,1219.0,-6.798054170575421e-09,1300.0,ASK
378,1712176281.5359595,31525467.76095102,1219.0,-1.0252723691882394e-09,1300.0,ASK
379,1712176281.6760142,31525742.76095102,1219.0,-6.652899988997298e-09,1300.0,ASK
380,1712176281.8160274,31526017.76095102,1219.0,-6.652899988997298e-09,1300.0,ASK
381,1712176282.5188897,31526179.78095102,1219.0,-3.919646749870429e-09,1300.0,ASK
382,1712176288.8060467,31526493.40095102,1219.0,-7.587209071113717e-09,1300.0,ASK
383,1712176289.3860264,31526803.57095102,1219.0,-7.503745416634197e-09,1300.0,ASK
384,1712176290.6763616,31526803.57095102,1219.0,-0.0,1300.0,ASK
385,1712176291.256222,31527289.68095102,1219.0,-1.1758779944335985e-08,1300.0,ASK
386,1712176304.8311338,31527564.68095102,1219.0,-6.652125001895824e-09,1300.0,ASK
387,1712176305.5070553,31527666.26037019,1219.0,-2.457159977949039e-09,1300.0,ASK
388,1712176305.5116887,31527834.61095102,1219.0,-4.072324028450079e-09,1300.0,ASK
389,1712176306.671111,31528109.61095102,1219.0,-6.652125001895824e-09,1300.0,ASK
390,1712176309.6868322,31528384.61095102,1219.0,-6.652125001895824e-09,1300.0,ASK
391,1712176311.2265186,31528659.61095102,1219.0,-6.652125001895824e-09,1300.0,ASK
392,1712176312.3971894,31528667.81439646,1219.0,-1.9843761637008883e-10,1300.0,ASK
393,1712176312.401324,31528918.20406014,1219.0,-6.056812152695445e-09,1300.0,ASK
394,1712176312.4052792,31528934.61095102,1219.0,-3.9687523283029047e-10,1300.0,ASK
395,1712176313.7968545,31529008.66729883,1219.0,-1.7913893920516763e-09,1300.0,ASK
396,1712176320.9567337,31529008.66729883,1219.0,-0.0,1300.0,ASK
397,1712176350.9675715,31529008.66729883,1219.0,-0.0,1300.0,ASK
398,1712176356.247362,31529133.57915673,1218.0,-3.0213646107640804e-09,1300.0,ASK
399,1712176356.2588515,31529283.66729882,1218.0,-3.6303278858468086e-09,1300.0,ASK
400,1712176356.2626054,31529283.66729883,1219.0,-2.7032166029436524e-19,1300.0,ASK
401,1712176357.4003887,31529445.86729883,1218.0,-3.923289174506096e-09,1300.0,ASK
402,1712176363.8398044,31530245.79888441,1218.0,-1.934872336662368e-08,1300.0,ASK
403,1712176363.843816,31530747.73873902,1218.0,-1.2140907508362595e-08,1300.0,ASK
404,1712176380.7061126,31530747.73873902,1218.0,-0.0,1300.0,ASK
405,1712176405.9481757,31531347.73873902,1218.0,-1.4512040109565448e-08,1300.0,ASK
406,1712176409.831925,31531510.01873902,1218.0,-3.925023114905865e-09,1300.0,ASK
407,1712176410.3734396,31531672.25873902,1218.0,-3.924055645676954e-09,1300.0,ASK
408,1712176410.5412674,31531917.37873902,1218.0,-5.928652119453033e-09,1300.0,ASK
409,1712176410.6709704,31531917.37873902,1218.0,-0.0,1300.0,ASK
410,1712176411.9383276,31532067.53873902,1219.0,-3.631754765507495e-09,1300.0,ASK
411,1712176412.3381853,31532092.08865718,1222.0,5.937618692426725e-10,1300.0,BID
412,1712176428.9416318,31532180.60865718,1219.0,-2.1409358807189433e-09,1300.0,ASK
413,1712176430.22866,31532455.60865718,1219.0,-6.651122539546799e-09,1300.0,ASK
414,1712176430.37745,31532541.92865718,1219.0,-2.0877269004205887e-09,1300.0,ASK
415,1712176430.383047,31532730.60865718,1219.0,-4.563395639126211e-09,1300.0,ASK
416,1712176432.398732,31532892.81865718,1219.0,-3.923194862258384e-09,1300.0,ASK
417,1712176434.542004,31532952.10092953,1219.0,-1.4337951193560851e-09,1300.0,ASK
418,1712176440.978981,31532952.10092953,1219.0,-0.0,1300.0,ASK
419,1712176454.0217872,31533115.90109333,1221.0,3.9615335464089455e-09,1300.0,BID
420,1712176470.751315,31533346.54740872,1221.0,5.578218571701307e-09,1300.0,BID
421,1712176470.753315,31533933.67402504,1221.0,1.4199752506732402e-08,1300.0,BID
422,1712176470.9490626,31533933.67402504,1221.0,0.0,1300.0,BID
423,1712176488.0096962,31533940.23140208,1220.0,-1.5858663120610202e-10,1300.0,ASK
424,1712176488.0138364,31534104.1658283,1220.0,-3.9646657851978226e-09,1300.0,ASK
425,1712176489.3951342,31534248.5758283,1219.0,-3.492478055089544e-09,1300.0,ASK
426,1712176500.6496248,31534248.5758283,1219.0,-0.0,1300.0,ASK
427,1712176504.327005,31534256.77254961,1220.0,1.9826276804228888e-10,1300.0,BID
428,1712176529.2501743,31534392.9858283,1220.0,3.294734644507647e-09,1300.0,BID
429,1712176529.253616,31534420.70697583,1220.0,6.705207159777e-10,1300.0,BID
430,1712176530.6798947,31534420.70697583,1220.0,0.0,1300.0,BID
431,1712176558.5403492,31534440.36588477,1219.0,-4.75508408451315e-10,1300.0,ASK
432,1712176560.6306374,31534527.79528477,1219.0,2.114736630159866e-09,1300.0,BID
433,1712176560.9703853,31534527.79528477,1219.0,0.0,1300.0,BID
434,1712176562.763069,31534616.20848477,1219.0,2.138525967984111e-09,1300.0,BID
435,1712176565.534024,31534760.78848477,1218.0,-3.4970805768906287e-09,1300.0,ASK
436,1712176567.523191,31534905.36848477,1218.0,-3.4970805768005227e-09,1300.0,ASK
437,1712176567.8110216,31537664.0769813,1218.0,-6.672725065975643e-08,1300.0,ASK
438,1712176567.8143451,31538586.15564556,1218.0,-2.2303108224596483e-08,1300.0,ASK
439,1712176567.81759,31541054.07581439,1218.0,-5.969370374609334e-08,1300.0,ASK
440,1712176567.9119177,31541823.60254545,1218.0,-1.861320365584024e-08,1300.0,ASK
441,1712176567.9161406,31542165.6295722,1218.0,-8.272901314176e-09,1300.0,ASK
442,1712176567.9903314,31542464.97477518,1218.0,-7.2405194017718225e-09,1300.0,ASK
443,1712176567.9924445,31542629.17838765,1218.0,-3.971733737815743e-09,1300.0,ASK
444,1712176568.0706382,31542793.51692503,1217.0,-3.974997282465484e-09,1300.0,ASK
445,1712176568.0746596,31542963.33584447,1217.0,-4.107555988036143e-09,1300.0,ASK
446,1712176568.590475,31543296.69194447,1218.0,8.063170165195278e-09,1300.0,BID
447,1712176570.2607682,31543441.30194447,1217.0,-3.497806212583301e-09,1300.0,ASK
448,1712176574.9612708,31543585.88194447,1217.0,-3.4970805768906287e-09,1300.0,ASK
449,1712176575.345925,31543610.37174038,1217.0,-5.92355717263075e-10,1300.0,ASK
450,1712176575.3502476,31543631.46170788,1217.0,-5.101211489277888e-10,1300.0,ASK
451,1712176575.3529744,31543952.40627923,1217.0,-7.762961866860775e-09,1300.0,ASK
452,1712176575.3550577,31546885.99815621,1217.0,-7.095730511393788e-08,1300.0,ASK
453,1712176576.3907654,31547030.57815621,1217.0,-3.4970805768906287e-09,1300.0,ASK
454,1712176578.2614443,31547259.51815621,1217.0,-5.537568316968485e-09,1300.0,ASK
455,1712176578.540434,31547404.10815621,1217.0,-3.497322455424817e-09,1300.0,ASK
456,1712176579.546238,31547645.03815621,1217.0,-5.827580739922038e-09,1300.0,ASK
457,1712176580.3905785,31547789.6081562,1217.0,-3.496838697996013e-09,1300.0,ASK
458,1712176580.5306065,31547934.1681562,1217.0,-3.496596819642039e-09,1300.0,ASK
459,1712176581.391366,31548078.7281562,1217.0,-3.496596819732145e-09,1300.0,ASK
460,1712176582.400975,31548237.2481562,1217.0,-3.834259323832561e-09,1300.0,ASK
461,1712176582.540419,31548403.4281562,1217.0,-4.019538319676692e-09,1300.0,ASK
462,1712176584.262993,31548547.9581562,1217.0,-3.49587118385926e-09,1300.0,ASK
463,1712176586.7008326,31553478.11427782,1217.0,-1.1924991847928084e-07,1300.0,ASK
464,1712176591.001045,31553478.11427782,1217.0,-0.0,1300.0,ASK
465,1712176595.4011588,31553622.69427782,1217.0,-3.495130155881806e-09,1300.0,ASK
466,1712176608.0009491,31553627.61634508,1219.0,1.189878663557857e-10,1300.0,BID
467,1712176614.2711372,31553902.61634508,1217.0,-6.6479512579843985e-09,1300.0,ASK
468,1712176620.7141776,31553902.61634508,1217.0,-0.0,1300.0,ASK
469,1712176621.9473934,31554177.61634508,1217.0,-6.647868231586102e-09,1300.0,ASK
470,1712176625.264,31554452.61634508,1217.0,-6.647868231586102e-09,1300.0,ASK
471,1712176625.382911,31554727.61634508,1217.0,-6.647868231586102e-09,1300.0,ASK
472,1712176629.8212526,31555002.61634508,1217.0,-6.647868231586102e-09,1300.0,ASK
473,1712176631.3448062,31555050.38214471,1217.0,-1.154693606889816e-09,1300.0,ASK
474,1712176634.5414202,31555125.78214471,1217.0,-1.822724598823459e-09,1300.0,ASK
475,1712176638.0779574,31555270.13214471,1217.0,-3.489526469871253e-09,1300.0,ASK
476,1712176641.5114665,31555414.47214471,1217.0,-3.489284729348773e-09,1300.0,ASK
477,1712176642.6715498,31555558.7921447,1217.0,-3.488801247673425e-09,1300.0,ASK
478,1712176643.6612532,31555703.11214469,1217.0,-3.488801247673425e-09,1300.0,ASK
479,1712176643.8012002,31555847.43214468,1217.0,-3.488801247673425e-09,1300.0,ASK
480,1712176644.6813953,31556087.91214467,1217.0,-5.813379462765462e-09,1300.0,ASK
481,1712176645.5125625,31556232.22214467,1217.0,-3.4885595073310553e-09,1300.0,ASK
482,1712176646.2383635,31558134.45930336,1217.0,-4.598480718616553e-08,1300.0,ASK
483,1712176646.2420688,31559473.28592619,1217.0,-3.2364883540020235e-08,1300.0,ASK
484,1712176646.2456229,31561022.62352309,1217.0,-3.7453789783412813e-08,1300.0,ASK
485,1712176646.311577,31562328.01141153,1217.0,3.155653335800324e-08,1300.0,BID
486,1712176646.3746195,31562672.31863477,1217.0,8.323305641071376e-09,1300.0,BID
487,1712176646.3789368,31563788.77803056,1217.0,2.6989363451341523e-08,1300.0,BID
488,1712176646.431183,31564396.7418504,1217.0,1.4696957686770276e-08,1300.0,BID
489,1712176646.6586325,31564396.74185041,1217.0,2.7016624394815493e-19,1300.0,BID
490,1712176646.8212998,31564541.05185041,1217.0,-3.4885595072409997e-09,1300.0,ASK
491,1712176648.395876,31564685.36185041,1217.0,-3.4885595073310553e-09,1300.0,ASK
492,1712176649.4115264,31564893.93447318,1217.0,-5.0420484104794224e-09,1300.0,ASK
493,1712176649.4151745,31565259.04233557,1217.0,-8.826141670867754e-09,1300.0,ASK
494,1712176650.6536496,31565259.04233557,1217.0,-0.0,1300.0,ASK
495,1712176651.1614609,31565437.50191868,1217.0,4.312652917863117e-09,1300.0,BID
496,1712176656.4216745,31565581.80191868,1217.0,-3.4871526941952604e-09,1300.0,ASK
497,1712176667.6918037,31565586.36267401,1218.0,1.10215178289887e-10,1300.0,BID
498,1712176679.452041,31565678.4930909,1217.0,-2.2264229485949187e-09,1300.0,ASK
499,1712176679.456882,31565712.65267401,1217.0,-8.25500223577831e-10,1300.0,ASK
500,1712176680.620414,31565784.8607945,1217.0,-1.74498088643733e-09,1300.0,ASK
501,1712176680.8020313,31565911.1507945,1216.0,-3.05192317217275e-09,1300.0,ASK
502,1712176680.9717402,31565911.1507945,1216.0,-0.0,1300.0,ASK
503,1712176698.3921509,31565949.33447871,1216.0,-9.227289261741967e-10,1300.0,ASK
504,1712176698.3948822,31566037.4607945,1216.0,-2.129619035393174e-09,1300.0,ASK
505,1712176705.4221616,31566163.7607945,1216.0,-3.052106306238273e-09,1300.0,ASK
506,1712176710.982016,31566163.7607945,1216.0,-0.0,1300.0,ASK
507,1712176715.932223,31566168.68690287,1218.0,1.1904113072079555e-10,1300.0,BID
508,1712176719.4321933,31566442.05179066,1217.0,6.6059580732843745e-09,1300.0,BID
509,1712176719.5121691,31567756.00486716,1217.0,3.1752135410777765e-08,1300.0,BID
510,1712176719.5519843,31568009.17136576,1217.0,6.117856937840632e-09,1300.0,BID
511,1712176725.5421393,31568109.84788381,1217.0,-2.432883252036944e-09,1300.0,ASK
512,1712176725.962049,31568188.40788381,1216.0,-1.898429862191169e-09,1300.0,ASK
513,1712176726.0220363,31568289.08440185,1217.0,2.4328832517668753e-09,1300.0,BID
514,1712176736.0923564,31568289.08440186,1217.0,2.7006882692400163e-19,1300.0,BID
515,1712176736.096094,31568651.55139137,1218.0,8.759141508693747e-09,1300.0,BID
516,1712176740.66298,31568651.55139137,1218.0,0.0,1300.0,BID
517,1712176763.1101334,31568651.55139138,1218.0,2.7004906716730863e-19,1300.0,BID
518,1712176763.114885,31569571.79362281,1218.0,2.2236348155011923e-08,1300.0,BID
519,1712176763.2025423,31569571.79362282,1218.0,2.7004906716730863e-19,1300.0,BID
520,1712176770.6712964,31569571.79362282,1218.0,0.0,1300.0,BID
521,1712176777.6932254,31569653.89542905,1218.0,-1.983819956196321e-09,1300.0,ASK
522,1712176777.696115,31569698.09362282,1218.0,-1.067957732696054e-09,1300.0,ASK
523,1712176780.6826425,31569706.29706826,1219.0,1.9821925393979367e-10,1300.0,BID
524,1712176783.4029555,31569826.30248696,1218.0,-2.8996821800566435e-09,1300.0,ASK
525,1712176783.542982,31569952.60248696,1217.0,-3.051777688982389e-09,1300.0,ASK
526,1712176800.7038896,31569952.60248696,1217.0,-0.0,1300.0,ASK
527,1712176818.2832615,31570064.99248696,1217.0,-2.716422270220612e-09,1300.0,ASK
528,1712176821.9875686,31570069.91455422,1219.0,1.1896443737397682e-10,1300.0,BID
529,1712176827.4034598,31570344.91455422,1217.0,-6.646642266275528e-09,1300.0,ASK
530,1712176830.6471713,31570344.91455422,1217.0,-0.0,1300.0,ASK
531,1712176838.4133463,31570388.86685057,1217.0,-1.062297525303217e-09,1300.0,ASK
532,1712176838.4179964,31570471.22455422,1217.0,-1.990530462355789e-09,1300.0,ASK
533,1712176841.4131904,31570553.20538794,1217.0,-1.981421768949109e-09,1300.0,ASK
534,1712176849.3931935,31570553.20538795,1217.0,-2.701133042218317e-19,1300.0,ASK
535,1712176849.3970687,31570629.21538794,1216.0,-1.837110722154309e-09,1300.0,ASK
536,1712176851.5233495,31570716.6343682,1216.0,-2.1128581235966078e-09,1300.0,ASK
537,1712176851.527269,31570729.5274603,1216.0,-3.1161738903865365e-10,1300.0,ASK
538,1712176851.531029,31570754.19851293,1216.0,-5.962827959599129e-10,1300.0,ASK
539,1712176851.5348,31570904.21538794,1216.0,-3.6258072571964542e-09,1300.0,ASK
540,1712176860.9784744,31570904.21538794,1216.0,-0.0,1300.0,ASK
541,1712176867.5531702,31571185.23538794,1216.0,-6.791953249399928e-09,1300.0,ASK
542,1712176867.6333055,31571226.35380899,1216.0,-9.93788319238493e-10,1300.0,ASK
543,1712176867.6449056,31572820.68222306,1216.0,-3.853321490482697e-08,1300.0,ASK
544,1712176867.6488674,31573070.68222306,1216.0,-6.042232981114095e-09,1300.0,ASK
545,1712176867.6688838,31573158.06980258,1216.0,-2.11206446044502e-09,1300.0,ASK
546,1712176882.6937163,31573414.39394061,1216.0,-6.195080642651936e-09,1300.0,ASK
547,1712176882.703259,31574385.98473976,1216.0,-2.348231188315343e-08,1300.0,ASK
548,1712176883.6932309,31574512.50473976,1216.0,-3.057853267071417e-09,1300.0,ASK
549,1712176885.3807528,31574639.02473976,1216.0,-3.057853267071417e-09,1300.0,ASK
550,1712176885.5133748,31574765.54473976,1216.0,-3.057853267071417e-09,1300.0,ASK
551,1712176885.9431803,31575993.45967695,1216.0,-2.967739252598544e-08,1300.0,ASK
552,1712176890.987309,31575993.45967695,1216.0,-0.0,1300.0,ASK
553,1712176892.8341694,31576083.69827475,1216.0,-2.1806443683083923e-09,1300.0,ASK
554,1712176892.8392246,31584818.2636686,1216.0,-2.1107354613518135e-07,1300.0,ASK
555,1712176892.8441174,31585768.20154841,1216.0,-2.2955550489144463e-08,1300.0,ASK
556,1712176893.356286,31585850.30134841,1216.0,1.983967735312439e-09,1300.0,BID
557,1712176895.363599,31585962.83854841,1216.0,2.719497170732434e-09,1300.0,BID
558,1712176895.9837391,31585993.45964841,1216.0,7.399686043142529e-10,1300.0,BID
559,1712176897.953754,31586119.97964841,1215.0,-3.0573959725267082e-09,1300.0,ASK
560,1712176907.6987224,31586246.50964841,1215.0,-3.057637625651488e-09,1300.0,ASK
561,1712176912.6836634,31588640.77664141,1215.0,-5.7858222111769464e-08,1300.0,ASK
562,1712176915.1140354,31590108.68598585,1215.0,-3.54724953978528e-08,1300.0,ASK
563,1712176915.1204467,31590264.15326478,1215.0,-3.7569161592308855e-09,1300.0,ASK
564,1712176918.827221,31590390.66326478,1215.0,-3.0571543194019287e-09,1300.0,ASK
565,1712176920.122749,31590517.17326478,1215.0,-3.0571543193119062e-09,1300.0,ASK
566,1712176920.636606,31590517.17326478,1215.0,-0.0,1300.0,ASK
567,1712176921.6864126,31590643.68326478,1215.0,-3.05585047849895e-09,1300.0,ASK
568,1712176923.540347,31590770.19326478,1215.0,-3.055850478408966e-09,1300.0,ASK
569,1712176924.479164,31590970.19326478,1215.0,-4.831002258255248e-09,1300.0,ASK
570,1712176928.6185403,31590975.12744676,1216.0,1.19185221459163e-10,1300.0,BID
571,1712176928.622669,31590975.1274753,1216.0,6.893707122745636e-16,1300.0,BID
572,1712176932.114149,31591101.6274753,1215.0,-3.055608928346444e-09,1300.0,ASK
573,1712176932.2571397,31591312.4174753,1215.0,-5.0916348301565075e-09,1300.0,ASK
574,1712176935.2148287,31591412.4174753,1215.0,-2.415501129127624e-09,1300.0,ASK
575,1712176935.219678,31593410.73683413,1215.0,-4.826942667610027e-08,1300.0,ASK
576,1712176935.2236593,31594585.99071513,1215.0,-2.83882707656708e-08,1300.0,ASK
577,1712176936.3937528,31594712.46071513,1215.0,-3.0548842779789113e-09,1300.0,ASK
578,1712176937.1251998,31594982.46071513,1215.0,-6.521853048644585e-09,1300.0,ASK
579,1712176950.6961713,31594982.46071513,1215.0,-0.0,1300.0,ASK
580,1712176951.9539168,31595257.46071513,1215.0,-6.6417577101403076e-09,1300.0,ASK
581,1712176952.6739645,31595532.46071513,1215.0,-6.6417577101403076e-09,1300.0,ASK
582,1712176953.6951995,31595644.85071513,1215.0,-2.7144259965331927e-09,1300.0,ASK
583,1712176953.8040404,31595752.3870516,1215.0,-2.597201061354511e-09,1300.0,ASK
584,1712176953.8104374,31595771.76071513,1215.0,-4.679097422632932e-10,1300.0,ASK
585,1712176953.9439962,31595787.60301867,1215.0,-3.826208788613879e-10,1300.0,ASK
586,1712176953.9502423,31595898.24071513,1215.0,-2.672104630889576e-09,1300.0,ASK
587,1712176955.5541024,31596024.72071513,1215.0,-3.054725509750964e-09,1300.0,ASK
588,1712176967.5246928,31596074.72071513,1215.0,-1.207592310934601e-09,1300.0,ASK
589,1712176967.5302143,31596934.58168982,1215.0,-2.0767230030121217e-08,1300.0,ASK
590,1712176967.5347457,31597794.2045724,1215.0,-2.076147966610521e-08,1300.0,ASK
591,1712176980.7066746,31597794.2045724,1215.0,-0.0,1300.0,ASK
592,1712176983.8557625,31597803.2045724,1216.0,2.1734868270265046e-10,1300.0,BID
593,1712176994.5541189,31598071.5045724,1215.0,-6.479405729920341e-09,1300.0,ASK
594,1712177001.474419,31598101.5085724,1216.0,7.24592208439203e-10,1300.0,BID
595,1712177003.8046436,31598194.78902701,1215.0,-2.25270932569873e-09,1300.0,ASK
596,1712177003.8099942,31598383.7385724,1215.0,-4.56310386533085e-09,1300.0,ASK
597,1712177010.6743262,31598383.7385724,1215.0,-0.0,1300.0,ASK
598,1712177011.684386,31598556.40554767,1215.0,-4.169810046230931e-09,1300.0,ASK
599,1712177011.6897104,31598706.34833739,1215.0,-3.621033784526462e-09,1300.0,ASK
600,1712177016.14425,31598745.94787606,1216.0,9.563065195816836e-10,1300.0,BID
601,1712177017.404281,31598872.43787605,1215.0,-3.0546621430193394e-09,1300.0,ASK
602,1712177017.9443114,31598951.17803353,1216.0,1.9015303835144313e-09,1300.0,BID
603,1712177034.6046982,31598956.11224405,1216.0,1.1915840052921916e-10,1300.0,BID
604,1712177036.4145882,31598976.97927763,1216.0,5.03927089207066e-10,1300.0,BID
605,1712177040.963248,31598976.97927763,1216.0,0.0,1300.0,BID
606,1712177046.3848014,31599141.58833112,1216.0,3.975146573239932e-09,1300.0,BID
607,1712177053.1147532,31599268.07833111,1215.0,-3.054608961998157e-09,1300.0,ASK
608,1712177055.3957338,31599394.59833111,1215.0,-3.055333432669882e-09,1300.0,ASK
609,1712177057.394612,31599440.76833111,1215.0,-1.1149600426203783e-09,1300.0,ASK
610,1712177057.8245254,31599715.76833111,1215.0,-6.640979244286962e-09,1300.0,ASK
611,1712177057.9444134,31599990.76833111,1215.0,-6.640979244286962e-09,1300.0,ASK
612,1712177058.685277,31600634.83744515,1215.0,-1.5553634975381114e-08,1300.0,ASK
613,1712177058.6907935,31601327.76660614,1215.0,-1.6733557003253017e-08,1300.0,ASK
614,1712177059.6682663,31601602.76660614,1215.0,-6.640979244286962e-09,1300.0,ASK
615,1712177059.7246346,31602102.76660614,1215.0,-1.2074507716885384e-08,1300.0,ASK
616,1712177059.7344463,31602768.05240046,1215.0,-1.606599691484712e-08,1300.0,ASK
617,1712177059.7386246,31602868.05240046,1215.0,-2.4149015433770768e-09,1300.0,ASK
618,1712177059.7443464,31603098.50507536,1215.0,-5.565205202985715e-09,1300.0,ASK
619,1712177059.7545042,31604043.39267271,1215.0,-2.2818105171548498e-08,1300.0,ASK
620,1712177059.7571611,31604083.331894,1215.0,-9.64492871321061e-10,1300.0,ASK
621,1712177059.7599232,31604165.63642074,1215.0,-1.9875732865749846e-09,1300.0,ASK
622,1712177059.8145308,31604312.66642074,1215.0,-3.5506297391661422e-09,1300.0,ASK
623,1712177059.8372636,31604537.21983319,1215.0,-5.4227438230174555e-09,1300.0,ASK
624,1712177059.8408525,31605082.1931518,1215.0,-1.3160569082114384e-08,1300.0,ASK
625,1712177059.8643446,31605102.1931518,1215.0,-4.829803086754154e-10,1300.0,ASK
626,1712177059.87457,31606155.70296607,1215.0,-2.544122476443136e-08,1300.0,ASK
627,1712177059.8789766,31607651.56334581,1215.0,-3.612355539703189e-08,1300.0,ASK
628,1712177059.9948547,31607762.52721575,1215.0,-2.679668207783814e-09,1300.0,ASK
629,1712177060.000284,31607815.69089492,1215.0,-1.2838505088250551e-09,1300.0,ASK
630,1712177060.005767,31607832.15180026,1215.0,-3.975146570990879e-10,1300.0,ASK
631,1712177060.0147111,31608519.72886183,1215.0,-1.66043090717892e-08,1300.0,ASK
632,1712177060.474414,31608562.27622639,1215.0,1.0274769634021558e-09,1300.0,BID
633,1712177060.534567,31608837.27622639,1214.0,-6.640979244286962e-09,1300.0,ASK
634,1712177060.5550876,31608919.64854928,1214.0,-1.989210496808075e-09,1300.0,ASK
635,1712177060.560554,31610683.86370577,1214.0,-4.260405904252394e-08,1300.0,ASK
636,1712177060.565366,31610692.10093806,1214.0,-1.9892104970779607e-10,1300.0,ASK
637,1712177060.569666,31615821.66406533,1214.0,-1.238738991289889e-07,1300.0,ASK
638,1712177060.821786,31616216.11054452,1215.0,9.525494113759254e-09,1300.0,BID
639,1712177060.8294635,31616354.15163441,1215.0,3.3335564102158393e-09,1300.0,BID
640,1712177061.5545464,31616396.69896533,1215.0,-1.027476151044456e-09,1300.0,ASK
641,1712177061.9645784,31616543.72896533,1214.0,-3.550629739256104e-09,1300.0,ASK
642,1712177062.1044483,31616818.72896533,1214.0,-6.640979244286962e-09,1300.0,ASK
643,1712177062.2644873,31617131.44716533,1215.0,7.551836638176105e-09,1300.0,BID
644,1712177063.5246398,31617413.68716533,1214.0,-6.8158181160778405e-09,1300.0,ASK
645,1712177066.2546756,31617474.81716533,1214.0,-1.4762293134412178e-09,1300.0,ASK
646,1712177070.9767132,31617474.81716533,1214.0,-0.0,1300.0,ASK
647,1712177081.7551403,31617493.43825264,1214.0,-4.494370799257015e-10,1300.0,ASK
648,1712177081.7605107,31617658.18289843,1214.0,-3.976263647141714e-09,1300.0,ASK
649,1712177081.7648716,31619938.49553309,1214.0,-5.503744409953036e-08,1300.0,ASK
650,1712177086.4554048,31620299.57082028,1214.0,-8.714884368192039e-09,1300.0,ASK
651,1712177086.461167,31620858.73776454,1214.0,-1.3496008823224216e-08,1300.0,ASK
652,1712177089.4047685,31620985.38776454,1214.0,-3.0568143109715918e-09,1300.0,ASK
653,1712177090.5548587,31621046.14776454,1214.0,-1.4664985198723227e-09,1300.0,ASK
654,1712177091.39492,31621172.78776454,1214.0,-3.0565729518185475e-09,1300.0,ASK
655,1712177091.654688,31621772.78776454,1214.0,-1.4481552203746817e-08,1300.0,ASK
656,1712177091.664591,31621981.94314317,1214.0,-5.048157557172292e-09,1300.0,ASK
657,1712177093.3850763,31622000.32141578,1213.0,-4.4357652364386764e-10,1300.0,ASK
658,1712177093.39098,31622108.57314317,1213.0,-2.612755068931722e-09,1300.0,ASK
659,1712177094.5548084,31622136.09774719,1213.0,-6.643316500655591e-10,1300.0,ASK
660,1712177094.559218,31622383.57314317,1213.0,-5.973046443318399e-09,1300.0,ASK
661,1712177100.6970086,31622383.57314317,1213.0,-0.0,1300.0,ASK
662,1712177101.1247313,31622423.24261458,1214.0,9.574888709614948e-10,1300.0,BID
663,1712177102.1291423,31622490.96261458,1213.0,-1.6345351737897435e-09,1300.0,ASK
664,1712177102.9663017,31622765.96261458,1213.0,-6.6375837680945834e-09,1300.0,ASK
665,1712177111.3447638,31622809.76166673,1214.0,1.0571631912818601e-09,1300.0,BID
666,1712177113.3948677,31622918.29166673,1213.0,-2.6195526049426102e-09,1300.0,ASK
667,1712177114.395075,31622979.13166673,1213.0,-1.4684748961814015e-09,1300.0,ASK
668,1712177114.535126,31623149.80115316,1214.0,4.1193927739409774e-09,1300.0,BID
669,1712177115.9650629,31623258.33115316,1213.0,-2.6195526049426102e-09,1300.0,ASK
670,1712177117.5352588,31623531.08011281,1214.0,6.583251153939048e-09,1300.0,BID
671,1712177117.5565803,31623964.16143718,1214.0,1.0453140250526143e-08,1300.0,BID
672,1712177118.3357615,31624560.61246809,1214.0,1.4396340659023988e-08,1300.0,BID
673,1712177118.342824,31624815.07500584,1214.0,6.1418778551329084e-09,1300.0,BID
674,1712177118.3551023,31625570.23698219,1214.0,1.822709409634092e-08,1300.0,BID
675,1712177118.358249,31626006.45847548,1214.0,1.0528933466083424e-08,1300.0,BID
676,1712177118.535437,31626067.04847548,1214.0,-1.4624407291194972e-09,1300.0,ASK
677,1712177130.6702943,31626067.04847548,1214.0,-0.0,1300.0,ASK
678,1712177143.3251946,31626071.982686,1216.0,1.1908255125174262e-10,1300.0,BID
679,1712177160.6851935,31626071.982686,1216.0,0.0,1300.0,BID
680,1712177190.6555796,31626071.982686,1216.0,0.0,1300.0,BID
681,1712177191.2356331,31626079.81353956,1215.0,-1.8899029164569486e-10,1300.0,ASK
682,1712177194.3056183,31626141.04116087,1215.0,-1.47767110197513e-09,1300.0,ASK
683,1712177194.3108652,31626320.93772456,1213.0,-4.341634507831242e-09,1300.0,ASK
684,1712177200.435406,31626485.41140877,1216.0,3.969417805153908e-09,1300.0,BID
685,1712177208.255549,31626767.63140877,1215.0,-6.811114485240208e-09,1300.0,ASK
686,1712177208.3953118,31626906.49140877,1215.0,-3.351255607045533e-09,1300.0,ASK
687,1712177209.4254029,31627014.84140877,1215.0,-2.614925428704709e-09,1300.0,ASK
688,1712177210.525344,31627123.19140877,1215.0,-2.6149254286148032e-09,1300.0,ASK
689,1712177213.485649,31627127.69140877,1216.0,1.0860327114914039e-10,1300.0,BID
690,1712177220.9754434,31627127.69140877,1216.0,0.0,1300.0,BID
691,1712177233.410523,31627236.04140877,1215.0,-2.614844494512944e-09,1300.0,ASK
692,1712177233.5455534,31627511.04140877,1215.0,-6.636661153494881e-09,1300.0,ASK
693,1712177234.4140587,31627786.04140877,1215.0,-6.636661153494881e-09,1300.0,ASK
694,1712177235.405934,31628061.04140877,1215.0,-6.636661153494881e-09,1300.0,ASK
695,1712177235.5255675,31628169.41140877,1215.0,-2.615327160767864e-09,1300.0,ASK
696,1712177237.55569,31628277.76140877,1215.0,-2.6148444944230406e-09,1300.0,ASK
697,1712177238.4256172,31628386.11140877,1215.0,-2.614844494512944e-09,1300.0,ASK
698,1712177248.2722745,31628668.34140877,1215.0,-6.811145008559371e-09,1300.0,ASK
699,1712177250.7667787,31628673.27561929,1216.0,1.1907884830118982e-10,1300.0,BID
700,1712177250.9666986,31628673.27561929,1216.0,0.0,1300.0,BID
701,1712177251.4057992,31628781.69561929,1215.0,-2.6164152512016313e-09,1300.0,ASK
702,1712177253.2805133,31628890.08561929,1215.0,-2.615691284674149e-09,1300.0,ASK
703,1712177280.2862897,31629014.94047126,1216.0,3.0130247084736686e-09,1300.0,BID
704,1712177280.7058551,31629014.94047126,1216.0,0.0,1300.0,BID
705,1712177294.7362432,31629099.94557284,1216.0,2.051341223923308e-09,1300.0,BID
706,1712177294.742516,31629268.20245204,1216.0,4.060371273216316e-09,1300.0,BID
707,1712177296.9062362,31629390.33804159,1216.0,2.947373335252737e-09,1300.0,BID
708,1712177296.9108963,31630344.41701868,1216.0,2.3023812692342306e-08,1300.0,BID
709,1712177296.9165213,31631379.09867655,1216.0,2.4968914795260112e-08,1300.0,BID
710,1712177296.9263637,31631751.50536852,1216.0,8.9869100222502e-09,1300.0,BID
711,1712177296.930107,31632627.9274939,1216.0,2.114979927098404e-08,1300.0,BID
712,1712177296.9348352,31637884.83889772,1216.0,1.2685966928079304e-07,1300.0,BID
713,1712177299.1164544,31638139.30143547,1216.0,6.140684311311722e-09,1300.0,BID
714,1712177299.122754,31638300.37398585,1216.0,3.886999209538283e-09,1300.0,BID
715,1712177299.1280143,31641312.79514459,1216.0,7.269568051970632e-08,1300.0,BID
716,1712177310.6858485,31641312.79514459,1216.0,0.0,1300.0,BID
717,1712177317.01635,31641406.02630729,1216.0,2.2490407274475064e-09,1300.0,BID
718,1712177317.0222068,31641406.51222802,1216.0,1.1721998124511367e-11,1300.0,BID
719,1712177329.5831225,31641517.27513758,1216.0,2.671963831488013e-09,1300.0,BID
720,1712177329.6173418,31641627.57951259,1216.0,2.660902477577358e-09,1300.0,BID
721,1712177336.472707,31641660.48884504,1216.0,7.938807889237919e-10,1300.0,BID
722,1712177336.479282,31641739.47922881,1216.0,1.9055065391962686e-09,1300.0,BID
723,1712177341.0061278,31641739.47922881,1216.0,0.0,1300.0,BID
724,1712177343.8260164,31642491.55800053,1215.0,-1.8142373948824365e-08,1300.0,ASK
725,1712177357.216349,31642496.49221105,1216.0,1.1902781432782682e-10,1300.0,BID
726,1712177362.476003,31642573.64016714,1216.0,1.861037861147748e-09,1300.0,BID
727,1712177362.4859602,31643318.8606321,1216.0,1.7976931217813534e-08,1300.0,BID
728,1712177369.9362824,31643327.08431631,1216.0,1.9837969078601807e-10,1300.0,BID
729,1712177371.0065975,31643327.08431631,1216.0,0.0,1300.0,BID
730,1712177375.196164,31643410.34826302,1215.0,-2.008480223318821e-09,1300.0,ASK
731,1712177400.6861925,31643410.34826302,1215.0,-0.0,1300.0,ASK
732,1712177402.9863613,31643685.34826302,1215.0,-6.634110800120936e-09,1300.0,ASK
733,1712177404.5264144,31643793.71826302,1215.0,-2.6143221359684062e-09,1300.0,ASK
734,1712177404.9570224,31643856.11423341,1216.0,1.5052428402474299e-09,1300.0,BID
735,1712177406.4187002,31643964.48423341,1215.0,-2.6143221359684062e-09,1300.0,ASK
736,1712177408.526317,31644072.88423341,1215.0,-2.615045857265228e-09,1300.0,ASK
737,1712177409.3961785,31644181.30423341,1215.0,-2.615528337950038e-09,1300.0,ASK
738,1712177410.9362338,31644195.90678246,1215.0,-3.5227246677062744e-10,1300.0,ASK
739,1712177410.9488146,31644289.71423341,1215.0,-2.263014630837006e-09,1300.0,ASK
740,1712177413.3962257,31644398.12423341,1215.0,-2.615287097607633e-09,1300.0,ASK
741,1712177415.4063835,31644506.54423341,1215.0,-2.6155283380399075e-09,1300.0,ASK
742,1712177417.4163735,31644614.96423341,1215.0,-2.615528337950038e-09,1300.0,ASK
743,1712177418.5395713,31644723.38423341,1215.0,-2.6155283380399075e-09,1300.0,ASK
744,1712177420.376377,31644813.73423341,1215.0,-2.17960694827672e-09,1300.0,ASK
745,1712177424.384077,31644904.06423341,1215.0,-2.1791244675919102e-09,1300.0,ASK
746,1712177425.5166092,31644994.38423341,1215.0,-2.1788832271596367e-09,1300.0,ASK
747,1712177426.3972354,31645084.70423341,1215.0,-2.1788832271596367e-09,1300.0,ASK
748,1712177428.4301417,31645175.02423341,1215.0,-2.1788832270697676e-09,1300.0,ASK
749,1712177428.546481,31645195.90678246,1215.0,-5.037714334348745e-10,1300.0,ASK
750,1712177428.5561645,31645265.34423341,1215.0,-1.675111793724762e-09,1300.0,ASK
751,1712177430.6597936,31645265.34423341,1215.0,-0.0,1300.0,ASK
752,1712177434.3766434,31645319.56984804,1215.0,-1.3080697335896252e-09,1300.0,ASK
753,1712177444.826373,31645428.56974804,1216.0,2.6293749020762447e-09,1300.0,BID
754,1712177460.9894843,31645428.56974804,1216.0,0.0,1300.0,BID
755,1712177466.3867238,31645455.29014277,1216.0,6.445657196021597e-10,1300.0,BID
756,1712177469.706644,31645545.66014277,1214.0,-2.179960463386472e-09,1300.0,ASK
757,1712177482.0870523,31645849.73662196,1214.0,-7.335118983133651e-09,1300.0,ASK
758,1712177482.0948317,31646102.22869022,1214.0,-6.090768243174435e-09,1300.0,ASK
759,1712177488.1569786,31646263.3012406,1216.0,3.885490667046821e-09,1300.0,BID
760,1712177488.163623,31646677.88658495,1216.0,1.0000881480636878e-08,1300.0,BID
761,1712177490.9966486,31646677.88658495,1216.0,0.0,1300.0,BID
762,1712177520.6766224,31646677.88658495,1216.0,0.0,1300.0,BID
763,1712177550.6972249,31646677.88658495,1216.0,0.0,1300.0,BID
764,1712177574.8668385,31646965.31972125,1214.0,-6.933384210394331e-09,1300.0,ASK
765,1712177580.9777598,31646965.31972125,1214.0,-0.0,1300.0,ASK
766,1712177611.007055,31646965.31972125,1214.0,-0.0,1300.0,ASK
767,1712177611.5569923,31647006.08300919,1216.0,9.83272707189776e-10,1300.0,BID
768,1712177611.566754,31647060.83109028,1216.0,1.3206072578171771e-09,1300.0,BID
769,1712177615.0969014,31647187.30647683,1216.0,3.050779316772965e-09,1300.0,BID
770,1712177637.1202078,31647299.79078953,1216.0,2.7132932659489948e-09,1300.0,BID
771,1712177640.6759667,31647299.79078953,1216.0,0.0,1300.0,BID
772,1712177643.4199295,31647410.52457278,1216.0,2.671041619833952e-09,1300.0,BID
773,1712177656.2104723,31647571.59712316,1216.0,3.885277584327286e-09,1300.0,BID
774,1712177656.2158098,31647603.37705286,1216.0,7.665728778246767e-10,1300.0,BID
775,1712177656.2187896,31648329.79342704,1216.0,1.7522099506030514e-08,1300.0,BID
776,1712177656.2218924,31650727.25025599,1216.0,5.7829749729554055e-08,1300.0,BID
777,1712177667.628157,31650805.95035372,1216.0,1.898347824399229e-09,1300.0,BID
778,1712177667.6357565,31651714.12568344,1216.0,2.1906359853564828e-08,1300.0,BID
779,1712177667.6419787,31651875.19823382,1216.0,3.885277584237428e-09,1300.0,BID
780,1712177667.6456685,31653280.51392021,1216.0,3.389802621408183e-08,1300.0,BID
781,1712177670.68866,31653280.51392021,1216.0,0.0,1300.0,BID
782,1712177683.407522,31653639.41383662,1216.0,8.65561031209226e-09,1300.0,BID
783,1712177695.507548,31653697.64236854,1216.0,1.404300915922569e-09,1300.0,BID
784,1712177700.6533542,31653755.87090046,1216.0,-1.404300915922569e-09,1300.0,ASK
785,1712177700.9571424,31653755.87090046,1216.0,-0.0,1300.0,ASK
786,1712177704.8572917,31653814.09943238,1216.0,-1.404559408814586e-09,1300.0,ASK
787,1712177708.7074823,31653872.3279643,1216.0,-1.404559408814586e-09,1300.0,ASK
788,1712177713.1679397,31653929.78674227,1216.0,-1.385991790599056e-09,1300.0,ASK
789,1712177713.1763246,31653930.55649622,1216.0,-1.8567618305389213e-11,1300.0,ASK
790,1712177716.7698946,31653988.01527419,1216.0,-1.3859917905091967e-09,1300.0,ASK
791,1712177731.017287,31653988.01527419,1216.0,-0.0,1300.0,ASK
792,1712177760.6805878,31653988.01527419,1216.0,-0.0,1300.0,ASK
793,1712177790.6677349,31653988.01527419,1216.0,-0.0,1300.0,ASK
794,1712177820.7199109,31653988.01527419,1216.0,-0.0,1300.0,ASK
795,1712177837.087581,31654078.25527419,1216.0,-2.176709146421873e-09,1300.0,ASK
796,1712177838.087894,31654138.91527418,1216.0,-1.463200097461171e-09,1300.0,ASK
797,1712177850.6775544,31654138.91527418,1216.0,-0.0,1300.0,ASK
798,1712177871.6679573,31655919.85933911,1216.0,-4.295855581852236e-08,1300.0,ASK
799,1712177871.6761985,31656806.82948251,1217.0,-2.139480804868134e-08,1300.0,ASK
800,1712177880.987936,31656806.82948251,1217.0,-0.0,1300.0,ASK
1001,1712177881.5512292,31656880.04692115,1217.0,-1.7659562172655902e-09,1300.0,ASK
801,1712177881.5512292,31656880.04692115,1217.0,-1.76595621726559e-09,1300.0,ASK
802,1712177890.8109329,31656970.25692115,1217.0,-2.175805563866989e-09,1300.0,ASK
803,1712177910.9882786,31656970.25692115,1217.0,-0.0,1300.0,ASK
804,1712177919.6879754,31657060.47692115,1217.0,-2.176036318489619e-09,1300.0,ASK
805,1712177919.8278394,31657210.82692115,1217.0,-3.626325210512965e-09,1300.0,ASK
806,1712177921.1184986,31657361.18692115,1217.0,-3.626566402694805e-09,1300.0,ASK
807,1712177921.4181368,31657493.81692115,1217.0,-3.198932575070071e-09,1300.0,ASK
808,1712177922.5581691,31657584.06692115,1217.0,-2.176759895214842e-09,1300.0,ASK
809,1712177923.547994,31660866.27124325,1217.0,-7.91642186842717e-08,1300.0,ASK
810,1712177923.55344,31660900.79260436,1217.0,-8.32628414293807e-10,1300.0,ASK
811,1712177924.4079502,31660991.04260436,1217.0,-2.176759895214842e-09,1300.0,ASK
812,1712177925.5581343,31661081.29260436,1217.0,-2.176759895214842e-09,1300.0,ASK
813,1712177927.4278724,31661171.50260436,1217.0,-2.175795126307779e-09,1300.0,ASK
814,1712177928.392314,31661261.71260436,1217.0,-2.175795126217928e-09,1300.0,ASK
815,1712177929.857973,31661351.92260436,1217.0,-2.175795126307779e-09,1300.0,ASK
816,1712177930.8187034,31661442.13260436,1217.0,-2.175795126307779e-09,1300.0,ASK
817,1712177940.6418412,31661442.13260436,1217.0,-0.0,1300.0,ASK
818,1712177943.408383,31661532.34260436,1217.0,-2.1755095615473007e-09,1300.0,ASK
819,1712177943.527897,31661622.55260436,1217.0,-2.175509561457461e-09,1300.0,ASK
820,1712177970.6523964,31661622.55260436,1217.0,-0.0,1300.0,ASK
821,1712177974.1381292,31661712.76260436,1217.0,-2.1754980418712308e-09,1300.0,ASK
822,1712177979.9480965,31661802.98260436,1217.0,-2.175739201120539e-09,1300.0,ASK
823,1712177983.6480634,31662238.01257598,1217.0,-1.0491152326897544e-08,1300.0,ASK
824,1712177999.2593331,31662328.24257598,1217.0,-2.175980360459685e-09,1300.0,ASK
825,1712178000.842195,31662328.24257598,1217.0,-0.0,1300.0,ASK
826,1712178001.268145,31662418.48257598,1217.0,-2.176443473531856e-09,1300.0,ASK
827,1712178003.4184752,31662508.72257598,1217.0,-2.1764434736217044e-09,1300.0,ASK
828,1712178004.698347,31662598.96257598,1217.0,-2.176443473531856e-09,1300.0,ASK
829,1712178008.418383,31662749.32257598,1217.0,-3.6264410536890155e-09,1300.0,ASK
830,1712178010.3883886,31662839.53257598,1217.0,-2.17571992190626e-09,1300.0,ASK
831,1712178018.4289112,31662929.74257598,1217.0,-2.17571992190626e-09,1300.0,ASK
832,1712178030.6785228,31663175.25257598,1217.0,-5.921305819946492e-09,1300.0,ASK
833,1712178030.7017865,31663175.25257598,1217.0,-0.0,1300.0,ASK
834,1712178031.5203247,31663223.65623193,1217.0,-1.1673892071035442e-09,1300.0,ASK
835,1712178031.5245082,31663359.48257598,1217.0,-3.2758312357377505e-09,1300.0,ASK
1035,1712178031.5245082,31663359.48257598,1217.0,-3.27583123573775e-09,1300.0,ASK
836,1712178031.6779766,31663546.91257598,1217.0,-4.520397370669267e-09,1300.0,ASK
837,1712178032.5288084,31663655.27257598,1217.0,-2.613403719168789e-09,1300.0,ASK
838,1712178033.4086332,31663674.61350391,1217.0,-4.66460437347892e-10,1300.0,ASK
839,1712178033.4142144,31663763.63257598,1217.0,-2.146943281910743e-09,1300.0,ASK
840,1712178034.4111147,31663871.99257598,1217.0,-2.613403719168789e-09,1300.0,ASK
841,1712178034.5081542,31663920.99811767,1217.0,-1.1819053609489827e-09,1300.0,ASK
842,1712178034.518301,31663920.99811768,1217.0,-2.695373067839792e-19,1300.0,ASK
843,1712178035.3983376,31664029.35811768,1216.0,-2.613403719168789e-09,1300.0,ASK
844,1712178036.5425422,31664137.71811768,1216.0,-2.613403719168789e-09,1300.0,ASK
845,1712178037.4081228,31664318.28811768,1216.0,-4.354949331613907e-09,1300.0,ASK
846,1712178039.4185884,31664498.85811768,1216.0,-4.354949331613907e-09,1300.0,ASK
847,1712178040.3984635,31664528.85811768,1216.0,-7.235336985556935e-10,1300.0,ASK
848,1712178040.4055707,31664637.1593159,1216.0,-2.6119855501565237e-09,1300.0,ASK
849,1712178045.5189655,31664801.49785326,1217.0,-3.963482325079316e-09,1300.0,ASK
850,1712178045.5281682,31664801.49785328,1217.0,-4.492288446399653e-19,1300.0,ASK
851,1712178060.9686203,31664801.49785328,1217.0,-0.0,1300.0,ASK
852,1712178070.9793048,31664909.85785326,1217.0,2.613279025528884e-09,1300.0,BID
853,1712178070.987286,31665252.00472802,1217.0,8.251432739179317e-09,1300.0,BID
854,1712178074.548422,31665412.35822596,1215.0,-3.867187457676856e-09,1300.0,ASK
855,1712178074.5552747,31665442.35822596,1215.0,-7.23499176631358e-10,1300.0,ASK
856,1712178074.5618908,31665527.00472802,1215.0,-2.0413891514792366e-09,1300.0,ASK
857,1712178075.478464,31665543.00472802,1215.0,-3.8586622753672437e-10,1300.0,ASK
858,1712178090.978307,31665543.00472802,1215.0,-0.0,1300.0,ASK
859,1712178104.1193547,31665784.50510072,1215.0,-5.824050691989326e-09,1300.0,ASK
860,1712178104.126796,31665884.50510072,1215.0,-2.411611471595812e-09,1300.0,ASK
861,1712178104.1986916,31665966.14863842,1215.0,1.968924920994102e-09,1300.0,BID
862,1712178110.428686,31666056.57863842,1214.0,-2.1808202537569067e-09,1300.0,ASK
863,1712178115.4583943,31666073.03954376,1215.0,3.9697308149757007e-10,1300.0,BID
864,1712178120.6843328,31666073.03954376,1215.0,0.0,1300.0,BID
865,1712178130.4288802,31666081.26999643,1215.0,1.984834586609048e-10,1300.0,BID
866,1712178135.9687612,31666171.70999643,1214.0,-2.1810275469607547e-09,1300.0,ASK
867,1712178136.2785122,31666437.41999643,1214.0,-6.407793338347739e-09,1300.0,ASK
868,1712178137.3983588,31666527.90999643,1214.0,-2.182233334080401e-09,1300.0,ASK
869,1712178138.4286215,31666840.89999643,1214.0,-7.547985536683628e-09,1300.0,ASK
870,1712178139.4285676,31666931.37999643,1214.0,-2.1819921766385047e-09,1300.0,ASK
871,1712178140.4186325,31667021.84999643,1214.0,-2.1817510191966077e-09,1300.0,ASK
872,1712178142.3087246,31667112.31999643,1214.0,-2.181751019286445e-09,1300.0,ASK
873,1712178143.4432962,31667202.79999643,1214.0,-2.1819921765486663e-09,1300.0,ASK
874,1712178143.6882455,31667293.28999643,1214.0,-2.182233334080401e-09,1300.0,ASK
875,1712178144.6985848,31668019.06999643,1214.0,-1.7502721949109975e-08,1300.0,ASK
876,1712178144.978481,31668109.56999643,1214.0,-2.1824744914324603e-09,1300.0,ASK
877,1712178146.408595,31668200.07999643,1214.0,-2.182715648784519e-09,1300.0,ASK
878,1712178146.7284205,31668205.07999643,1215.0,1.2057870118411384e-10,1300.0,BID
879,1712178148.3794224,31668295.58999643,1214.0,-2.182715648874357e-09,1300.0,ASK
880,1712178150.3948176,31668386.09999643,1214.0,-2.182715648784519e-09,1300.0,ASK
881,1712178150.698558,31668386.09999643,1214.0,-0.0,1300.0,ASK
882,1712178151.388538,31668476.60999643,1214.0,-2.1825678483187e-09,1300.0,ASK
883,1712178152.41872,31668567.11999643,1214.0,-2.1825678482288677e-09,1300.0,ASK
884,1712178153.398582,31668657.62999643,1214.0,-2.1825678483187e-09,1300.0,ASK
885,1712178157.009786,31668667.62999643,1215.0,2.4114107261950876e-10,1300.0,BID
1085,1712178157.009786,31668667.62999643,1215.0,2.411410726195088e-10,1300.0,BID
886,1712178159.419253,31668758.05999643,1214.0,-2.180638719691031e-09,1300.0,ASK
887,1712178164.3989837,31669036.12999643,1214.0,-6.705409806337866e-09,1300.0,ASK
888,1712178180.9888902,31669036.12999643,1214.0,-0.0,1300.0,ASK
889,1712178185.009512,31669452.56157934,1214.0,-1.0041684768676442e-08,1300.0,ASK
890,1712178185.0180657,31669534.93390223,1214.0,-1.9862972312422403e-09,1300.0,ASK
891,1712178185.022741,31679031.13249518,1214.0,-2.289879939100811e-07,1300.0,ASK
892,1712178188.4087026,31679121.56249518,1214.0,-2.180597223882232e-09,1300.0,ASK
893,1712178188.5487354,31679830.85249518,1214.0,-1.7103569666378154e-08,1300.0,ASK
1094,1712178190.9585643,31679921.29249518,1214.0,-2.180838360405656e-09,1300.0,ASK
894,1712178190.9585643,31679921.29249518,1214.0,-2.1808383604056562e-09,1300.0,ASK
895,1712178193.5485168,31680647.20249518,1214.0,-1.7504338502641746e-08,1300.0,ASK
896,1712178193.6884997,31680905.03249517,1214.0,-6.217221964118799e-09,1300.0,ASK
897,1712178193.8191698,31681162.86249516,1214.0,-6.217221964118799e-09,1300.0,ASK
898,1712178195.1188457,31681260.84249516,1214.0,-2.362655269153342e-09,1300.0,ASK
899,1712178195.2793016,31681672.70410965,1214.0,-9.931486157109505e-09,1300.0,ASK
900,1712178195.2852829,31681986.84249516,1214.0,-7.57502257388373e-09,1300.0,ASK
901,1712178195.5383828,31682077.31249516,1214.0,-2.1815617698860955e-09,1300.0,ASK
1102,1712178196.567765,31682149.39249516,1214.0,-1.7381117758935102e-09,1300.0,ASK
902,1712178196.567765,31682149.39249516,1214.0,-1.73811177589351e-09,1300.0,ASK
903,1712178199.418501,31682239.86249516,1214.0,-2.1815617698860955e-09,1300.0,ASK
904,1712178200.538473,31682338.88544634,1214.0,-2.3878046272325036e-09,1300.0,ASK
905,1712178200.5471516,31682390.63249516,1214.0,-1.2478101404865378e-09,1300.0,ASK
906,1712178201.6887538,31683116.36249516,1214.0,-1.7499998045938773e-08,1300.0,ASK
907,1712178202.6747496,31683842.09249516,1214.0,-1.7499998045848938e-08,1300.0,ASK
908,1712178203.3982286,31684567.78249516,1214.0,-1.7499033500024742e-08,1300.0,ASK
909,1712178210.9780142,31684567.78249516,1214.0,-0.0,1300.0,ASK
910,1712178212.2541978,31684676.31249516,1214.0,-2.615864896329999e-09,1300.0,ASK
911,1712178213.4182663,31684784.84249516,1214.0,-2.615864896240209e-09,1300.0,ASK
912,1712178214.4720757,31684893.37249516,1214.0,-2.615864896329999e-09,1300.0,ASK
913,1712178215.2478182,31685266.00143144,1214.0,-8.981359566569573e-09,1300.0,ASK
914,1712178215.2526386,31685523.16489105,1214.0,-6.198331029260987e-09,1300.0,ASK
915,1712178215.6677525,31685631.69489105,1214.0,-2.615864896329999e-09,1300.0,ASK
916,1712178216.0482638,31686263.06750687,1214.0,-1.5217778146171933e-08,1300.0,ASK
917,1712178239.6974585,31686328.96536517,1214.0,-1.5883156203479034e-09,1300.0,ASK
918,1712178240.694726,31686328.96536517,1214.0,-0.0,1300.0,ASK
919,1712178244.123458,31686328.96536518,1214.0,-1.7956977721849629e-19,1300.0,ASK
920,1712178244.1281495,31686501.21536517,1213.0,-4.151474334405393e-09,1300.0,ASK
921,1712178244.9695864,31686609.85536517,1213.0,-2.6183812580337847e-09,1300.0,ASK
922,1712178245.1274495,31686781.99536517,1213.0,-4.1488231753725985e-09,1300.0,ASK
1123,1712178246.357414,31687195.36551761,1213.0,-9.96281903360122e-09,1300.0,ASK
923,1712178246.357414,31687195.36551761,1213.0,-9.962819033601221e-09,1300.0,ASK
924,1712178246.365321,31687759.52301475,1213.0,-1.3597012307963248e-08,1300.0,ASK
925,1712178246.3714516,31687800.74313016,1213.0,-9.934644481056211e-10,1300.0,ASK
926,1712178246.3749468,31687965.62359182,1213.0,-3.9738577931407635e-09,1300.0,ASK
927,1712178246.8369706,31688029.01359182,1213.0,-1.527790757946878e-09,1300.0,ASK
928,1712178247.1369016,31688092.40359182,1213.0,-1.527790758036663e-09,1300.0,ASK
929,1712178247.5369785,31688155.52359181,1213.0,-1.521283366948835e-09,1300.0,ASK
930,1712178248.4070916,31688336.78359181,1213.0,-4.3686283767412205e-09,1300.0,ASK
931,1712178249.4269435,31688508.82359181,1213.0,-4.14641303058511e-09,1300.0,ASK
932,1712178250.817285,31688617.61359181,1213.0,-2.6219964752150152e-09,1300.0,ASK
1132,1712178250.817285,31688617.61359181,1213.0,-2.621996475215015e-09,1300.0,ASK
933,1712178251.398387,31688798.87359181,1213.0,-4.3686283767412205e-09,1300.0,ASK
934,1712178252.4266987,31688907.63359181,1213.0,-2.621273431760812e-09,1300.0,ASK
935,1712178252.4867127,31690112.70067241,1213.0,-2.9043860996067567e-08,1300.0,ASK
936,1712178253.688075,31690221.46067241,1213.0,-2.621273431760812e-09,1300.0,ASK
937,1712178253.7894623,31690879.72831967,1213.0,-1.5865203151805932e-08,1300.0,ASK
938,1712178254.4169075,31691606.73831967,1213.0,-1.7521993358362574e-08,1300.0,ASK
939,1712178254.796811,31693151.89907268,1213.0,-3.724061079208164e-08,1300.0,ASK
940,1712178254.8171463,31693921.42580374,1213.0,-1.8546708120570786e-08,1300.0,ASK
941,1712178254.9368286,31694834.57841401,1213.0,-2.2008299710329043e-08,1300.0,ASK
942,1712178255.6966422,31695533.27841401,1213.0,-1.68396813792245e-08,1300.0,ASK
943,1712178256.426469,31695642.03841401,1213.0,-2.621273431760812e-09,1300.0,ASK
944,1712178257.687074,31695750.79841401,1213.0,-2.621273431850597e-09,1300.0,ASK
945,1712178258.556962,31695819.29332203,1213.0,-1.6508264307365683e-09,1300.0,ASK
946,1712178258.5632842,31695827.53734511,1213.0,-1.986928896031672e-10,1300.0,ASK
1146,1712178258.5632842,31695827.53734511,1213.0,-1.9869288960316717e-10,1300.0,ASK
947,1712178258.569281,31695932.05841401,1213.0,-2.5191090563116996e-09,1300.0,ASK
948,1712178259.39645,31696022.71841401,1213.0,-2.1850372317799206e-09,1300.0,ASK
949,1712178260.707784,31696517.95841401,1213.0,-1.1936000867741756e-08,1300.0,ASK
950,1712178261.4301596,31696581.95841401,1213.0,-1.542492641006894e-09,1300.0,ASK
951,1712178261.6664944,31696651.93965343,1213.0,-1.6866491689533303e-09,1300.0,ASK
952,1712178261.67397,31696672.56841401,1213.0,-4.971829904328466e-10,1300.0,ASK
953,1712178262.8368156,31696733.82717459,1213.0,-1.476424802971927e-09,1300.0,ASK
954,1712178262.846163,31696763.19841401,1213.0,-7.078893853537899e-10,1300.0,ASK
955,1712178263.1170416,31696827.54841401,1213.0,-1.550928147673315e-09,1300.0,ASK
956,1712178266.0964184,31696858.13937714,1213.0,-7.37286492308204e-10,1300.0,ASK
957,1712178266.102766,31697554.50841401,1213.0,-1.6783501793750412e-08,1300.0,ASK
958,1712178266.4010992,31697645.08841401,1213.0,-2.183109115931974e-09,1300.0,ASK
959,1712178267.7676466,31698825.50543441,1213.0,-2.8449758863827085e-08,1300.0,ASK
960,1712178268.1067398,31699551.98543441,1213.0,-1.7509219591240288e-08,1300.0,ASK
961,1712178268.266605,31699702.86543441,1213.0,-3.636426401148614e-09,1300.0,ASK
1162,1712178268.4142454,31699793.41543441,1213.0,-2.1823860725675562e-09,1300.0,ASK
962,1712178268.4142454,31699793.41543441,1213.0,-2.182386072567556e-09,1300.0,ASK
963,1712178269.3963768,31699899.37543441,1213.0,-2.553789378788588e-09,1300.0,ASK
964,1712178269.6964002,31700625.67543441,1213.0,-1.7504881330694638e-08,1300.0,ASK
965,1712178269.7964609,31704213.74781772,1213.0,-8.64777382290116e-08,1300.0,ASK
966,1712178270.6662436,31704213.74781772,1213.0,-0.0,1300.0,ASK
967,1712178270.7766647,31704983.27455874,1216.0,1.8537016047995905e-08,1300.0,BID
968,1712178270.782328,31705377.72103793,1216.0,9.501762999330866e-09,1300.0,BID
969,1712178270.876825,31705772.16751712,1216.0,-9.501762999241128e-09,1300.0,ASK
970,1712178270.8849974,31706526.64995587,1216.0,-1.8174616071827824e-08,1300.0,ASK
971,1712178271.986332,31706571.80995587,1213.0,-1.08785257237485e-09,1300.0,ASK
972,1712178272.9745016,31706636.27995587,1214.0,-1.553008311415654e-09,1300.0,ASK
973,1712178273.4164631,31706726.76995587,1214.0,-2.1798002496034603e-09,1300.0,ASK
974,1712178274.5566187,31706817.25995587,1214.0,-2.1798002496931982e-09,1300.0,ASK
975,1712178300.9753842,31706817.25995587,1214.0,-0.0,1300.0,ASK
976,1712178306.7198954,31706847.85575488,1214.0,-7.372332111786871e-10,1300.0,ASK
977,1712178306.7236338,31706855.85575488,1214.0,-1.927671733028553e-10,1300.0,ASK
978,1712178309.4107645,31706928.51575487,1213.0,-1.750807851347245e-09,1300.0,ASK
979,1712178309.6254892,31707335.35967902,1213.0,-9.803269154226483e-09,1300.0,ASK
980,1712178309.6924355,31709189.6632637,1213.0,-4.4681107558013486e-08,1300.0,ASK
981,1712178310.5285444,31709300.8532637,1213.0,-2.679222749885611e-09,1300.0,ASK
982,1712178310.6325338,31710386.40290639,1213.0,-2.6157292012737828e-08,1300.0,ASK
983,1712178310.6497405,31710549.94707786,1213.0,-3.940743455491587e-09,1300.0,ASK
984,1712178311.420496,31710622.58707786,1213.0,-1.7503259336042883e-09,1300.0,ASK
985,1712178311.5430105,31711026.30259311,1213.0,-9.727887336619349e-09,1300.0,ASK
986,1712178311.5472078,31711754.85259311,1213.0,-1.7555065513742355e-08,1300.0,ASK
987,1712178311.6353176,31714077.66540204,1213.0,-5.5970257411158736e-08,1300.0,ASK
988,1712178311.802086,31715139.68054128,1213.0,-2.5590207049535227e-08,1300.0,ASK
989,1712178312.400637,31715183.12054128,1213.0,-1.046725750977055e-09,1300.0,ASK
990,1712178314.2653089,31715255.73054128,1213.0,-1.749603056765442e-09,1300.0,ASK
991,1712178315.4154062,31715984.06054128,1213.0,-1.7549764416415488e-08,1300.0,ASK
992,1712178318.2655528,31716056.66054128,1213.0,-1.7493620977593175e-09,1300.0,ASK
993,1712178319.3950093,31716123.80054128,1213.0,-1.617798501958575e-09,1300.0,ASK
994,1712178320.6952095,31716196.40054128,1213.0,-1.7493620976695531e-09,1300.0,ASK
995,1712178320.9066715,31716796.40054128,1213.0,-1.4457537997714149e-08,1300.0,ASK
996,1712178322.4082658,31716869.00054128,1213.0,-1.7493620977593175e-09,1300.0,ASK
997,1712178323.6671944,31717279.47111562,1213.0,-9.890656542391711e-09,1300.0,ASK
998,1712178323.6728885,31717745.22951342,1213.0,-1.1222866223311914e-08,1300.0,ASK
999,1712178324.405187,31717817.82951342,1213.0,-1.7493620976695531e-09,1300.0,ASK
1000,1712178324.76516,31718300.62457519,1213.0,-1.1633379917767457e-08,1300.0,ASK
1201,1712178324.7848148,31719052.11270794,1213.0,-1.810778039007725e-08,1300.0,ASK
1202,1712178325.0249934,31720826.43756915,1213.0,-4.275394850205024e-08,1300.0,ASK
1203,1712178325.385041,31720899.03756915,1213.0,-1.7493620977593175e-09,1300.0,ASK
1204,1712178326.5551147,31720971.63756915,1213.0,-1.7493620977593175e-09,1300.0,ASK
1205,1712178326.6645887,31721366.08404834,1214.0,9.504541601503612e-09,1300.0,BID
1206,1712178326.666155,31721571.63756915,1214.0,4.952996396210535e-09,1300.0,BID
1207,1712178329.4269762,31721644.24756915,1213.0,-1.749603056675678e-09,1300.0,ASK
1208,1712178330.3955984,31722371.95756915,1213.0,-1.7534824960459382e-08,1300.0,ASK
1209,1712178330.5591724,31722444.54756915,1213.0,-1.7491211387531927e-09,1300.0,ASK
1210,1712178330.6950233,31722518.63756915,1213.0,-1.785264983837242e-09,1300.0,ASK
1211,1712178330.992457,31722518.63756915,1213.0,-0.0,1300.0,ASK
1212,1712178331.410144,31723172.25756915,1213.0,-1.5742335184388432e-08,1300.0,ASK
1213,1712178332.4151106,31723293.16756915,1213.0,-2.912098386148774e-09,1300.0,ASK
1214,1712178333.4428663,31723365.71756915,1213.0,-1.7473553710776851e-09,1300.0,ASK
1215,1712178333.704945,31723486.61756915,1213.0,-2.9118575376777236e-09,1300.0,ASK
1216,1712178335.0950873,31723564.09756915,1213.0,-1.866093647835835e-09,1300.0,ASK
1217,1712178337.164664,31727488.27962968,1213.0,-9.451330944848169e-08,1300.0,ASK
1218,1712178337.416718,31727560.80962968,1213.0,-1.746873674135583e-09,1300.0,ASK
1219,1712178337.5045753,31727893.93782211,1213.0,-8.023340265994083e-09,1300.0,ASK
1220,1712178337.516152,31728192.42738854,1213.0,-7.189074391558085e-09,1300.0,ASK
1221,1712178338.6120272,31729706.70525062,1213.0,-3.647114480470535e-08,1300.0,ASK
1222,1712178338.710981,31729784.08525062,1213.0,-1.863685163484219e-09,1300.0,ASK
1223,1712178338.7122717,31732166.06323237,1213.0,-5.7369566094510935e-08,1300.0,ASK
1224,1712178339.0451152,31733082.01910439,1213.0,-2.2060653516618583e-08,1300.0,ASK
1225,1712178339.0472286,31733106.71036572,1213.0,-5.946851564582064e-10,1300.0,ASK
1226,1712178339.0493903,31733500.2200206,1213.0,-9.477618318644816e-09,1300.0,ASK
1227,1712178339.051575,31735245.69200882,1213.0,-4.203941907167657e-08,1300.0,ASK
1228,1712178343.2644825,31735323.03200882,1212.0,-1.862721769779462e-09,1300.0,ASK
1229,1712178343.28803,31735327.24488011,1212.0,-1.0146634427930771e-10,1300.0,ASK
1230,1712178343.2893603,31738045.68347245,1212.0,-6.547316712919051e-08,1300.0,ASK
1231,1712178343.2907517,31748828.40800068,1212.0,-2.597002290704558e-07,1300.0,ASK
1232,1712178358.0351088,31748993.42450233,1212.0,-3.974396560606344e-09,1300.0,ASK
1233,1712178358.0394793,31750018.17697757,1212.0,-2.4681002641160843e-08,1300.0,ASK
1234,1712178358.0416803,31750947.89562443,1212.0,-2.2392127789958978e-08,1300.0,ASK
1235,1712178358.0473642,31750957.89562443,1211.0,-2.408484315726727e-10,1300.0,ASK
1236,1712178358.0495358,31754934.69260067,1212.0,-9.578053144108849e-08,1300.0,ASK
1237,1712178358.0517662,31756584.98223702,1211.0,-3.97469670554918e-08,1300.0,ASK
1238,1712178358.0539458,31756701.06144493,1212.0,-2.7957495163824442e-09,1300.0,ASK
1239,1712178358.0561662,31756860.53651473,1211.0,-3.840932043591825e-09,1300.0,ASK
1240,1712178358.058776,31757526.82527647,1211.0,-1.604746032401584e-08,1300.0,ASK
1241,1712178358.0623925,31757555.95785268,1211.0,-7.016535287503436e-10,1300.0,ASK
1242,1712178358.0657926,31757642.67048686,1211.0,-2.0884601939725583e-09,1300.0,ASK
1243,1712178359.764513,31757695.42528204,1211.0,-1.2705909676744595e-09,1300.0,ASK
1244,1712178359.7676692,31758242.67048686,1211.0,-1.3180314926685904e-08,1300.0,ASK
1245,1712178360.6704412,31758242.67048686,1211.0,-0.0,1300.0,ASK
1246,1712178362.0746725,31758287.72329039,1213.0,1.0839590902757884e-09,1300.0,BID
1247,1712178363.414521,31758619.26788752,1211.0,-7.976879388684204e-09,1300.0,ASK
1248,1712178363.4168837,31758775.83816002,1211.0,-3.7670412679893675e-09,1300.0,ASK
1249,1712178363.4239316,31759087.72329039,1211.0,-7.503877576756774e-09,1300.0,ASK
1250,1712178364.404224,31759141.89906009,1211.0,-1.303455355356854e-09,1300.0,ASK
1251,1712178364.4072516,31759362.72329039,1211.0,-5.312975287384826e-09,1300.0,ASK
1252,1712178365.7644114,31759542.72329038,1212.0,-4.330754602252938e-09,1300.0,ASK
1253,1712178366.2955291,31759890.82756895,1212.0,-8.375301147592661e-09,1300.0,ASK
1254,1712178366.53392,31759962.72329039,1212.0,-1.7297929252271583e-09,1300.0,ASK
1255,1712178368.4044807,31760017.28329039,1211.0,-1.3126998394876827e-09,1300.0,ASK
1256,1712178370.124688,31760119.58329038,1211.0,-2.461312198848942e-09,1300.0,ASK
1257,1712178370.540144,31760170.01329038,1211.0,-1.2133330811326947e-09,1300.0,ASK
1258,1712178371.7065952,31760224.59329038,1211.0,-1.3131810345223923e-09,1300.0,ASK
1259,1712178372.123994,31761987.09626694,1211.0,-4.240537709828753e-08,1300.0,ASK
1260,1712178372.3867128,31762344.14626694,1211.0,-8.590532949075806e-09,1300.0,ASK
1261,1712178373.2688234,31762515.08418858,1211.0,-4.112723282699544e-09,1300.0,ASK
1262,1712178373.434717,31762531.54509392,1211.0,-3.9604523089452174e-10,1300.0,ASK
1263,1712178373.4375196,31762600.54506401,1211.0,-1.66012187799775e-09,1300.0,ASK
1264,1712178373.439557,31762790.08418858,1211.0,-4.560263533849409e-09,1300.0,ASK
1265,1712178373.6937726,31762881.02418858,1211.0,-2.187993464217461e-09,1300.0,ASK
1266,1712178374.5455234,31762968.81336795,1211.0,-2.112185514485594e-09,1300.0,ASK
1267,1712178374.5469873,31763032.7225071,1211.0,-1.5376377695125971e-09,1300.0,ASK
1268,1712178374.8009822,31763240.30162423,1211.0,-4.994301205001551e-09,1300.0,ASK
1269,1712178374.8041396,31764002.15631662,1211.0,-1.83300317528533e-08,1300.0,ASK
1270,1712178374.9543798,31764010.42077942,1210.0,-1.9884089057455616e-10,1300.0,ASK
1271,1712178374.9574485,31764103.56540751,1210.0,-2.241036260068962e-09,1300.0,ASK
1272,1712178374.960192,31764108.56540751,1210.0,-1.2029873895893962e-10,1300.0,ASK
1273,1712178374.9637053,31764732.03631662,1210.0,-1.500055282864262e-08,1300.0,ASK
1274,1712178375.414252,31764858.52537394,1211.0,-3.043294817566707e-09,1300.0,ASK
1275,1712178378.2740126,31764877.990002,1210.0,-4.683140419705318e-10,1300.0,ASK
1276,1712178378.2771676,31764949.48537394,1210.0,-1.7201606171920095e-09,1300.0,ASK
1277,1712178379.8238406,31764956.2544648,1210.0,-1.6286261889733136e-10,1300.0,ASK
1278,1712178379.827066,31765040.44537394,1210.0,-2.0256120402652102e-09,1300.0,ASK
1279,1712178381.414366,31765131.40537394,1210.0,-2.1884746590729118e-09,1300.0,ASK
1280,1712178381.5595868,31765238.89909289,1210.0,-2.5862717671850235e-09,1300.0,ASK
1281,1712178381.5621572,31765406.40537394,1210.0,-4.030158875556657e-09,1300.0,ASK
1282,1712178382.3938437,31765817.17380378,1210.0,-9.882984822823554e-09,1300.0,ASK
1283,1712178382.3957398,31765881.77537394,1210.0,-1.554297484983769e-09,1300.0,ASK
1284,1712178386.419958,31765972.64537394,1210.0,-2.1863092818648652e-09,1300.0,ASK
1285,1712178387.4041977,31766063.51537394,1210.0,-2.1863092818648652e-09,1300.0,ASK
1286,1712178389.281678,31766759.47170949,1210.0,-1.6744533907389308e-08,1300.0,ASK
1287,1712178389.9392428,31766850.33170949,1210.0,-2.1860686843475107e-09,1300.0,ASK
1288,1712178390.3837762,31768101.02142627,1211.0,3.0091279151567726e-08,1300.0,BID
1289,1712178390.748472,31768101.02142627,1211.0,0.0,1300.0,BID
1290,1712178395.0265217,31768889.27083468,1210.0,-1.89596369920446e-08,1300.0,ASK
1291,1712178395.0874648,31769995.96610657,1211.0,2.6619164431990093e-08,1300.0,BID
1292,1712178403.2684307,31769995.96610658,1211.0,1.7920762386966602e-19,1300.0,BID
1293,1712178408.9532862,31770095.96610657,1211.0,-2.405284011427306e-09,1300.0,ASK
1294,1712178408.9566092,31770157.03421066,1211.0,-1.468861343827258e-09,1300.0,ASK
1295,1712178417.5230627,31770173.52225682,1213.0,3.965843381568087e-10,1300.0,BID
1296,1712178417.7032075,31770581.59225682,1211.0,-9.815242466169871e-09,1300.0,ASK
1297,1712178420.6930015,31770581.59225682,1211.0,-0.0,1300.0,ASK
1298,1712178422.1092305,31770944.92225682,1211.0,-8.738487167066e-09,1300.0,ASK
1299,1712178423.4370942,31771511.03878574,1211.0,-1.3615726813263322e-08,1300.0,ASK
1300,1712178424.9630437,31771632.09878574,1211.0,-2.911626500532566e-09,1300.0,ASK
1301,1712178425.2631023,31771763.98181581,1211.0,-3.171932309036833e-09,1300.0,ASK
1302,1712178425.2730124,31771930.29878574,1211.0,-4.000106535059155e-09,1300.0,ASK
1303,1712178432.8315709,31771976.98181581,1211.0,-1.1227783535936366e-09,1300.0,ASK
1304,1712178432.8342595,31771985.25431044,1211.0,-1.9896261843425307e-10,1300.0,ASK
1305,1712178433.125684,31772069.91431044,1210.0,-2.036166359972341e-09,1300.0,ASK
1306,1712178434.538642,31772191.09431044,1210.0,-2.914512632889289e-09,1300.0,ASK
1307,1712178435.54254,31772890.39431044,1210.0,-1.6818936162623073e-08,1300.0,ASK
1308,1712178438.9827895,31773619.39431044,1210.0,-1.7533253914684906e-08,1300.0,ASK
1309,1712178439.4224272,31773692.08431044,1210.0,-1.748274659830786e-09,1300.0,ASK
1310,1712178440.4424832,31773801.14431044,1210.0,-2.623013267458626e-09,1300.0,ASK
1311,1712178440.6725786,31774530.22431044,1210.0,-1.7535178002862993e-08,1300.0,ASK
1312,1712178445.2324846,31774639.17431044,1211.0,-2.620367646079365e-09,1300.0,ASK
1313,1712178450.636809,31774639.17431044,1211.0,-0.0,1300.0,ASK
1314,1712178454.4124177,31774748.13431044,1211.0,-2.6202986488830155e-09,1300.0,ASK
1315,1712178455.1783054,31775095.77473093,1211.0,-8.360147981800754e-09,1300.0,ASK
1316,1712178455.179903,31775145.77473093,1211.0,-1.2024131097932795e-09,1300.0,ASK
1317,1712178455.1814604,31777498.38877529,1211.0,-5.65762793844647e-08,1300.0,ASK
1318,1712178456.2824297,31777679.94877529,1211.0,-4.366202484338692e-09,1300.0,ASK
1319,1712178456.4024107,31777788.91877529,1211.0,-2.620539131454805e-09,1300.0,ASK
1320,1712178456.422255,31778151.32200947,1211.0,-8.715167996191834e-09,1300.0,ASK
1321,1712178457.682395,31778332.88200947,1211.0,-4.3662024842491056e-09,1300.0,ASK
1322,1712178458.0965152,31778441.83200947,1211.0,-2.620058166221638e-09,1300.0,ASK
1323,1712178461.3919442,31778550.81200947,1211.0,-2.620779614116182e-09,1300.0,ASK
1324,1712178461.4221013,31778963.69392525,1211.0,-9.92909256664834e-09,1300.0,ASK
1325,1712178462.632407,31781737.43843664,1211.0,-6.670373527420753e-08,1300.0,ASK
1326,1712178462.635285,31783963.69392525,1210.0,-5.353757570512041e-08,1300.0,ASK
1327,1712178464.962136,31784072.74392525,1210.0,-2.6224629924770597e-09,1300.0,ASK
1328,1712178473.4091413,31784181.86392525,1210.0,-2.6241463707483508e-09,1300.0,ASK
1329,1712178476.261947,31784264.4403084,1211.0,1.985818513204247e-09,1300.0,BID
1330,1712178476.8219028,31784373.5603084,1210.0,-2.624146370837937e-09,1300.0,ASK
1331,1712178480.4022748,31784482.6503084,1210.0,-2.623424922943393e-09,1300.0,ASK
1332,1712178480.972489,31784482.6503084,1210.0,-0.0,1300.0,ASK
1333,1712178481.8132384,31784591.7503084,1210.0,-2.622913673048791e-09,1300.0,ASK
1334,1712178483.3916895,31784700.8603084,1210.0,-2.623154086896649e-09,1300.0,ASK
1335,1712178487.1916487,31784803.39191808,1210.0,-2.465000558718647e-09,1300.0,ASK
1336,1712178487.29152,31785991.59195509,1210.0,-2.856595896841884e-08,1300.0,ASK
1337,1712178489.341606,31786093.94326419,1210.0,-2.460665885370144e-09,1300.0,ASK
1338,1712178489.3513718,31787209.82195509,1210.0,-2.6827254591028532e-08,1300.0,ASK
1339,1712178490.398872,31787435.76532603,1210.0,-5.431988606697684e-09,1300.0,ASK
1340,1712178491.4424636,31787442.37689627,1210.0,-1.589512188884215e-10,1300.0,ASK
1341,1712178491.4477322,31787593.92568569,1210.0,-3.6434408057730885e-09,1300.0,ASK
1342,1712178491.5975556,31787620.33930253,1211.0,6.350195853821531e-10,1300.0,BID
1343,1712178491.6032946,31788426.84397017,1211.0,1.938947864503449e-08,1300.0,BID
1344,1712178492.403441,31788525.51289739,1210.0,-2.372136373255985e-09,1300.0,ASK
1345,1712178492.4053624,31788537.55622193,1210.0,-2.8953804398915933e-10,1300.0,ASK
1346,1712178492.858796,31788800.75589018,1210.0,-6.3276811055136515e-09,1300.0,ASK
1347,1712178492.863747,31788894.69314413,1210.0,-2.258380456502973e-09,1300.0,ASK
1348,1712178493.1218514,31788985.83314413,1210.0,-2.191130633898777e-09,1300.0,ASK
1349,1712178493.3315852,31789181.69807159,1210.0,-4.7088615611782755e-09,1300.0,ASK
1350,1712178494.2574112,31789344.90055848,1210.0,-3.923611680492707e-09,1300.0,ASK
1351,1712178495.301694,31789581.90055848,1211.0,5.697805137720431e-09,1300.0,BID
1352,1712178495.3055346,31789968.42557468,1211.0,9.292591658905816e-09,1300.0,BID
1353,1712178495.4217904,31790219.43637629,1210.0,-6.034644029681579e-09,1300.0,ASK
1354,1712178495.4251628,31790332.47557468,1210.0,-2.7176174065689187e-09,1300.0,ASK
1355,1712178495.56174,31790340.74003748,1210.0,-1.9868902361052686e-10,1300.0,ASK
1356,1712178495.57047,31790817.92557468,1210.0,-1.1472194959942796e-08,1300.0,ASK
1357,1712178495.7014804,31791211.05072347,1210.0,-9.4512679010681e-09,1300.0,ASK
1358,1712178495.7044213,31791303.37557468,1210.0,-2.2196160824852246e-09,1300.0,ASK
1359,1712178496.7018073,31791319.79593592,1210.0,-3.9476801120111454e-10,1300.0,ASK
1360,1712178496.705686,31791329.71329129,1210.0,-2.3842682860131536e-10,1300.0,ASK
1361,1712178496.711623,31791768.62958418,1210.0,-1.0552149825492766e-08,1300.0,ASK
1362,1712178497.4115987,31791822.10352055,1210.0,-1.28558679068227e-09,1300.0,ASK
1363,1712178497.4152193,31791920.31958418,1210.0,-2.3612489112099384e-09,1300.0,ASK
1364,1712178498.5514307,31792650.55958418,1210.0,-1.7555971408358034e-08,1300.0,ASK
1365,1712178499.4019697,31792802.15958418,1210.0,-3.6446719783362095e-09,1300.0,ASK
1366,1712178500.4115577,31792862.15958418,1210.0,-1.4424823133469443e-09,1300.0,ASK
1367,1712178500.4218793,31792906.24401641,1210.0,-1.0598502297475176e-09,1300.0,ASK
1368,1712178500.4249294,31792910.74401641,1210.0,-1.0818617350102084e-10,1300.0,ASK
1369,1712178500.4279728,31792953.75958418,1210.0,-1.034153261830288e-09,1300.0,ASK
1370,1712178501.6517818,31793683.37958418,1210.0,-1.7541065757672145e-08,1300.0,ASK
1371,1712178502.401235,31793834.92958418,1210.0,-3.643469909813402e-09,1300.0,ASK
1372,1712178503.701295,31793986.47958418,1210.0,-3.643469909813402e-09,1300.0,ASK
1373,1712178503.9217515,31794552.5961131,1210.0,-1.3610218004361005e-08,1300.0,ASK
1374,1712178504.9513624,31795281.9861131,1210.0,-1.7535536242216463e-08,1300.0,ASK
1375,1712178505.4113004,31795433.5361131,1210.0,-3.643469909723842e-09,1300.0,ASK
1376,1712178506.541401,31795585.0861131,1210.0,-3.643469909813402e-09,1300.0,ASK
1377,1712178507.5413566,31795736.6361131,1210.0,-3.643469909813402e-09,1300.0,ASK
1378,1712178508.3912845,31795888.1861131,1210.0,-3.643469909813402e-09,1300.0,ASK
1379,1712178509.7017066,31796039.7361131,1210.0,-3.643469909813402e-09,1300.0,ASK
1380,1712178510.4015467,31796769.1261131,1210.0,-1.7535536242216463e-08,1300.0,ASK
1381,1712178510.9914544,31796769.1261131,1210.0,-0.0,1300.0,ASK
1382,1712178515.4013596,31796860.1261131,1210.0,-2.186983106256769e-09,1300.0,ASK
1383,1712178517.0917618,31796951.0861131,1210.0,-2.18602179493323e-09,1300.0,ASK
1384,1712178518.401198,31797042.0561131,1210.0,-2.186262122876026e-09,1300.0,ASK
1385,1712178519.524506,31797084.2977354,1210.0,-1.0151836741614927e-09,1300.0,ASK
1386,1712178519.5308726,31797335.6161131,1210.0,-6.0398796299022924e-09,1300.0,ASK
1387,1712178540.6660607,31797335.6161131,1210.0,-0.0,1300.0,ASK
1388,1712178544.7605002,31797418.19249625,1211.0,-1.984507472570234e-09,1300.0,ASK
1389,1712178545.1250997,31797548.63109274,1210.0,-3.134750634045211e-09,1300.0,ASK
1390,1712178546.0304391,31798129.16867957,1210.0,-1.3951703080344808e-08,1300.0,ASK
1391,1712178547.1133337,31798166.87411855,1210.0,-9.061516448446003e-10,1300.0,ASK
1392,1712178547.1153054,31798403.91922515,1210.0,-5.6967593811608316e-09,1300.0,ASK
1393,1712178547.1183362,31798486.56385324,1210.0,-1.986147561313146e-09,1300.0,ASK
1394,1712178549.5483754,31799051.41086923,1210.0,-1.3574621233240882e-08,1300.0,ASK
1395,1712178550.534757,31799246.74358116,1210.0,-4.694311032680294e-09,1300.0,ASK
1396,1712178551.6194522,31799383.47647952,1210.0,-3.286017723028403e-09,1300.0,ASK
1397,1712178554.3549814,31799496.20274398,1210.0,-2.7090810428223675e-09,1300.0,ASK
1398,1712178556.4946294,31799590.85097306,1210.0,-2.274622727493745e-09,1300.0,ASK
1399,1712178556.4988427,31799602.70274398,1210.0,-2.8482632759457644e-10,1300.0,ASK
1400,1712178559.381089,31799618.92575224,1210.0,-3.898775883763571e-10,1300.0,ASK
1401,1712178559.3851311,31799923.37258793,1210.0,-7.3165837176476245e-09,1300.0,ASK
1402,1712178559.3890903,31799994.1654451,1210.0,-1.70132123371857e-09,1300.0,ASK
1403,1712178559.5252392,31799999.1654451,1210.0,-1.201619274689353e-10,1300.0,ASK
1404,1712178559.5271242,31802770.08465326,1210.0,-6.659179858258762e-08,1300.0,ASK
1405,1712178559.5289595,31805511.54711495,1210.0,-6.588388269611295e-08,1300.0,ASK
1406,1712178567.8010273,31805622.15296061,1210.0,-2.658122320766743e-09,1300.0,ASK
1407,1712178570.6966095,31805622.15296061,1210.0,-0.0,1300.0,ASK
1408,1712178571.260244,31807957.63250325,1210.0,-5.6113623108921374e-08,1300.0,ASK
1409,1712178574.1895518,31808148.60880294,1211.0,4.5885103714249035e-09,1300.0,BID
1410,1712178574.195115,31808639.02691811,1211.0,1.1783077855297069e-08,1300.0,BID
1411,1712178575.2811935,31809175.71250324,1211.0,1.2894727657492356e-08,1300.0,BID
1412,1712178589.64002,31809199.41729267,1211.0,-5.69545395564814e-10,1300.0,ASK
1413,1712178589.6439035,31809924.16930447,1211.0,-1.741332368586581e-08,1300.0,ASK
1414,1712178589.69991,31810927.32216022,1211.0,2.4102348250327523e-08,1300.0,BID
1415,1712178600.6697197,31810927.32216022,1211.0,0.0,1300.0,BID
1416,1712178605.7996857,31810968.50832166,1214.0,9.896106253989375e-10,1300.0,BID
1417,1712178619.6805737,31811362.95480085,1211.0,-9.477659808809705e-09,1300.0,ASK
1418,1712178619.6838765,31811371.21926366,1210.0,-1.9857641314646917e-10,1300.0,ASK
1419,1712178619.687097,31811660.23660469,1211.0,-6.944435257078875e-09,1300.0,ASK
1420,1712178619.6902778,31812843.73183603,1210.0,-2.843672279949964e-08,1300.0,ASK
1421,1712178619.6923473,31812847.90194337,1211.0,-1.0019827997377988e-10,1300.0,ASK
1422,1712178619.6941862,31816485.88999151,1210.0,-8.74126527370154e-08,1300.0,ASK
1423,1712178630.6694436,31816485.88999151,1210.0,-0.0,1300.0,ASK
1424,1712178660.662068,31816485.88999151,1210.0,-0.0,1300.0,ASK
1425,1712178680.7820091,31816490.88999151,1211.0,-1.2011931531881802e-10,1300.0,ASK
1426,1712178680.7889774,31817401.23112359,1210.0,-2.1869910698361093e-08,1300.0,ASK
1427,1712178680.792471,31817483.73937441,1212.0,-1.982166919363537e-09,1300.0,ASK
1428,1712178680.7964368,31818310.1856554,1210.0,-1.9854432284055555e-08,1300.0,ASK
1429,1712178680.799434,31819826.71458101,1210.0,-3.64328832410634e-08,1300.0,ASK
1430,1712178680.8017702,31820374.13154387,1211.0,-1.3151070154578411e-08,1300.0,ASK
1431,1712178680.8041294,31822003.27166136,1210.0,-3.913823909423472e-08,1300.0,ASK
1432,1712178688.5693438,31822209.8832316,1210.0,-4.963608070812523e-09,1300.0,ASK
1433,1712178688.5716407,31822234.67662002,1210.0,-5.956329683507296e-10,1300.0,ASK
1434,1712178688.5737305,31822482.40576948,1211.0,-5.951411163459211e-09,1300.0,ASK
1435,1712178688.5770676,31823017.91210633,1210.0,-1.2864930906331933e-08,1300.0,ASK
