,time,acc_trade_volume,trade_price,dev,high,ask_bid
0,1712173460.2368958,12781864.84270178,519.9,0.0,535.6,BID
1,1712173470.1923745,12781864.84270178,519.9,0.0,535.6,BID
2,1712173500.1635852,12781864.84270178,519.9,0.0,535.6,BID
3,1712173530.133517,12781864.84270178,519.9,0.0,535.6,BID
4,1712173549.8924403,12782057.96746038,518.2,-2.6441971948842843e-08,535.6,ASK
5,1712173560.2124226,12782057.96746038,518.2,-0.0,535.6,ASK
6,1712173590.202125,12782057.96746038,518.2,-0.0,535.6,ASK
7,1712173620.1350224,12782057.96746038,518.2,-0.0,535.6,ASK
8,1712173650.1432748,12782057.96746038,518.2,-0.0,535.6,ASK
9,1712173669.7724996,12783911.2055373,520.0,2.537354513968428e-07,535.6,BID
10,1712173669.7737238,12787824.3155373,520.0,5.3576210449208e-07,535.6,BID
11,1712173680.207943,12787824.3155373,520.0,0.0,535.6,BID
12,1712173710.2024057,12787824.3155373,520.0,0.0,535.6,BID
13,1712173740.1340475,12787824.3155373,520.0,0.0,535.6,BID
14,1712173766.8420055,12792400.06245822,519.8,6.262297181655339e-07,535.6,BID
15,1712173768.0922942,12795092.27088102,519.8,3.6845152299480177e-07,535.6,BID
16,1712173769.612001,12797467.74890112,519.8,3.251042849931491e-07,535.6,BID
17,1712173770.1233065,12797467.74890112,519.8,0.0,535.6,BID
18,1712173800.153437,12797467.74890112,519.8,0.0,535.6,BID
19,1712173830.1233408,12797467.74890112,519.8,0.0,535.6,BID
20,1712173860.1932929,12797467.74890112,519.8,0.0,535.6,BID
21,1712173890.2027123,12797467.74890112,519.8,0.0,535.6,BID
22,1712173895.786125,12799391.56575375,519.8,-2.6313729622957785e-07,535.6,ASK
23,1712173920.13212,12799391.56575375,519.8,-0.0,535.6,ASK
24,1712173938.311929,12801315.38260639,519.9,2.631013095582447e-07,535.6,BID
25,1712173938.3217995,12803160.5712769,520.1,2.523481145965374e-07,535.6,BID
26,1712173939.202021,12809214.5422341,520.2,-8.279414356315118e-07,535.6,ASK
27,1712173945.16167,12809304.5422341,520.4,1.2308405463723533e-08,535.6,BID
28,1712173948.479138,12813149.21735906,520.2,-5.257980034922208e-07,535.6,ASK
29,1712173950.1318874,12813149.21735906,520.2,-0.0,535.6,ASK
30,1712173953.29191,12814099.62738832,520.2,-1.2985105415267594e-07,535.6,ASK
31,1712173967.6617787,12814574.83240295,520.2,-6.49255270762107e-08,535.6,ASK
32,1712173980.2037358,12814574.83240295,520.2,-0.0,535.6,ASK
33,1712173985.881776,12815888.48004598,520.9,1.79460700373462e-07,535.6,BID
34,1712173986.0617049,12819090.49617588,520.9,4.3743545716234934e-07,535.6,BID
35,1712173986.161953,12819956.24395631,520.9,1.1827197639132609e-07,535.6,BID
36,1712173986.1633976,12825084.01354721,520.9,7.005174690636122e-07,535.6,BID
37,1712173986.6019452,12825911.02186123,521.1,1.129796806899031e-07,535.6,BID
38,1712174010.1917024,12825911.02186123,521.1,0.0,535.6,BID
39,1712174016.5918508,12826148.62436855,520.5,-3.243330997907425e-08,535.6,ASK
40,1712174040.131714,12826148.62436855,520.5,-0.0,535.6,ASK
41,1712174070.145456,12826148.62436855,520.5,-0.0,535.6,ASK
42,1712174100.1930735,12826148.62436855,520.5,-0.0,535.6,ASK
43,1712174130.1918983,12826148.62436855,520.5,-0.0,535.6,ASK
44,1712174143.2025847,12826478.93163079,520.5,-4.510276377957764e-08,535.6,ASK
45,1712174160.1640108,12826478.93163079,520.5,-0.0,535.6,ASK
46,1712174190.1420798,12826478.93163079,520.5,-0.0,535.6,ASK
47,1712174220.1722474,12826478.93163079,520.5,-0.0,535.6,ASK
48,1712174250.152473,12826478.93163079,520.5,-0.0,535.6,ASK
49,1712174280.2024677,12826478.93163079,520.5,-0.0,535.6,ASK
50,1712174310.1923432,12826478.93163079,520.5,-0.0,535.6,ASK
51,1712174340.1258953,12826478.93163079,520.5,-0.0,535.6,ASK
52,1712174370.1326835,12826478.93163079,520.5,-0.0,535.6,ASK
53,1712174400.1743948,12826478.93163079,520.5,-0.0,535.6,ASK
54,1712174415.733006,12826517.93680202,520.5,-5.329136119763895e-09,535.6,ASK
55,1712174415.73481,12826527.5525561,520.5,-1.3137658614369303e-09,535.6,ASK
56,1712174425.3831816,12826680.67038487,520.5,-2.091993769423481e-08,535.6,ASK
57,1712174425.3850474,12828485.2748947,519.9,-2.465566172878196e-07,535.6,ASK
58,1712174425.4032097,12828624.29603353,519.9,-1.899395769808184e-08,535.6,ASK
59,1712174425.4108262,12828649.05322263,519.9,-3.382485616629961e-09,535.6,ASK
60,1712174430.1488976,12828649.05322263,519.9,-0.0,535.6,ASK
61,1712174440.5427525,12830000.99485424,519.9,-1.8468244637750299e-07,535.6,ASK
62,1712174446.8231502,12831615.84456952,519.9,-2.20597094561508e-07,535.6,ASK
63,1712174460.1926987,12831615.84456952,519.9,-0.0,535.6,ASK
64,1712174470.8831644,12831672.93801974,521.5,7.797627186926409e-09,535.6,BID
65,1712174490.2135062,12831672.93801974,521.5,0.0,535.6,BID
66,1712174513.0129735,12836608.11220439,519.9,-6.740263858348585e-07,535.6,ASK
67,1712174520.1340375,12836608.11220439,519.9,-0.0,535.6,ASK
68,1712174531.2134206,12836800.45688539,520.0,-2.6260466212172053e-08,535.6,ASK
69,1712174537.7322268,12836800.45688605,520.0,-9.002344713822494e-17,535.6,ASK
70,1712174537.7361982,12843340.45688539,519.9,-8.928941945110963e-07,535.6,ASK
71,1712174537.8035054,12844478.80817039,519.9,-1.5541701128328586e-07,535.6,ASK
72,1712174537.8633144,12845391.16737539,519.9,-1.2456272745190893e-07,535.6,ASK
73,1712174537.902975,12849852.20833839,519.9,-6.090577335994202e-07,535.6,ASK
74,1712174538.7033644,12849879.4685302,519.9,-3.7217839467854595e-09,535.6,ASK
75,1712174538.705967,12853032.20833839,519.8,-4.304377785656856e-07,535.6,ASK
76,1712174538.903063,12853378.99154006,519.8,-4.734567393831454e-08,535.6,ASK
77,1712174539.4492743,12854738.99154006,519.8,-1.8567830346445306e-07,535.6,ASK
78,1712174539.4632957,12856198.99154006,519.8,-1.993311198956628e-07,535.6,ASK
79,1712174539.4652393,12859775.70461588,519.8,-4.883220705128304e-07,535.6,ASK
80,1712174546.0532649,12860175.25907107,519.8,-5.455043630993351e-08,535.6,ASK
81,1712174547.2792857,12861173.40186218,519.8,-1.362746029914873e-07,535.6,ASK
82,1712174547.2810342,12865953.40186218,519.8,-6.526046254118276e-07,535.6,ASK
83,1712174547.335628,12867173.40186218,519.8,-1.6656436046075936e-07,535.6,ASK
84,1712174547.393078,12871627.17341668,519.8,-6.080652546013048e-07,535.6,ASK
85,1712174550.1380854,12871627.17341668,519.8,-0.0,535.6,ASK
86,1712174557.0229774,12871627.17341669,519.8,-1.5220382740030593e-18,535.6,ASK
87,1712174580.2037418,12871627.17341669,519.8,-0.0,535.6,ASK
88,1712174600.2133443,12872014.19041669,518.7,-5.270772114338038e-08,535.6,ASK
89,1712174601.8530989,12872204.44921669,518.7,-2.5911284970675684e-08,535.6,ASK
90,1712174603.524058,12872393.44941669,518.6,-2.5739876640171826e-08,535.6,ASK
91,1712174605.2133596,12872583.31081669,518.6,-2.585716319219997e-08,535.6,ASK
92,1712174606.8334303,12872774.55201669,518.6,-2.6045077711708787e-08,535.6,ASK
93,1712174608.523531,12872782.92974117,518.6,-1.1409596108255284e-09,535.6,ASK
94,1712174608.525432,12872965.50101669,518.6,-2.4864323476438967e-08,535.6,ASK
95,1712174610.134661,12873157.95671669,518.6,-2.621048007740772e-08,535.6,ASK
96,1712174610.194752,12873197.34464177,518.6,-5.364228887852978e-09,535.6,ASK
97,1712174610.196212,12873197.34464177,518.6,-0.0,535.6,ASK
98,1712174611.7333825,12873388.91554177,518.6,-2.6087158801762283e-08,535.6,ASK
99,1712174613.403206,12873580.89094177,518.6,-2.6142241571326665e-08,535.6,ASK
100,1712174640.1335137,12873580.89094177,518.6,-0.0,535.6,ASK
101,1712174643.5843744,13006648.05887031,519.5,1.811987448445533e-05,535.6,BID
102,1712174643.5853553,13008182.9357068,519.4,2.0900554253345425e-07,535.6,BID
103,1712174643.593053,13011625.75239977,519.5,4.688114079584093e-07,535.6,BID
104,1712174670.1334808,13011625.75239977,519.5,0.0,535.6,BID
105,1712174700.2033565,13011625.75239977,519.5,0.0,535.6,BID
106,1712174730.203478,13011625.75239977,519.5,0.0,535.6,BID
107,1712174733.3556285,13011858.26132806,518.8,-3.1415257186095335e-08,535.6,ASK
108,1712174760.145081,13011858.26132806,518.8,-0.0,535.6,ASK
109,1712174760.5773385,13012426.81046313,518.7,-7.681780795516678e-08,535.6,ASK
110,1712174764.0035994,13013261.39809332,518.7,-1.127627998057954e-07,535.6,ASK
111,1712174778.2936854,13013786.15799279,518.7,-7.090135696891952e-08,535.6,ASK
112,1712174778.2960148,13014097.78651519,518.7,-4.2104751393389234e-08,535.6,ASK
113,1712174778.8332174,13016737.78651519,518.7,-3.5669566707997295e-07,535.6,ASK
114,1712174779.343474,13016965.68584148,518.7,-3.079193265849302e-08,535.6,ASK
115,1712174781.2266977,13017640.02438906,518.7,-9.111122654044253e-08,535.6,ASK
116,1712174781.228466,13019640.38084148,518.6,-2.702721512097752e-07,535.6,ASK
117,1712174786.3067806,13021569.76536781,518.3,-2.606829926790687e-07,535.6,ASK
118,1712174786.307896,13024244.46051415,518.6,-3.613833975225852e-07,535.6,ASK
119,1712174786.308964,13025180.38084148,518.2,-1.2645406268586512e-07,535.6,ASK
120,1712174787.303711,13025854.17688338,518.2,-9.103792751570837e-08,535.6,ASK
121,1712174787.313295,13026017.37171437,518.2,-2.2049579205981327e-08,535.6,ASK
122,1712174790.1333883,13026017.37171437,518.2,-0.0,535.6,ASK
123,1712174801.993808,13028725.14143738,519.1,3.654895965941121e-07,535.6,BID
124,1712174820.2170053,13028725.14143738,519.1,0.0,535.6,BID
125,1712174841.6980643,13028987.54881793,518.4,-3.5412529451097123e-08,535.6,ASK
126,1712174850.2036726,13028987.54881793,518.4,-0.0,535.6,ASK
127,1712174851.8157525,13030352.34586275,519.1,1.841793786716861e-07,535.6,BID
128,1712174851.9933493,13030807.27821103,519.1,6.139312622473321e-08,535.6,BID
129,1712174880.1471982,13030807.27821103,519.1,0.0,535.6,BID
130,1712174906.2639194,13031050.57821103,518.8,-3.282915316334928e-08,535.6,ASK
131,1712174910.1250954,13031050.57821103,518.8,-0.0,535.6,ASK
132,1712174940.2035658,13031050.57821103,518.8,-0.0,535.6,ASK
133,1712174970.195093,13031050.57821103,518.8,-0.0,535.6,ASK
134,1712174996.004498,13032589.20751466,518.8,2.076080426562077e-07,535.6,BID
135,1712174996.123414,13038084.31217048,518.8,7.414572952002031e-07,535.6,BID
136,1712175000.1651626,13038084.31217048,518.8,0.0,535.6,BID
137,1712175030.1335492,13038084.31217048,518.8,0.0,535.6,BID
138,1712175060.2038896,13038084.31217048,518.8,0.0,535.6,BID
139,1712175090.2050197,13038084.31217048,518.8,0.0,535.6,BID
140,1712175098.0537088,13038161.41317279,518.2,-1.0398158070771149e-08,535.6,ASK
141,1712175120.143745,13038161.41317279,518.2,-0.0,535.6,ASK
142,1712175145.3633692,13038828.77078305,519.6,9.00021053193983e-08,535.6,BID
143,1712175145.4235845,13039015.35635517,519.6,2.5163561567064625e-08,535.6,BID
144,1712175150.135106,13039015.35635517,519.6,0.0,535.6,BID
145,1712175180.2041051,13039015.35635517,519.6,0.0,535.6,BID
146,1712175210.2037008,13039015.35635517,519.6,0.0,535.6,BID
147,1712175240.166112,13039015.35635517,519.6,0.0,535.6,BID
148,1712175270.1347215,13039015.35635517,519.6,0.0,535.6,BID
149,1712175300.165553,13039015.35635517,519.6,0.0,535.6,BID
150,1712175330.146176,13039015.35635517,519.6,0.0,535.6,BID
151,1712175338.773491,13043475.28635517,521.4,6.015415327721859e-07,535.6,BID
152,1712175338.873816,13044113.35894376,521.4,-8.606125274632452e-08,535.6,ASK
153,1712175338.8937178,13045422.23447442,521.4,-1.765370741068512e-07,535.6,ASK
154,1712175338.8963535,13063367.06872327,521.4,-2.420343615123296e-06,535.6,ASK
155,1712175339.3137045,13064562.798949,519.2,-1.6127638612422105e-07,535.6,ASK
156,1712175339.3163805,13068987.06872327,519.6,-5.967317920713809e-07,535.6,ASK
157,1712175360.204537,13068987.06872327,519.6,-0.0,535.6,ASK
158,1712175367.5535522,13069217.13112401,520.8,3.0964881284898445e-08,535.6,BID
159,1712175367.5561552,13071517.75112401,520.7,3.096482734797577e-07,535.6,BID
160,1712175367.67353,13082458.40100524,520.8,-1.4725392922215748e-06,535.6,ASK
161,1712175367.7333336,13085278.40100524,520.8,-3.7955339482975364e-07,535.6,ASK
162,1712175367.7532835,13086283.90508158,520.8,-1.353342147835953e-07,535.6,ASK
163,1712175367.7733686,13087505.46945224,520.8,-1.644145049245095e-07,535.6,ASK
164,1712175367.7935965,13095536.27267947,520.8,-1.0808931305337705e-06,535.6,ASK
165,1712175381.684101,13095860.9742384,520.9,4.370268758794016e-08,535.6,BID
166,1712175381.686808,13099542.24916365,520.9,4.954753174398928e-07,535.6,BID
167,1712175381.689525,13102008.51401775,521.4,3.319429779868124e-07,535.6,BID
168,1712175381.692242,13102055.51401775,521.2,6.3258899138292285e-09,535.6,BID
169,1712175386.4104154,13102070.74599603,518.7,-2.0501237823848856e-09,535.6,ASK
170,1712175390.2035768,13102070.74599603,518.7,-0.0,535.6,ASK
171,1712175420.134389,13102070.74599603,518.7,-0.0,535.6,ASK
172,1712175450.1344204,13102070.74599603,518.7,-0.0,535.6,ASK
173,1712175479.833478,13102170.74599603,518.7,-1.3428196737677562e-08,535.6,ASK
174,1712175479.844276,13102570.81033731,518.6,-5.3721426824454025e-08,535.6,ASK
175,1712175479.8465092,13102700.91444372,518.7,-1.7470635372461696e-08,535.6,ASK
176,1712175480.2104576,13102700.91444372,518.7,-0.0,535.6,ASK
177,1712175510.205042,13102700.91444372,518.7,-0.0,535.6,ASK
178,1712175540.124801,13102700.91444372,518.7,-0.0,535.6,ASK
179,1712175570.1450353,13102700.91444372,518.7,-0.0,535.6,ASK
180,1712175600.1535914,13102700.91444372,518.7,-0.0,535.6,ASK
181,1712175630.124831,13102700.91444372,518.7,-0.0,535.6,ASK
182,1712175654.743059,13103051.67318109,518.6,-4.7127139442854153e-08,535.6,ASK
183,1712175660.2108724,13103051.67318109,518.6,-0.0,535.6,ASK
184,1712175661.6732988,13103272.3413568,518.6,-2.9647745362747888e-08,535.6,ASK
185,1712175663.0531232,13103899.33509846,518.6,-8.4239382216829e-08,535.6,ASK
186,1712175677.7133272,13104238.85459664,518.6,-4.561594618409445e-08,535.6,ASK
187,1712175683.1732967,13105964.85459664,518.6,-2.318957336343231e-07,535.6,ASK
188,1712175683.1932845,13106157.38693236,518.6,-2.5867570822658772e-08,535.6,ASK
189,1712175684.103608,13107336.24673878,518.2,-1.5838502877279688e-07,535.6,ASK
190,1712175684.106144,13107883.38693236,518.2,-7.351070486152629e-08,535.6,ASK
191,1712175690.2137582,13107883.38693236,518.2,-0.0,535.6,ASK
192,1712175695.8834794,13107916.66654373,518.2,-4.469758620198562e-09,535.6,ASK
193,1712175695.893335,13108310.61946806,518.2,-5.291150969041297e-08,535.6,ASK
194,1712175720.133351,13108310.61946806,518.2,-0.0,535.6,ASK
195,1712175734.3854496,13108882.03102474,518.2,-7.67435580839564e-08,535.6,ASK
196,1712175734.3884263,13110111.82977017,518.3,-1.6516839806314138e-07,535.6,ASK
197,1712175734.391289,13112041.5866208,518.2,-2.591764293581473e-07,535.6,ASK
198,1712175734.3941443,13112051.5866208,518.1,-1.3430522569386343e-09,535.6,ASK
199,1712175734.3967693,13112684.86261743,518.1,-8.505227565378413e-08,535.6,ASK
200,1712175734.398035,13114614.61946806,518.2,-2.591764293581473e-07,535.6,ASK
201,1712175745.8737776,13114788.90121803,518.9,2.3406949764204973e-08,535.6,BID
202,1712175745.8768158,13115916.79977528,518.8,1.5148267029117128e-07,535.6,BID
203,1712175745.93301,13116841.15675019,518.9,1.2414597213686113e-07,535.6,BID
204,1712175745.9534316,13117915.63609964,518.9,1.4430819153143088e-07,535.6,BID
205,1712175750.135011,13117915.63609964,518.9,0.0,535.6,BID
206,1712175766.1341937,13118196.36942013,518.9,-3.767875305469563e-08,535.6,ASK
207,1712175766.137282,13118209.85949528,518.9,-1.8105767046064526e-09,535.6,ASK
208,1712175766.3185823,13118619.83045728,519.4,5.502444316131064e-08,535.6,BID
209,1712175780.193136,13118619.83045728,519.4,0.0,535.6,BID
210,1712175810.1949656,13118619.83045728,519.4,0.0,535.6,BID
211,1712175840.1430974,13118619.83045728,519.4,0.0,535.6,BID
212,1712175870.1335092,13118619.83045728,519.4,0.0,535.6,BID
213,1712175898.303287,13121009.03380567,519.4,3.20652302932664e-07,535.6,BID
214,1712175900.2058177,13121009.03380567,519.4,0.0,535.6,BID
215,1712175911.5932558,13121832.63866869,519.4,1.105168274491423e-07,535.6,BID
216,1712175911.6759114,13122095.03532764,519.4,3.521014455164409e-08,535.6,BID
217,1712175911.692937,13122095.03532766,519.4,2.749364482647403e-18,535.6,BID
218,1712175913.2032194,13123315.82212011,519.5,-1.638133640914763e-07,535.6,ASK
219,1712175913.9032452,13125356.82212011,518.2,-2.738750764495119e-07,535.6,ASK
220,1712175913.9051764,13129556.82212011,518.6,-5.635841847564674e-07,535.6,ASK
221,1712175930.2053852,13129556.82212011,518.6,-0.0,535.6,ASK
222,1712175960.125207,13129556.82212011,518.6,-0.0,535.6,ASK
223,1712175990.144344,13129556.82212011,518.6,-0.0,535.6,ASK
224,1712175991.0728967,13129652.92052487,520.3,1.2887460943528472e-08,535.6,BID
225,1712176018.403156,13131577.47787667,519.6,2.58096456096067e-07,535.6,BID
226,1712176020.203358,13131577.47787667,519.6,0.0,535.6,BID
227,1712176050.194609,13131577.47787667,519.6,0.0,535.6,BID
228,1712176080.144077,13131577.47787667,519.6,0.0,535.6,BID
229,1712176086.28284,13131654.46017074,518.4,-1.0322404722328748e-08,535.6,ASK
230,1712176093.703589,13132156.18158037,518.4,-6.727483911269163e-08,535.6,ASK
231,1712176093.7063792,13135383.16422106,518.1,-4.32699768845629e-07,535.6,ASK
232,1712176093.7158058,13137979.35311074,518.0,-3.4811787280156425e-07,535.6,ASK
233,1712176093.7179096,13137990.46017074,518.3,-1.4893238761451838e-09,535.6,ASK
234,1712176110.1348095,13137990.46017074,518.3,-0.0,535.6,ASK
235,1712176140.2030556,13137990.46017074,518.3,-0.0,535.6,ASK
236,1712176170.2058282,13137990.46017074,518.3,-0.0,535.6,ASK
237,1712176200.2865608,13137990.46017074,518.3,-0.0,535.6,ASK
238,1712176200.4645762,13138003.93725968,519.4,1.8297912798802363e-09,535.6,BID
239,1712176230.199024,13138003.93725968,519.4,0.0,535.6,BID
240,1712176235.1650774,13138023.21251025,518.8,2.617008172209053e-09,535.6,BID
241,1712176260.1467566,13138023.21251025,518.8,0.0,535.6,BID
242,1712176274.2129145,13139476.49934363,518.0,-1.973130435757465e-07,535.6,ASK
243,1712176274.2159867,13143336.75798095,518.1,-5.241080860466081e-07,535.6,ASK
244,1712176274.2186942,13143772.37218105,518.0,-5.914342693571004e-08,535.6,ASK
245,1712176274.221397,13144340.05749095,518.1,-7.707474788657954e-08,535.6,ASK
246,1712176274.2241237,13144359.36251025,518.0,-2.621046325451777e-09,535.6,ASK
247,1712176276.5357192,13144838.07751917,518.0,-6.499523235574484e-08,535.6,ASK
248,1712176287.7360466,13145466.48261792,518.0,-8.531868574408458e-08,535.6,ASK
249,1712176289.376061,13147598.45566172,518.0,-2.894584058917724e-07,535.6,ASK
250,1712176290.146269,13147598.45566172,518.0,-0.0,535.6,ASK
251,1712176296.526289,13149764.45566172,518.2,2.938803308735229e-07,535.6,BID
252,1712176320.1985698,13149764.45566172,518.2,0.0,535.6,BID
253,1712176342.9876895,13150344.20062802,518.1,-7.86471376589477e-08,535.6,ASK
254,1712176343.0871072,13150863.09194675,518.1,-7.039184356305166e-08,535.6,ASK
255,1712176343.5722804,13151052.33041565,518.1,-2.5671743230141172e-08,535.6,ASK
256,1712176343.7713408,13151495.1674522,518.1,-6.007445928559771e-08,535.6,ASK
257,1712176344.2778037,13151917.10744303,518.1,-5.72396044324766e-08,535.6,ASK
258,1712176346.7872174,13152050.63934077,518.1,-1.8114692069388666e-08,535.6,ASK
259,1712176346.789187,13153053.50774859,518.1,-1.360472868390342e-07,535.6,ASK
260,1712176346.937112,13154660.78975269,518.1,-2.1804092554672258e-07,535.6,ASK
261,1712176350.2111814,13154660.78975269,518.1,-0.0,535.6,ASK
262,1712176351.5619955,13155910.88975269,518.1,-1.6952792996617365e-07,535.6,ASK
263,1712176351.6614373,13158252.38224403,518.0,-3.175332974069051e-07,535.6,ASK
264,1712176351.6628072,13158252.39046943,518.1,-1.1154587915219608e-12,535.6,ASK
265,1712176351.8174117,13162074.5326244,518.0,-5.18326411941912e-07,535.6,ASK
266,1712176351.827142,13164224.48758658,518.0,-2.91558606718778e-07,535.6,ASK
267,1712176351.917376,13171300.70084004,518.0,-9.59615858618077e-07,535.6,ASK
268,1712176351.9271653,13172564.48758658,518.0,-1.7138401012707093e-07,535.6,ASK
269,1712176351.9471834,13173154.85870319,518.0,-8.00611097598456e-08,535.6,ASK
270,1712176351.9498556,13173540.95908929,518.0,-5.235965059969141e-08,535.6,ASK
271,1712176352.067449,13173560.27156514,517.8,-2.618993723057358e-09,535.6,ASK
272,1712176352.069778,13173730.19755819,517.8,-2.304391796612705e-08,535.6,ASK
273,1712176352.11127,13173780.44586023,517.8,-6.814247363369661e-09,535.6,ASK
274,1712176352.1136518,13173955.46396745,517.7,-2.373446718158804e-08,535.6,ASK
275,1712176352.8077052,13175034.37235862,517.7,-1.4631237995222294e-07,535.6,ASK
276,1712176352.8100944,13175080.46396745,517.7,-6.250551982824021e-09,535.6,ASK
277,1712176353.1106162,13175453.47611295,517.7,-5.058473472440753e-08,535.6,ASK
278,1712176354.471983,13175663.46709711,517.5,-2.8477191309476053e-08,535.6,ASK
279,1712176354.477842,13176142.20186249,517.7,-6.492193726729276e-08,535.6,ASK
280,1712176354.48025,13176533.82876996,517.7,-5.310911042509643e-08,535.6,ASK
281,1712176354.482635,13176572.47611295,517.5,-5.241023962861458e-09,535.6,ASK
282,1712176356.12585,13176680.47611295,517.5,-1.4646041465764506e-08,535.6,ASK
283,1712176358.6169736,13178610.47611295,517.4,-2.6173018545301385e-07,535.6,ASK
284,1712176358.618437,13178622.55197942,517.5,-1.637626306077e-09,535.6,ASK
285,1712176358.619898,13178953.14169326,517.2,-4.4831765343084616e-08,535.6,ASK
286,1712176358.6213143,13178993.47438668,517.0,-5.469576854263161e-09,535.6,ASK
287,1712176358.622738,13179022.8583768,517.2,-3.984806830573557e-09,535.6,ASK
288,1712176358.6241777,13180058.09312131,517.0,-1.4038973143440932e-07,535.6,ASK
289,1712176369.0077586,13180077.77284347,518.3,2.6687965443663233e-09,535.6,BID
290,1712176380.1514728,13180077.77284347,518.3,0.0,535.6,BID
291,1712176410.139322,13180077.77284347,518.3,0.0,535.6,BID
292,1712176440.2182882,13180077.77284347,518.3,0.0,535.6,BID
293,1712176456.0264108,13180392.60306536,517.0,-4.261852295518904e-08,535.6,ASK
294,1712176470.2094698,13180392.60306536,517.0,-0.0,535.6,ASK
295,1712176477.2999024,13180820.58667021,517.0,-5.7934804004577174e-08,535.6,ASK
296,1712176482.239231,13181120.1751936,517.0,-4.055436280247281e-08,535.6,ASK
297,1712176482.5222564,13181644.1461936,517.0,-7.092831791919794e-08,535.6,ASK
298,1712176500.1425698,13181644.1461936,517.0,-0.0,535.6,ASK
299,1712176501.2197998,13181756.3381936,517.0,-1.5187696187098844e-08,535.6,ASK
300,1712176503.5900495,13181812.4341936,517.0,-7.593848093675497e-09,535.6,ASK
301,1712176508.32979,13181819.21508153,517.0,-9.179448245469491e-10,535.6,ASK
302,1712176508.339608,13181840.4821936,516.9,-2.8789792222907995e-09,535.6,ASK
303,1712176522.7599688,13181864.1801936,516.9,-3.208054266134797e-09,535.6,ASK
304,1712176522.8201375,13181883.52916227,516.8,-2.619315616895152e-09,535.6,ASK
305,1712176522.8236284,13181887.8781936,516.9,-5.88738649491796e-10,535.6,ASK
306,1712176524.4598498,13181899.47239649,517.5,1.569534646070904e-09,535.6,BID
307,1712176530.14202,13181899.47239649,517.5,0.0,535.6,BID
308,1712176532.3803444,13181919.72428056,516.7,-2.7414964202161724e-09,535.6,ASK
309,1712176532.3829956,13181919.72515709,516.8,-1.186557012315172e-13,535.6,ASK
310,1712176532.3856845,13182048.75027444,516.7,-1.7466122958842013e-08,535.6,ASK
311,1712176537.320395,13183148.71127444,516.7,-1.4890165938536346e-07,535.6,ASK
312,1712176537.5199816,13184209.8090681,516.7,-1.4364074930510725e-07,535.6,ASK
313,1712176543.4310195,13184221.8612402,516.5,-1.631501866806934e-09,535.6,ASK
314,1712176543.4343708,13184248.67206021,516.5,-3.6293792133617635e-09,535.6,ASK
315,1712176543.4377406,13185173.2606921,516.4,-1.2516151166922614e-07,535.6,ASK
316,1712176543.511039,13190672.64281931,516.4,-7.444510526613689e-07,535.6,ASK
317,1712176543.5204303,13190967.05364425,516.4,-3.98543769956876e-08,535.6,ASK
318,1712176560.226412,13190967.05364425,516.4,-0.0,535.6,ASK
319,1712176590.211018,13190967.05364425,516.4,-0.0,535.6,ASK
320,1712176590.9852045,13191315.82326254,516.1,-4.7183011498558544e-08,535.6,ASK
321,1712176611.6308684,13195187.29054864,516.6,5.237482736345057e-07,535.6,BID
322,1712176620.1457856,13195187.29054864,516.6,0.0,535.6,BID
323,1712176627.027583,13203527.29054864,516.6,1.1279374027796714e-06,535.6,BID
324,1712176627.103671,13203572.40693353,516.6,6.101733572608658e-09,535.6,BID
325,1712176631.3874123,13203583.9966573,517.7,1.567443996365659e-09,535.6,BID
326,1712176645.1414511,13203616.9966573,516.1,-4.463061665674959e-09,535.6,ASK
327,1712176650.132897,13203616.9966573,516.1,-0.0,535.6,ASK
328,1712176680.2138522,13203616.9966573,516.1,-0.0,535.6,ASK
329,1712176692.2347524,13204116.9966573,516.1,-6.758234318861366e-08,535.6,ASK
330,1712176710.2019804,13204116.9966573,516.1,-0.0,535.6,ASK
331,1712176739.312394,13204128.59086019,517.5,1.5670721390064302e-09,535.6,BID
332,1712176740.1436496,13204128.59086019,517.5,0.0,535.6,BID
333,1712176770.1401649,13204128.59086019,517.5,0.0,535.6,BID
334,1712176800.165795,13204128.59086019,517.5,0.0,535.6,BID
335,1712176830.14543,13204128.59086019,517.5,0.0,535.6,BID
336,1712176859.714748,13204409.3866362,516.1,-3.79851570918568e-08,535.6,ASK
337,1712176859.7183726,13204448.13857903,516.0,-5.242239242118005e-09,535.6,ASK
338,1712176859.721846,13204458.13857903,516.0,-1.352768108967693e-09,535.6,ASK
339,1712176859.7252877,13205405.35800141,515.9,-1.2813682267897986e-07,535.6,ASK
340,1712176859.728772,13205614.15645102,516.0,-2.8245588383605272e-08,535.6,ASK
341,1712176859.7313433,13205624.05371793,515.9,-1.3388707041085912e-09,535.6,ASK
342,1712176859.7328403,13205634.05371793,516.0,-1.352768108967693e-09,535.6,ASK
343,1712176859.7343645,13205653.4373194,515.9,-2.6221517905445843e-09,535.6,ASK
344,1712176859.8132927,13207606.43790089,515.9,-2.641956903434865e-07,535.6,ASK
345,1712176859.8731678,13208285.96516145,515.9,-9.19242807260482e-08,535.6,ASK
346,1712176860.213166,13208285.96516145,515.9,-0.0,535.6,ASK
347,1712176863.5232394,13208582.93819165,515.9,-4.01619114095319e-08,535.6,ASK
348,1712176866.9037244,13209855.86248349,515.5,-1.721471899500214e-07,535.6,ASK
349,1712176867.7035234,13210168.75591463,515.5,-4.231494777017604e-08,535.6,ASK
350,1712176867.7232473,13210606.63315256,515.5,-5.9217454278926526e-08,535.6,ASK
351,1712176868.6155074,13210856.32301405,515.5,-3.3767450499836946e-08,535.6,ASK
352,1712176868.6181543,13212175.56842952,515.5,-1.7841154621953193e-07,535.6,ASK
353,1712176870.413486,13212441.89873799,515.5,-3.601786413801277e-08,535.6,ASK
354,1712176880.383792,13212451.89873799,515.5,-1.352375715143342e-09,535.6,ASK
355,1712176890.217326,13212451.89873799,515.5,-0.0,535.6,ASK
356,1712176890.6138003,13212551.89873799,515.5,-1.3519830397931973e-08,535.6,ASK
357,1712176890.6174226,13213225.82335168,515.5,-9.111346478080673e-08,535.6,ASK
358,1712176920.1452162,13213225.82335168,515.5,-0.0,535.6,ASK
359,1712176928.124709,13213245.23705775,515.1,-2.6245585699345703e-09,535.6,ASK
360,1712176928.1284328,13213284.3555092,515.0,-5.288463038768615e-09,535.6,ASK
361,1712176928.132117,13213866.76669149,515.1,-7.873675712447746e-08,535.6,ASK
362,1712176928.1357374,13214351.77661371,515.0,-6.55689822072976e-08,535.6,ASK
363,1712176928.138644,13214367.30757857,515.1,-2.099646856350557e-09,535.6,ASK
364,1712176928.1403012,13216346.83987997,515.0,-2.676149750809306e-07,535.6,ASK
365,1712176928.1436198,13217380.16294498,515.0,-1.3969599086504928e-07,535.6,ASK
366,1712176928.2437434,13218900.22399976,515.0,-2.054985922728134e-07,535.6,ASK
367,1712176941.6242497,13220089.87662087,515.0,-1.60830341757201e-07,535.6,ASK
368,1712176942.3041174,13220454.24743249,515.0,-4.925965876037632e-08,535.6,ASK
369,1712176942.4239037,13221344.54115383,515.0,-1.2035970915063518e-07,535.6,ASK
370,1712176942.580955,13221695.68678489,515.0,-4.7471733216703295e-08,535.6,ASK
371,1712176942.7037776,13222526.5180894,515.0,-1.1232092484469689e-07,535.6,ASK
372,1712176948.8605793,13222610.81164711,515.0,-1.1395731370408473e-08,535.6,ASK
373,1712176950.1581175,13222610.81164711,515.0,-0.0,535.6,ASK
374,1712176952.7742586,13222846.58654892,515.0,-3.185383355289337e-08,535.6,ASK
375,1712176953.0350685,13223093.74543204,515.0,-3.3391840537385344e-08,535.6,ASK
376,1712176956.2182465,13224451.83900217,515.0,-1.8348215267987258e-07,535.6,ASK
377,1712176956.2203908,13224507.5082549,515.0,-7.521068175125207e-09,535.6,ASK
378,1712176956.222386,13225288.47543204,515.0,-1.0551079983405384e-07,535.6,ASK
379,1712176962.8338702,13225288.4851481,515.0,-1.3126662594420817e-12,535.6,ASK
380,1712176972.7042024,13225521.7666411,514.4,-3.151696720870641e-08,535.6,ASK
381,1712176980.165712,13225521.7666411,514.4,-0.0,535.6,ASK
382,1712176986.2844293,13225531.63071876,515.0,-1.332394012583447e-09,535.6,ASK
383,1712176986.4440224,13225846.74340189,514.4,-4.2563964598882607e-08,535.6,ASK
384,1712176991.5244758,13226075.95420243,514.4,-3.0960735388157235e-08,535.6,ASK
385,1712176991.528404,13226155.18898146,514.4,-1.0702667681074829e-08,535.6,ASK
386,1712177010.1465275,13226155.18898146,514.4,-0.0,535.6,ASK
387,1712177012.5542912,13227833.53779155,515.8,2.266936215321593e-07,535.6,BID
388,1712177013.1641788,13228413.00179155,514.4,-7.826787370881231e-08,535.6,ASK
389,1712177022.2649448,13228509.95738588,515.7,1.3095737116486422e-08,535.6,BID
390,1712177040.216622,13228509.95738588,515.7,0.0,535.6,BID
391,1712177070.214964,13228509.95738588,515.7,0.0,535.6,BID
392,1712177085.1407409,13228753.66939967,514.4,-3.291264762788444e-08,535.6,ASK
393,1712177097.5785294,13229288.23242061,514.4,-7.219128868382824e-08,535.6,ASK
394,1712177100.1673667,13229288.23242061,514.4,-0.0,535.6,ASK
395,1712177106.9848154,13229594.06837891,514.4,-4.130727038897552e-08,535.6,ASK
396,1712177130.1470616,13229594.06837891,514.4,-0.0,535.6,ASK
397,1712177160.175421,13229594.06837891,514.4,-0.0,535.6,ASK
398,1712177190.1376436,13229594.06837891,514.4,-0.0,535.6,ASK
399,1712177220.215542,13229594.06837891,514.4,-0.0,535.6,ASK
400,1712177250.205603,13229594.06837891,514.4,-0.0,535.6,ASK
401,1712177260.016088,13231991.6749938,516.1,3.2382222451998857e-07,535.6,BID
402,1712177260.020113,13235168.86468775,516.1,4.291131948116905e-07,535.6,BID
403,1712177267.955868,13235557.66717575,516.3,5.251190323755672e-08,535.6,BID
404,1712177268.016196,13235557.66717609,516.3,4.6037309970046855e-17,535.6,BID
405,1712177280.167419,13235557.66717609,516.3,0.0,535.6,BID
406,1712177310.149657,13235557.66717609,516.3,0.0,535.6,BID
407,1712177340.2159493,13235557.66717609,516.3,0.0,535.6,BID
408,1712177370.218423,13235557.66717609,516.3,0.0,535.6,BID
409,1712177397.4365013,13236238.03688249,517.0,9.185296768967725e-08,535.6,BID
410,1712177397.4432874,13237206.46609032,516.9,1.30742294813849e-07,535.6,BID
411,1712177400.1680896,13237206.46609032,516.9,0.0,535.6,BID
412,1712177425.5274775,13237708.7461755,516.5,-6.781345035709136e-08,535.6,ASK
413,1712177428.436641,13238193.01529457,516.5,-6.538176773187654e-08,535.6,ASK
414,1712177428.4389167,13238463.62893539,515.2,-3.653587956018385e-08,535.6,ASK
415,1712177428.441135,13238608.62713162,516.3,-1.957638431647055e-08,535.6,ASK
416,1712177428.4433506,13239383.65689259,515.4,-1.0463771861861502e-07,535.6,ASK
417,1712177428.4455826,13240158.68665356,515.8,-1.0463771861861502e-07,535.6,ASK
418,1712177428.447808,13240933.71641453,515.6,-1.0463771861861502e-07,535.6,ASK
419,1712177428.4500172,13241708.7461755,515.2,-1.0463771861861502e-07,535.6,ASK
420,1712177430.1502206,13241708.7461755,515.2,-0.0,535.6,ASK
421,1712177446.7365758,13241723.27261361,516.3,1.960617594341245e-09,535.6,BID
422,1712177460.2476535,13241723.27261361,516.3,0.0,535.6,BID
423,1712177466.9963806,13242483.77590561,516.3,1.0264420047480877e-07,535.6,BID
424,1712177467.0165403,13242483.77590647,516.3,1.1614631066624475e-16,535.6,BID
425,1712177490.2265923,13242483.77590647,516.3,0.0,535.6,BID
426,1712177498.6465845,13242754.77590647,516.2,3.657460073380117e-08,535.6,BID
427,1712177498.7070937,13243335.86093455,516.2,-7.842418042223436e-08,535.6,ASK
428,1712177520.1466403,13243335.86093455,516.2,-0.0,535.6,ASK
429,1712177550.156783,13243335.86093455,516.2,-0.0,535.6,ASK
430,1712177576.4186013,13244036.10285054,516.2,9.450017804757894e-08,535.6,BID
431,1712177576.4237094,13245672.33244637,516.0,2.2081509918494729e-07,535.6,BID
432,1712177576.5172403,13246092.47759596,516.2,5.67001068280949e-08,535.6,BID
433,1712177576.5224116,13247217.33024054,516.3,1.5180293090541004e-07,535.6,BID
434,1712177580.2093494,13247217.33024054,516.3,0.0,535.6,BID
435,1712177598.987389,13248185.75944837,516.2,1.3065769721760678e-07,535.6,BID
436,1712177598.991607,13248605.90459796,516.3,5.6684781188760783e-08,535.6,BID
437,1712177610.2171438,13248605.90459796,516.3,0.0,535.6,BID
438,1712177640.1570337,13248605.90459796,516.3,0.0,535.6,BID
439,1712177652.5177898,13250150.90239196,517.1,2.084265234928777e-07,535.6,BID
440,1712177652.5231924,13250150.90239214,517.1,2.4122731325839894e-17,535.6,BID
441,1712177670.1571305,13250150.90239214,517.1,0.0,535.6,BID
442,1712177700.2090049,13250150.90239214,517.1,0.0,535.6,BID
443,1712177730.2373474,13250150.90239214,517.1,0.0,535.6,BID
444,1712177760.1496024,13250150.90239214,517.1,0.0,535.6,BID
445,1712177790.1389456,13250150.90239214,517.1,0.0,535.6,BID
446,1712177820.1769075,13250150.90239214,517.1,0.0,535.6,BID
447,1712177848.567901,13250170.90239214,517.1,2.698191728860693e-09,535.6,BID
448,1712177848.572234,13252085.13836892,517.1,2.582487839817458e-07,535.6,BID
449,1712177850.1600013,13252085.13836892,517.1,0.0,535.6,BID
450,1712177880.21815,13252085.13836892,517.1,0.0,535.6,BID
451,1712177910.217915,13252085.13836892,517.1,0.0,535.6,BID
452,1712177940.1480763,13252085.13836892,517.1,0.0,535.6,BID
453,1712177966.8082747,13255952.86221343,517.0,5.217226253410852e-07,535.6,BID
454,1712177970.1518257,13255952.86221343,517.0,0.0,535.6,BID
455,1712178000.1803906,13255952.86221343,517.0,0.0,535.6,BID
456,1712178030.1607327,13255952.86221343,517.0,0.0,535.6,BID
457,1712178030.3996391,13255964.10304873,516.0,-1.516097635700852e-09,535.6,ASK
458,1712178030.4080136,13256074.64491243,516.0,-1.490923527751746e-08,535.6,ASK
459,1712178060.2184663,13256074.64491243,516.0,-0.0,535.6,ASK
460,1712178090.2209282,13256074.64491243,516.0,-0.0,535.6,ASK
461,1712178096.1023877,13256094.02475739,516.0,-2.6138171515985686e-09,535.6,ASK
462,1712178096.1068144,13256263.88338084,515.5,-2.2909336178643032e-08,535.6,ASK
463,1712178096.1091812,13256263.88338133,516.0,-6.607098467665646e-17,535.6,ASK
464,1712178110.2925842,13256530.90317033,515.5,-3.601375066140807e-08,535.6,ASK
465,1712178116.9784076,13256577.3877723,516.3,6.2695160952907504e-09,535.6,BID
466,1712178118.4585228,13257028.28351141,515.5,-6.081364524839164e-08,535.6,ASK
467,1712178120.1611032,13257028.28351141,515.5,-0.0,535.6,ASK
468,1712178145.8487122,13257222.26993236,515.7,-2.6161788979667773e-08,535.6,ASK
469,1712178145.853337,13258573.28130541,515.5,-1.822028277948548e-07,535.6,ASK
470,1712178145.8684757,13259038.09645378,515.5,-6.268684048435072e-08,535.6,ASK
471,1712178148.398414,13259620.50763607,515.1,-7.854631461241212e-08,535.6,ASK
472,1712178150.1500268,13259620.50763607,515.1,-0.0,535.6,ASK
473,1712178171.7135494,13259964.40568338,515.1,-4.6371118203905656e-08,535.6,ASK
474,1712178180.2208347,13259964.40568338,515.1,-0.0,535.6,ASK
475,1712178183.7547662,13260221.50266105,515.1,-3.4666057799400105e-08,535.6,ASK
476,1712178188.4142268,13260610.19366105,515.1,-5.240973579031077e-08,535.6,ASK
477,1712178191.4188926,13260906.19366105,515.1,-3.991160534684858e-08,535.6,ASK
478,1712178191.956484,13260979.46706142,515.1,-9.879929182399764e-09,535.6,ASK
479,1712178209.6082876,13260998.88453714,515.0,-2.618184553138301e-09,535.6,ASK
480,1712178210.2182703,13260998.88453714,515.0,-0.0,535.6,ASK
481,1712178215.9528143,13261649.88453714,514.7,-8.77722581372527e-08,535.6,ASK
482,1712178217.4887495,13261679.68653714,514.7,-4.018108812499363e-09,535.6,ASK
483,1712178220.298278,13261690.28958714,514.5,-1.429575486523732e-09,535.6,ASK
484,1712178220.302703,13261709.48758714,514.7,-2.588405240842237e-09,535.6,ASK
485,1712178220.3062658,13266314.08136193,514.4,-6.208227241444697e-07,535.6,ASK
486,1712178221.709727,13266606.60031605,514.4,-3.943939961742998e-08,535.6,ASK
487,1712178221.7877564,13268246.13831605,514.4,-2.2105369057126165e-07,535.6,ASK
488,1712178227.0263617,13268332.92840832,514.4,-1.1701631923789588e-08,535.6,ASK
489,1712178228.3181548,13269499.56266847,514.3,-1.572935843836918e-07,535.6,ASK
490,1712178228.3226633,13269955.58095285,514.1,-6.148349396587287e-08,535.6,ASK
491,1712178228.3261817,13270029.73107682,514.1,-9.997425225891408e-09,535.6,ASK
492,1712178228.3296838,13270049.17498115,514.1,-2.621559739066876e-09,535.6,ASK
493,1712178228.3332117,13270146.41340977,514.1,-1.3110347861116018e-08,535.6,ASK
494,1712178240.157211,13270146.41340977,514.1,-0.0,535.6,ASK
495,1712178261.1966867,13270387.78996686,514.1,-3.2523399577895975e-08,535.6,ASK
496,1712178270.1540017,13270387.78996686,514.1,-0.0,535.6,ASK
497,1712178299.995716,13270397.78996686,514.0,-1.347390822811129e-09,535.6,ASK
498,1712178300.0056462,13270620.37249114,514.0,-2.999056505318385e-08,535.6,ASK
499,1712178300.009858,13270630.37249114,514.0,-1.347390822811129e-09,535.6,ASK
500,1712178300.2216308,13270630.37249114,514.0,-0.0,535.6,ASK
501,1712178306.170543,13270724.5117616,514.0,-1.2689897271954767e-08,535.6,ASK
502,1712178322.9149294,13271308.16934914,514.0,-7.867656921136559e-08,535.6,ASK
503,1712178326.8650725,13271454.07732158,513.8,-1.9668276292905012e-08,535.6,ASK
504,1712178326.8749666,13271573.25671776,513.8,-1.6065285901086285e-08,535.6,ASK
505,1712178327.6553617,13272761.25671776,513.8,-1.601414360381154e-07,535.6,ASK
506,1712178330.2153194,13272761.25671776,513.8,-0.0,535.6,ASK
507,1712178331.225914,13274121.29877144,513.8,-1.8330550884478482e-07,535.6,ASK
508,1712178331.8550422,13274507.29877144,513.8,-5.202480777905908e-08,535.6,ASK
509,1712178337.1948686,13274675.95142022,513.8,-2.2730885062783445e-08,535.6,ASK
510,1712178337.1986473,13274743.29877144,513.8,-9.077028501615365e-09,535.6,ASK
511,1712178339.8850248,13274762.76538619,513.7,-2.6236966076096556e-09,535.6,ASK
512,1712178339.8897283,13274856.29160078,513.8,-1.2605397244464214e-08,535.6,ASK
513,1712178339.8949718,13275632.9587352,513.6,-1.046786486436929e-07,535.6,ASK
514,1712178339.8971756,13275749.75842373,513.6,-1.5742179648921533e-08,535.6,ASK
515,1712178339.8993022,13275759.51309662,513.6,-1.314727932591885e-09,535.6,ASK
516,1712178339.9014194,13275956.36621142,513.6,-2.6531723984990934e-08,535.6,ASK
517,1712178339.9035752,13276656.36621142,513.6,-9.434550633508124e-08,535.6,ASK
518,1712178340.5944254,13276948.53658539,513.4,-3.9378516954814736e-08,535.6,ASK
519,1712178341.3149505,13276979.62692806,513.6,4.190334458886668e-09,535.6,BID
520,1712178342.8645422,13277166.16491014,513.4,-2.5141457671534768e-08,535.6,ASK
521,1712178342.8670816,13277847.89402974,513.4,-9.188296996014265e-08,535.6,ASK
522,1712178346.6347494,13277857.84142892,513.3,-1.3407034462719398e-09,535.6,ASK
523,1712178346.9680865,13277988.99280238,513.3,1.7676489622190228e-08,535.6,BID
524,1712178347.8247218,13278086.43969382,513.1,-1.3133823305277012e-08,535.6,ASK
525,1712178347.8275888,13278497.36738823,513.1,-5.5384544851752935e-08,535.6,ASK
526,1712178349.523259,13279026.24575346,513.1,-7.12818530818242e-08,535.6,ASK
527,1712178349.7144425,13279912.24575346,513.1,-1.1941445516125993e-07,535.6,ASK
528,1712178350.3344207,13280260.29527236,513.1,-4.690986870043026e-08,535.6,ASK
529,1712178351.9647863,13280270.29527236,513.0,-1.347792947644017e-09,535.6,ASK
530,1712178351.969845,13280412.24459496,513.0,-1.913182959230145e-08,535.6,ASK
531,1712178355.7243707,13280431.74157292,512.9,-2.627788939578996e-09,535.6,ASK
532,1712178360.145945,13280431.74157292,512.9,-0.0,535.6,ASK
533,1712178369.8449037,13280442.46700193,512.8,-1.4447988092000999e-09,535.6,ASK
534,1712178369.8497891,13280508.07347618,512.8,-8.83770297558903e-09,535.6,ASK
535,1712178374.4943297,13280977.52856525,512.6,-6.323925626202042e-08,535.6,ASK
536,1712178379.5540693,13280997.05218883,512.2,-2.6299841315856958e-09,535.6,ASK
537,1712178379.559126,13281727.71705503,512.2,-9.842624734733357e-08,535.6,ASK
538,1712178379.5737612,13282488.91276904,512.2,-1.0253899029872384e-07,535.6,ASK
539,1712178382.3638833,13283269.70527343,512.3,-1.05178830568127e-07,535.6,ASK
540,1712178383.2335615,13284017.53134643,512.3,1.0073799554172232e-07,535.6,BID
541,1712178390.1597612,13284017.53134643,512.3,0.0,535.6,BID
542,1712178412.5229795,13284029.21586444,513.5,1.5736061587036247e-09,535.6,BID
543,1712178420.1777585,13284029.21586444,513.5,0.0,535.6,BID
544,1712178425.3631566,13284418.69979823,512.3,-5.245349624936291e-08,535.6,ASK
545,1712178429.2427285,13285240.61878896,512.2,-1.106914071602934e-07,535.6,ASK
546,1712178443.5526557,13285871.47927984,512.9,8.49607275717922e-08,535.6,BID
547,1712178443.5577798,13286646.50905081,512.9,1.0437663189129801e-07,535.6,BID
548,1712178450.143803,13286646.50905081,512.9,0.0,535.6,BID
549,1712178452.032526,13286972.94330504,512.2,-4.3954379892675353e-08,535.6,ASK
550,1712178453.1155283,13287232.9529566,512.2,-3.501030560483216e-08,535.6,ASK
551,1712178480.2138402,13287232.9529566,512.2,-0.0,535.6,ASK
552,1712178488.7414317,13287621.24590381,512.2,-5.228153977125659e-08,535.6,ASK
553,1712178510.2119396,13287621.24590381,512.2,-0.0,535.6,ASK
554,1712178520.9546049,13287632.94409059,512.9,1.5750552370761223e-09,535.6,BID
555,1712178538.9510849,13288094.37881141,512.2,-6.21280192650175e-08,535.6,ASK
556,1712178540.1430058,13288094.37881141,512.2,-0.0,535.6,ASK
557,1712178547.6406183,13292506.37881141,512.2,-5.940165852308627e-07,535.6,ASK
558,1712178547.9404263,13299500.40307919,512.2,-9.416514987688714e-07,535.6,ASK
559,1712178553.6404676,13299898.73563565,512.2,-5.3630132587189563e-08,535.6,ASK
560,1712178553.6502385,13299901.5843963,512.2,-3.835473876471545e-10,535.6,ASK
561,1712178556.160395,13300495.5843963,512.2,-7.99741277486701e-08,535.6,ASK
562,1712178561.9050348,13300701.5843963,512.2,-2.7735135212501763e-08,535.6,ASK
563,1712178570.1501827,13300701.5843963,512.2,-0.0,535.6,ASK
564,1712178586.8799667,13300816.31857385,512.9,1.5433998749876214e-08,535.6,BID
565,1712178586.8897977,13301780.8015663,512.9,1.2974189224035685e-07,535.6,BID
566,1712178588.5506482,13301780.80156652,512.9,2.9566354988875905e-17,535.6,BID
567,1712178600.1752532,13301780.80156652,512.9,0.0,535.6,BID
568,1712178605.209995,13303730.49936252,513.2,2.629067791048966e-07,535.6,BID
569,1712178609.6006238,13303730.49936337,513.2,1.1453268770101768e-16,535.6,BID
570,1712178609.7195044,13306194.59644561,513.6,3.322708927622799e-07,535.6,BID
571,1712178609.7795348,13312465.86762861,513.6,8.456488544009637e-07,535.6,BID
572,1712178609.7995293,13312465.86762893,513.6,4.3200926062664564e-17,535.6,BID
573,1712178616.0895886,13313493.4608148,513.5,-1.385656870933816e-07,535.6,ASK
574,1712178616.209883,13314415.5654248,513.5,1.2434109199393326e-07,535.6,BID
575,1712178616.229258,13314415.56542578,513.5,1.3211445993582304e-16,535.6,BID
576,1712178622.079526,13315361.81826453,513.0,-1.2759735717240286e-07,535.6,ASK
577,1712178628.1593735,13317308.85876298,513.0,-2.625484561169103e-07,535.6,ASK
578,1712178630.149402,13317308.85876298,513.0,-0.0,535.6,ASK
579,1712178631.700818,13317320.52057056,514.5,1.5708463864179143e-09,535.6,BID
580,1712178660.1549723,13317320.52057056,514.5,0.0,535.6,BID
581,1712178688.4088392,13317340.52057056,514.3,2.6939993754741344e-09,535.6,BID
582,1712178688.414102,13321639.38354684,514.3,5.790567086674908e-07,535.6,BID
583,1712178688.511006,13323901.64510583,514.3,3.047265613537838e-07,535.6,BID
584,1712178688.528561,13324665.01306922,514.5,1.0282564083153833e-07,535.6,BID
585,1712178688.5326376,13327605.9084343,514.5,3.961385138429966e-07,535.6,BID
586,1712178688.5884795,13328135.08890979,514.5,7.128059352418088e-08,535.6,BID
587,1712178688.5924468,13328910.11868076,514.9,1.043964859483985e-07,535.6,BID
588,1712178689.64853,13329142.62761205,514.6,-3.131894578441918e-08,535.6,ASK
589,1712178690.1420264,13329142.62761205,514.6,-0.0,535.6,ASK
590,1712178720.208151,13329142.62761205,514.6,-0.0,535.6,ASK
591,1712178730.3919218,13329406.22816931,515.0,3.5477924144182224e-08,535.6,BID
592,1712178730.410922,13329531.27899177,515.0,1.6830554682758713e-08,535.6,BID
593,1712178731.0680387,13329550.27899177,515.5,-2.557204604366744e-09,535.6,ASK
594,1712178731.0782087,13329881.06523287,515.0,-4.4520426252638966e-08,535.6,ASK
595,1712178750.220322,13329881.06523287,515.0,-0.0,535.6,ASK
596,1712178777.4334147,13330137.88350709,515.0,-3.4563329467555595e-08,535.6,ASK
597,1712178780.152832,13330137.88350709,515.0,-0.0,535.6,ASK
598,1712178784.1245668,13330551.88350709,515.0,-5.571629877899789e-08,535.6,ASK
599,1712178785.2172835,13330824.90989306,515.0,-3.6744008925791226e-08,535.6,ASK
600,1712178810.137215,13330824.90989306,515.0,-0.0,535.6,ASK
601,1712178833.6867452,13330902.57979597,513.9,-1.0452351363793505e-08,535.6,ASK
602,1712178836.696783,13330914.23254407,514.9,1.568157200371747e-09,535.6,BID
603,1712178840.2094133,13330914.23254407,514.9,0.0,535.6,BID
604,1712178870.203957,13330914.23254407,514.9,0.0,535.6,BID
605,1712178873.4265192,13331499.08571944,514.9,7.870555883566874e-08,535.6,BID
606,1712178897.0065658,13332470.14806164,514.9,1.306789593111193e-07,535.6,BID
607,1712178900.1760995,13332470.14806164,514.9,0.0,535.6,BID
608,1712178930.138557,13332470.14806164,514.9,0.0,535.6,BID
609,1712178960.1955256,13332470.14806164,514.9,0.0,535.6,BID
610,1712178969.0998104,13334027.47724209,513.7,-2.0983383385451161e-07,535.6,ASK
611,1712178969.104071,13334433.10951773,513.7,-5.465471051426657e-08,535.6,ASK
612,1712178969.1085732,13334608.40711822,513.9,-2.361951990491528e-08,535.6,ASK
613,1712178969.1114817,13334705.49449686,513.7,-1.3081509763389825e-08,535.6,ASK
614,1712178970.0057302,13335149.49449686,513.5,-5.982436045058066e-08,535.6,ASK
615,1712178980.4226503,13339037.84403926,514.1,5.239144697801353e-07,535.6,BID
616,1712178982.823773,13340402.10051947,513.4,-1.8381930499821346e-07,535.6,ASK
617,1712178982.8264055,13340642.71931206,513.5,-3.2420867970885e-08,535.6,ASK
618,1712178982.8289106,13341128.85961679,513.4,-6.550232617045788e-08,535.6,ASK
619,1712178984.39544,13341512.85961679,513.4,-5.1739987416718403e-08,535.6,ASK
620,1712178985.155471,13341555.87425946,513.4,-5.795773621143946e-09,535.6,ASK
621,1712178987.4452112,13342027.87425946,513.0,-6.359706786638303e-08,535.6,ASK
622,1712178990.1954193,13342027.87425946,513.0,-0.0,535.6,ASK
623,1712178990.542132,13343334.87425946,513.0,-1.759881581107471e-07,535.6,ASK
624,1712178992.8253047,13343588.03881642,513.2,-3.4088725385042884e-08,535.6,ASK
625,1712179017.595713,13343811.457923,512.3,-3.008348665173579e-08,535.6,ASK
626,1712179017.729236,13358465.94150051,512.3,1.9732330320351247e-06,535.6,BID
627,1712179017.7551603,13359051.65020804,512.2,-7.886594998289212e-08,535.6,ASK
628,1712179018.3951535,13360615.0056759,512.3,2.1050654113336938e-07,535.6,BID
629,1712179020.1354158,13360615.0056759,512.3,0.0,535.6,BID
630,1712179044.544806,13360715.65958962,512.3,1.3535739260038381e-08,535.6,BID
631,1712179044.9048543,13367445.89581727,512.3,9.050688579257548e-07,535.6,BID
632,1712179044.9255073,13370657.52556348,512.3,4.318936168303529e-07,535.6,BID
633,1712179045.0053222,13373749.22783056,512.3,4.157660066101462e-07,535.6,BID
634,1712179045.0314662,13374038.21791897,512.3,3.8862815571534144e-08,535.6,BID
635,1712179045.0487938,13380502.52996539,512.3,8.693078999355715e-07,535.6,BID
636,1712179045.104756,13383602.28354046,512.3,4.168487305859753e-07,535.6,BID
637,1712179045.1850443,13390339.58934938,512.3,9.060195612339036e-07,535.6,BID
638,1712179045.1910994,13390889.59370138,512.3,7.396349754758642e-08,535.6,BID
639,1712179045.2049296,13395422.05460865,512.3,6.095163792444265e-07,535.6,BID
640,1712179045.2100313,13409079.02517951,512.3,1.8365623938297e-06,535.6,BID
641,1712179050.1449926,13409079.02517951,512.3,0.0,535.6,BID
642,1712179080.214656,13409079.02517951,512.3,0.0,535.6,BID
643,1712179110.2045586,13409079.02517951,512.3,0.0,535.6,BID
644,1712179140.1369967,13409079.02517951,512.3,0.0,535.6,BID
645,1712179170.1357849,13409079.02517951,512.3,0.0,535.6,BID
646,1712179200.1555994,13409079.02517951,512.3,0.0,535.6,BID
647,1712179219.8109984,13409274.22330561,512.8,-2.6182499168625323e-08,535.6,ASK
648,1712179230.1626794,13409274.22330561,512.8,-0.0,535.6,ASK
649,1712179249.3037164,13409468.88945316,513.7,2.61107927464782e-08,535.6,BID
650,1712179252.5201392,13409882.74834551,512.8,-5.551136599967085e-08,535.6,ASK
651,1712179260.195205,13409882.74834551,512.8,-0.0,535.6,ASK
652,1712179260.3034096,13410284.37460917,512.8,-5.3868333569458834e-08,535.6,ASK
653,1712179263.5935028,13411198.74615223,512.8,-1.2264056349030721e-07,535.6,ASK
654,1712179266.383158,13411450.65503394,512.8,-3.3787411075667245e-08,535.6,ASK
655,1712179274.433385,13411815.88847161,512.8,-4.89871266679423e-08,535.6,ASK
656,1712179278.0832148,13411913.20260162,513.8,1.3052308802258852e-08,535.6,BID
657,1712179285.6991873,13411971.57971779,513.9,7.829861369097813e-09,535.6,BID
658,1712179290.2069185,13411971.57971779,513.9,0.0,535.6,BID
659,1712179291.2431822,13412525.13631894,512.9,-7.423540295851747e-08,535.6,ASK
660,1712179306.0081584,13412914.39283898,513.8,5.2201734310919816e-08,535.6,BID
661,1712179320.133262,13412914.39283898,513.8,0.0,535.6,BID
662,1712179320.9332757,13414460.68503097,514.3,2.073539991285257e-07,535.6,BID
663,1712179320.9390955,13414655.313291,514.0,2.609917340949681e-08,535.6,BID
664,1712179343.658716,13415507.39831908,514.0,-1.142625171911545e-07,535.6,ASK
665,1712179350.1431215,13415507.39831908,514.0,-0.0,535.6,ASK
666,1712179362.4027786,13415701.95084808,514.4,2.6084354492309632e-08,535.6,BID
667,1712179380.1526103,13415701.95084808,514.4,0.0,535.6,BID
668,1712179381.3090432,13416285.49490565,514.1,-7.823679241471383e-08,535.6,ASK
669,1712179409.4627457,13417382.83943748,514.1,-1.471229382431565e-07,535.6,ASK
670,1712179409.6026385,13424314.92466184,514.1,9.293970278053056e-07,535.6,BID
671,1712179410.1465404,13424314.92466184,514.1,0.0,535.6,BID
672,1712179440.1925912,13424314.92466184,514.1,0.0,535.6,BID
673,1712179447.2855954,13429166.60466184,514.8,6.500874582396627e-07,535.6,BID
674,1712179447.2885633,13431786.82309331,514.8,3.510889300505697e-07,535.6,BID
675,1712179447.404303,13436319.28400031,514.8,-6.073145777549051e-07,535.6,ASK
676,1712179447.6699867,13441640.94308231,514.8,-7.130610069576534e-07,535.6,ASK
677,1712179465.5624294,13441650.65376192,515.0,1.3011556873100615e-09,535.6,BID
678,1712179465.567139,13442223.17623757,515.0,7.671356746132426e-08,535.6,BID
679,1712179470.2472072,13442223.17623757,515.0,0.0,535.6,BID
680,1712179495.5338054,13445162.82485986,514.9,3.934041189635441e-07,535.6,BID
681,1712179500.1420364,13445162.82485986,514.9,0.0,535.6,BID
682,1712179515.6320508,13446590.30238421,515.0,1.912909328062895e-07,535.6,BID
683,1712179515.6383934,13446890.30238386,515.0,4.020187974656829e-08,535.6,BID
684,1712179525.7119231,13447713.97647351,515.0,1.103774891370424e-07,535.6,BID
685,1712179525.7172542,13447713.97647417,515.0,8.836056693703531e-17,535.6,BID
686,1712179530.1441336,13447713.97647417,515.0,0.0,535.6,BID
687,1712179543.73165,13447760.05726962,514.7,-6.1740283123682174e-09,535.6,ASK
688,1712179556.4117436,13448060.05726962,515.5,4.0194802967642697e-08,535.6,BID
689,1712179556.417544,13448069.75853053,515.5,1.2998009026418667e-09,535.6,BID
690,1712179560.2132802,13448069.75853053,515.5,0.0,535.6,BID
691,1712179561.97165,13448122.72846253,515.5,-7.096878908814335e-09,535.6,ASK
692,1712179584.1917264,13448122.72846263,515.5,-1.3476026776686185e-17,535.6,ASK
693,1712179584.2027006,13448607.69451453,515.5,-6.497545334099729e-08,535.6,ASK
694,1712179584.211205,13448607.694515,515.5,-6.288812495786885e-17,535.6,ASK
695,1712179590.211432,13448607.694515,515.5,-0.0,535.6,ASK
696,1712179605.881616,13448971.358433,515.5,-4.87216578820716e-08,535.6,ASK
697,1712179605.9083138,13448971.35843352,515.5,-6.962355160239543e-17,535.6,ASK
698,1712179620.1420343,13448971.35843352,515.5,-0.0,535.6,ASK
699,1712179650.148638,13448971.35843352,515.5,-0.0,535.6,ASK
700,1712179680.201368,13448971.35843352,515.5,-0.0,535.6,ASK
701,1712179710.2011912,13448971.35843352,515.5,-0.0,535.6,ASK
702,1712179723.1108136,13449009.58179331,515.5,-5.120823359364715e-09,535.6,ASK
703,1712179740.1323545,13449009.58179331,515.5,-0.0,535.6,ASK
704,1712179770.131559,13449009.58179331,515.5,-0.0,535.6,ASK
705,1712179800.1992657,13449009.58179331,515.5,-0.0,535.6,ASK
706,1712179800.6550438,13449023.13455226,516.5,1.8171194479876247e-09,535.6,BID
707,1712179819.0205624,13449187.97060618,515.7,-2.2100798840628715e-08,535.6,ASK
708,1712179830.1322474,13449187.97060618,515.7,-0.0,535.6,ASK
709,1712179860.2103567,13449187.97060618,515.7,-0.0,535.6,ASK
710,1712179880.0303435,13449474.41784718,516.5,3.840564371124339e-08,535.6,BID
711,1712179880.0500324,13449474.41784723,516.5,6.4931267220773856e-18,535.6,BID
712,1712179885.530689,13449512.64120702,516.5,-5.124827638319392e-09,535.6,ASK
713,1712179888.020169,13449522.37262002,516.5,-1.3047470073493251e-09,535.6,ASK
714,1712179890.1919386,13449522.37262002,516.5,-0.0,535.6,ASK
715,1712179920.1241436,13449522.37262002,516.5,-0.0,535.6,ASK
716,1712179950.134424,13449522.37262002,516.5,-0.0,535.6,ASK
717,1712179962.2612712,13449794.5473538,516.5,-3.64912008109805e-08,535.6,ASK
718,1712179962.264228,13450040.32959336,516.5,-3.295268791112975e-08,535.6,ASK
719,1712179964.0100226,13451635.60907136,516.2,2.1388342324360097e-07,535.6,BID
720,1712179966.5401,13451635.60907196,516.2,8.04130149409259e-17,535.6,BID
721,1712179966.819802,13451655.60907136,516.7,-2.681453874121427e-09,535.6,ASK
722,1712179980.169966,13451655.60907136,516.7,-0.0,535.6,ASK
723,1712180010.1426728,13451655.60907136,516.7,-0.0,535.6,ASK
724,1712180040.2389524,13451655.60907136,516.7,-0.0,535.6,ASK
725,1712180070.1999822,13451655.60907136,516.7,-0.0,535.6,ASK
726,1712180092.611843,13451655.60907186,516.7,6.691772143343766e-17,535.6,BID
727,1712180092.6168046,13452645.75866186,516.7,1.327324274275666e-07,535.6,BID
728,1712180095.619333,13453061.0338285,516.2,-5.56688418347916e-08,535.6,ASK
729,1712180099.2693386,13453271.9506775,517.0,2.827401600290743e-08,535.6,BID
730,1712180100.1289177,13453271.9506775,517.0,0.0,535.6,BID
731,1712180100.1646707,13455786.3360315,517.1,3.372570867444852e-07,535.6,BID
732,1712180100.2215948,13467842.8850815,517.1,1.617157291472636e-06,535.6,BID
733,1712180100.239316,13467842.88508228,517.1,1.0468233340017238e-16,535.6,BID
734,1712180130.129264,13467842.88508228,517.1,0.0,535.6,BID
735,1712180139.798271,13468026.87794355,518.3,2.4654234966497275e-08,535.6,BID
736,1712180151.649114,13468300.45440441,517.4,-3.665804369170141e-08,535.6,ASK
737,1712180151.6591094,13470145.64307455,517.4,-2.472471742510946e-07,535.6,ASK
738,1712180160.188165,13470145.64307455,517.4,-0.0,535.6,ASK
739,1712180175.779291,13471085.8915132,517.7,-1.259690458506814e-07,535.6,ASK
740,1712180175.7843726,13471289.63329755,517.4,-2.7296145485972764e-08,535.6,ASK
741,1712180190.1240008,13471289.63329905,517.4,-2.011344148895831e-16,535.6,ASK
742,1712180190.146503,13471289.63329905,517.4,-0.0,535.6,ASK
743,1712180218.1089568,13471311.28846996,517.4,2.901004351463745e-09,535.6,BID
744,1712180220.1990397,13471311.28846996,517.4,0.0,535.6,BID
745,1712180230.828925,13471330.58231522,518.3,2.5846688198530034e-09,535.6,BID
746,1712180232.9888234,13471949.89798012,518.3,8.296562283233055e-08,535.6,BID
747,1712180232.9989765,13472005.39007188,519.6,7.433908451000382e-09,535.6,BID
748,1712180250.2003376,13472005.39007188,519.6,0.0,535.6,BID
749,1712180280.1351616,13472005.39007188,519.6,0.0,535.6,BID
750,1712180300.712838,13472024.68391714,518.3,-2.584544236347515e-09,535.6,ASK
751,1712180310.1383257,13472024.68391714,518.3,-0.0,535.6,ASK
752,1712180311.1131752,13472193.88091309,519.3,2.2665079407171047e-08,535.6,BID
753,1712180340.2025042,13472193.88091309,519.3,0.0,535.6,BID
754,1712180351.302081,13472213.21953231,517.1,-2.59050805786685e-09,535.6,ASK
755,1712180351.307314,13472284.79078594,517.1,-9.587339568686849e-09,535.6,ASK
756,1712180351.3118448,13476017.28261546,517.0,-4.999865838779548e-07,535.6,ASK
757,1712180351.385208,13477612.56209346,517.0,-2.1369593637869762e-07,535.6,ASK
758,1712180351.4022207,13480054.01642456,517.0,-3.2704543411113185e-07,535.6,ASK
759,1712180351.4084978,13480247.44002223,517.0,-2.59100912358745e-08,535.6,ASK
760,1712180370.2125704,13480247.44002223,517.0,-0.0,535.6,ASK
761,1712180374.8225994,13480416.63701907,517.2,-2.2652178531435258e-08,535.6,ASK
762,1712180374.8324077,13480585.83401591,517.0,-2.2652178531435258e-08,535.6,ASK
763,1712180374.902605,13485728.0622533,517.0,6.88444087415473e-07,535.6,BID
764,1712180400.1573782,13485728.0622533,517.0,0.0,535.6,BID
765,1712180430.147458,13485728.0622533,517.0,0.0,535.6,BID
766,1712180460.196578,13485728.0622533,517.0,0.0,535.6,BID
767,1712180490.208243,13485728.0622533,517.0,0.0,535.6,BID
768,1712180516.4356155,13485761.29275437,517.0,-4.471313946319251e-09,535.6,ASK
769,1712180516.4390142,13485954.71635204,517.0,-2.602601832478377e-08,535.6,ASK
770,1712180520.148872,13485954.71635204,517.0,-0.0,535.6,ASK
771,1712180547.3863685,13486114.90944864,517.0,-2.15543645284462e-08,535.6,ASK
772,1712180547.391759,13487839.57999537,517.0,-2.3205854961645245e-07,535.6,ASK
773,1712180550.161204,13487839.57999537,517.0,-0.0,535.6,ASK
774,1712180580.206788,13487839.57999537,517.0,-0.0,535.6,ASK
775,1712180596.941923,13488039.57999537,517.0,2.69069506661696e-08,535.6,BID
776,1712180610.2078414,13488039.57999537,517.0,0.0,535.6,BID
777,1712180614.5727336,13488239.57999537,516.9,-2.69065763716514e-08,535.6,ASK
778,1712180614.5794115,13488839.30914994,516.9,-8.068329149872194e-08,535.6,ASK
779,1712180633.53772,13498180.02146794,516.9,1.2566329467496367e-06,535.6,BID
780,1712180633.541654,13499006.02693494,516.9,1.1112489590611625e-07,535.6,BID
781,1712180633.5976305,13499832.03240194,516.9,1.1112489590611625e-07,535.6,BID
782,1712180633.627682,13501284.98049394,516.9,1.954692940072911e-07,535.6,BID
783,1712180633.6378615,13502737.92858594,516.9,1.954692940070405e-07,535.6,BID
784,1712180633.641013,13504190.87667794,516.9,1.954692940072911e-07,535.6,BID
785,1712180633.644016,13505643.82476994,516.9,1.954692940072911e-07,535.6,BID
786,1712180633.6473498,13507096.77286194,516.9,1.954692940072911e-07,535.6,BID
787,1712180633.701407,13508486.57455094,516.9,1.8697402643250008e-07,535.6,BID
788,1712180633.7282405,13509799.68734578,517.0,1.7665684849487068e-07,535.6,BID
789,1712180633.7311802,13509799.68734613,516.9,4.711035972340464e-17,535.6,BID
790,1712180640.1399183,13509799.68734613,516.9,0.0,535.6,BID
791,1712180670.150228,13509799.68734613,516.9,0.0,535.6,BID
792,1712180681.2486107,13510138.08133981,517.9,4.5456333896664966e-08,535.6,BID
793,1712180681.255387,13510643.586694,517.9,6.790433812602327e-08,535.6,BID
794,1712180696.758944,13512211.9490662,517.9,2.1067750903753525e-07,535.6,BID
795,1712180700.154533,13512211.9490662,517.9,0.0,535.6,BID
796,1712180730.1518023,13512211.9490662,517.9,0.0,535.6,BID
797,1712180735.9190392,13513225.0262302,517.9,-1.360957552612034e-07,535.6,ASK
798,1712180735.9265292,13513225.02623103,517.9,-1.1160073081287038e-16,535.6,ASK
799,1712180760.2096767,13513225.02623103,517.9,-0.0,535.6,ASK
800,1712180790.2098322,13513225.02623103,517.9,-0.0,535.6,ASK
801,1712180820.150009,13513225.02623103,517.9,-0.0,535.6,ASK
802,1712180827.9806013,13513479.81210086,517.4,3.422526213881188e-08,535.6,BID
803,1712180827.9874043,13514036.04309931,517.4,7.471823984770017e-08,535.6,BID
804,1712180827.9919698,13514291.11908203,517.4,3.426423286245178e-08,535.6,BID
805,1712180828.0600102,13514291.11908255,517.4,6.980809286846525e-17,535.6,BID
806,1712180850.1478274,13514291.11908255,517.4,0.0,535.6,BID
807,1712180859.2462778,13514310.39804919,518.7,2.589542350747895e-09,535.6,BID
808,1712180880.210847,13514310.39804919,518.7,0.0,535.6,BID
809,1712180910.214293,13514310.39804919,518.7,0.0,535.6,BID
810,1712180932.2558558,13514610.39804919,518.6,4.0295814408065976e-08,535.6,BID
811,1712180938.621205,13514872.55079868,518.6,-3.5212195133376545e-08,535.6,ASK
812,1712180938.6813617,13515648.18846751,518.6,-1.0418317183684965e-07,535.6,ASK
813,1712180940.156561,13515648.18846751,518.6,-0.0,535.6,ASK
814,1712180970.1361823,13515648.18846751,518.6,-0.0,535.6,ASK
815,1712181000.1809814,13515648.18846751,518.6,-0.0,535.6,ASK
816,1712181030.1442685,13515648.18846751,518.6,-0.0,535.6,ASK
817,1712181060.211436,13515648.18846751,518.6,-0.0,535.6,ASK
818,1712181090.1943047,13515648.18846751,518.6,-0.0,535.6,ASK
819,1712181120.1811004,13515648.18846751,518.6,-0.0,535.6,ASK
820,1712181150.3928766,13515648.18846751,518.6,-0.0,535.6,ASK
821,1712181180.2129953,13515648.18846751,518.6,-0.0,535.6,ASK
822,1712181181.9240952,13515745.27584615,519.3,1.3049553445568024e-08,535.6,BID
823,1712181181.9281995,13522890.45643851,519.4,9.603865849982154e-07,535.6,BID
824,1712181181.9347942,13525745.27584615,519.4,3.83717419909812e-07,535.6,BID
825,1712181181.9379418,13525765.27584615,519.4,2.6882080098160547e-09,535.6,BID
826,1712181182.1385126,13526065.27584615,519.5,4.0323120147240824e-08,535.6,BID
1026,1712181182.1385126,13526065.27584615,519.5,4.032312014724082e-08,535.6,BID
827,1712181199.1930556,13526234.47284299,519.4,-2.2741836107067453e-08,535.6,ASK
828,1712181199.2031946,13534404.47284299,519.3,-1.0981329720098585e-06,535.6,ASK
829,1712181199.2088764,13534573.66983983,518.7,-2.2741836107067453e-08,535.6,ASK
830,1712181199.2143247,13536075.52191725,519.4,-2.018645392040739e-07,535.6,ASK
831,1712181199.218358,13536441.96625269,518.7,-4.9253929884099816e-08,535.6,ASK
832,1712181210.2290294,13536441.96625269,518.7,-0.0,535.6,ASK
833,1712181240.1665752,13536441.96625269,518.7,-0.0,535.6,ASK
834,1712181270.1577451,13536441.96625269,518.7,-0.0,535.6,ASK
835,1712181300.1971917,13536441.96625269,518.7,-0.0,535.6,ASK
836,1712181329.6337802,13539605.14326987,520.3,4.248997100825278e-07,535.6,BID
837,1712181329.714112,13539625.14326987,520.3,2.686537666243517e-09,535.6,BID
838,1712181329.720428,13541022.95100494,520.3,1.877631565214333e-07,535.6,BID
839,1712181329.7258923,13541042.95100487,520.3,2.686537656985994e-09,535.6,BID
840,1712181329.733376,13541042.95100494,520.3,9.257522751671277e-18,535.6,BID
841,1712181330.1435535,13541042.95100494,520.3,0.0,535.6,BID
842,1712181340.7139788,13541052.89840412,521.0,1.335773592129128e-09,535.6,BID
843,1712181340.8386846,13541731.80588767,521.4,9.116621054205829e-08,535.6,BID
844,1712181358.453706,13541731.80588769,521.4,2.751351757786711e-18,535.6,BID
845,1712181360.2142355,13541731.80588769,521.4,0.0,535.6,BID
846,1712181390.231142,13541731.80588769,521.4,0.0,535.6,BID
847,1712181420.1436498,13541731.80588769,521.4,0.0,535.6,BID
848,1712181450.1442573,13541731.80588769,521.4,0.0,535.6,BID
849,1712181451.534273,13542690.76254284,521.4,-1.2876603979886664e-07,535.6,ASK
850,1712181451.5407767,13542709.94167592,521.4,-2.5753207928809606e-09,535.6,ASK
851,1712181451.634086,13542734.10589042,521.4,3.244703698768248e-09,535.6,BID
852,1712181461.13428,13542749.97096042,522.0,2.1303175947500114e-09,535.6,BID
853,1712181461.1406229,13544320.75334295,522.0,2.1092030145268682e-07,535.6,BID
854,1712181480.214818,13544320.75334295,522.0,0.0,535.6,BID
855,1712181490.3942797,13544420.75334295,522.0,1.3425287476565853e-08,535.6,BID
856,1712181510.2145386,13544420.75334295,522.0,0.0,535.6,BID
857,1712181519.1543858,13544440.75334243,522.0,2.685038608544102e-09,535.6,BID
858,1712181519.15768,13545907.40079495,522.0,1.969002568915547e-07,535.6,BID
859,1712181540.1545446,13545907.40079495,522.0,0.0,535.6,BID
860,1712181566.338236,13547824.57870895,521.6,-2.57358030172298e-07,535.6,ASK
861,1712181570.1567426,13547824.57870895,521.6,-0.0,535.6,ASK
862,1712181598.2260916,13547824.57870906,521.6,-1.4750242116119556e-17,535.6,ASK
863,1712181598.3513684,13549742.85992906,521.3,-2.574715732504472e-07,535.6,ASK
864,1712181600.294911,13549742.85992906,521.3,-0.0,535.6,ASK
865,1712181630.148816,13549742.85992906,521.3,-0.0,535.6,ASK
866,1712181660.2170389,13549742.85992906,521.3,-0.0,535.6,ASK
867,1712181667.9451537,13549742.85992908,521.3,-2.499804067517368e-18,535.6,ASK
868,1712181667.9520285,13551661.50919906,521.2,-2.574965634876168e-07,535.6,ASK
869,1712181668.0562751,13551661.50919999,521.2,-1.2474022296911664e-16,535.6,ASK
870,1712181668.0594814,13553580.89499506,521.0,-2.575954104640762e-07,535.6,ASK
871,1712181668.1282566,13555501.38663959,520.7,-2.577438234335959e-07,535.6,ASK
872,1712181668.133845,13555501.38664106,521.0,-1.9723454092712031e-16,535.6,ASK
873,1712181680.474954,13555501.38664239,520.7,-1.7873599082749175e-16,535.6,ASK
874,1712181680.4815118,13555520.58050035,520.7,-2.5759541056931794e-09,535.6,ASK
875,1712181680.4875033,13557442.54859506,520.3,-2.579419736914999e-07,535.6,ASK
876,1712181680.490939,13557442.54859567,520.3,-8.199357341456965e-17,535.6,ASK
877,1712181681.8459835,13557442.54859574,520.0,-9.24927504981426e-18,535.6,ASK
878,1712181681.8516328,13559365.62551874,520.0,-2.580907864414352e-07,535.6,ASK
879,1712181690.2203093,13559365.62551874,520.0,-0.0,535.6,ASK
880,1712181698.1251369,13561290.18286974,519.6,-2.581159192552435e-07,535.6,ASK
881,1712181698.1456158,13561290.18287054,519.6,-1.0741934856695483e-16,535.6,ASK
882,1712181700.3550963,13561474.72819054,519.5,-2.4750670532595724e-08,535.6,ASK
883,1712181720.1430137,13561474.72819054,519.5,-0.0,535.6,ASK
884,1712181750.1571338,13561474.72819054,519.5,-0.0,535.6,ASK
885,1712181780.21271,13561474.72819054,519.5,-0.0,535.6,ASK
886,1712181788.7271671,13561513.08645674,521.4,5.143740802741095e-09,535.6,BID
887,1712181810.215512,13561513.08645674,521.4,0.0,535.6,BID
888,1712181813.7153668,13561523.08645674,521.4,1.3409696310580335e-09,535.6,BID
889,1712181837.4955032,13561573.08645674,521.4,6.704848155290167e-09,535.6,BID
890,1712181840.1808,13561573.08645674,521.4,0.0,535.6,BID
891,1712181870.1578343,13561573.08645674,521.4,0.0,535.6,BID
1092,1712181887.4653883,13561673.08645674,520.9,1.3409640055941561e-08,535.6,BID
892,1712181887.4653883,13561673.08645674,520.9,1.340964005594156e-08,535.6,BID
1093,1712181892.3458009,13561773.08645674,520.9,1.3409640055941561e-08,535.6,BID
893,1712181892.3458009,13561773.08645674,520.9,1.340964005594156e-08,535.6,BID
894,1712181900.2154615,13561773.08645674,520.9,0.0,535.6,BID
895,1712181930.2154062,13561773.08645674,520.9,0.0,535.6,BID
896,1712181948.0655775,13561790.13384848,520.5,-2.289474542248862e-09,535.6,ASK
897,1712181960.1418447,13561790.13384848,520.5,-0.0,535.6,ASK
898,1712181965.055752,13561809.788998,520.5,-2.639694770230701e-09,535.6,ASK
899,1712181985.0058625,13562913.70097577,521.6,1.482558385847625e-07,535.6,BID
900,1712181985.0132174,13562953.70097577,521.4,5.372016666918619e-09,535.6,BID
901,1712181985.0195932,13563728.73074674,521.6,1.0408682117527029e-07,535.6,BID
902,1712181990.1527226,13563728.73074674,521.6,0.0,535.6,BID
903,1712182020.2157128,13563728.73074674,521.6,0.0,535.6,BID
904,1712182028.5557787,13563728.73074726,522.0,6.978349510426016e-17,535.6,BID
1105,1712182028.5619502,13563748.73074726,522.0,2.68564363148184e-09,535.6,BID
905,1712182028.5619502,13563748.73074726,522.0,2.6856436314818404e-09,535.6,BID
906,1712182050.2198846,13563748.73074726,522.0,0.0,535.6,BID
907,1712182080.142578,13563748.73074726,522.0,0.0,535.6,BID
908,1712182088.9331284,13563875.04014188,521.6,-1.696107728508847e-08,535.6,ASK
909,1712182088.9381878,13563959.54643905,521.6,-1.1347674032263394e-08,535.6,ASK
910,1712182088.9421997,13564159.54643905,521.7,-2.685639866467166e-08,535.6,ASK
911,1712182088.9462347,13567993.90226727,521.6,-5.148849437244214e-07,535.6,ASK
912,1712182098.2560651,13568005.38771903,522.4,1.5422893565212575e-09,535.6,BID
913,1712182110.1585262,13568005.38771903,522.4,0.0,535.6,BID
914,1712182140.2160065,13568005.38771903,522.4,0.0,535.6,BID
915,1712182160.4760292,13568156.70663174,522.4,2.0313348872354458e-08,535.6,BID
916,1712182170.2086856,13568156.70663174,522.4,0.0,535.6,BID
917,1712182178.3560674,13568166.70663174,522.3,1.3424054502960212e-09,535.6,BID
918,1712182200.180721,13568166.70663174,522.3,0.0,535.6,BID
919,1712182204.5261188,13568188.39869174,522.3,2.9127432190876507e-09,535.6,BID
920,1712182209.406185,13568208.39869174,522.4,2.6855385972354584e-09,535.6,BID
921,1712182209.4138937,13568779.75500439,522.4,7.671997151969455e-08,535.6,BID
922,1712182224.9162693,13568779.75500483,522.4,-5.927613447837564e-17,535.6,ASK
923,1712182224.922651,13569221.24176483,522.4,-5.9281486707390086e-08,535.6,ASK
924,1712182230.1936247,13569221.24176483,522.4,-0.0,535.6,ASK
925,1712182243.5763154,13569244.9464117,522.3,-3.182751772581699e-09,535.6,ASK
926,1712182260.2161531,13569244.9464117,522.3,-0.0,535.6,ASK
927,1712182290.2163055,13569244.9464117,522.3,-0.0,535.6,ASK
928,1712182312.1557574,13576380.74749091,521.2,-9.581009961179902e-07,535.6,ASK
929,1712182312.3358676,13576789.09013176,522.3,5.48268493770897e-08,535.6,BID
930,1712182320.1480289,13576789.09013176,522.3,0.0,535.6,BID
931,1712182350.1609068,13576789.09013176,522.3,0.0,535.6,BID
932,1712182380.2081869,13576789.09013176,522.3,0.0,535.6,BID
933,1712182395.4415874,13576933.64664002,521.2,-1.939889354939151e-08,535.6,ASK
934,1712182410.2373977,13576933.64664002,521.2,-0.0,535.6,ASK
935,1712182440.158129,13576933.64664002,521.2,-0.0,535.6,ASK
936,1712182470.1523964,13576933.64664002,521.2,-0.0,535.6,ASK
937,1712182481.432923,13577708.67640099,521.4,-1.0400477987185049e-07,535.6,ASK
938,1712182481.558839,13578215.17538512,521.4,6.796940969576441e-08,535.6,BID
939,1712182494.3922188,13578243.8835191,522.5,3.852475486168509e-09,535.6,BID
940,1712182494.4017158,13579938.74674787,522.5,2.274414298626952e-07,535.6,BID
941,1712182494.4921322,13582039.10074301,522.5,-2.818560859446473e-07,535.6,ASK
942,1712182500.1656637,13582039.10074301,522.5,-0.0,535.6,ASK
943,1712182518.021922,13582532.87424914,522.5,-6.62942841154418e-08,535.6,ASK
944,1712182530.1630156,13582532.87424914,522.5,-0.0,535.6,ASK
945,1712182533.3911867,13582542.45359904,522.6,1.2860838809886923e-09,535.6,BID
946,1712182556.7710552,13583771.16813104,522.5,-1.649621290060947e-07,535.6,ASK
947,1712182556.790705,13583771.16813118,522.5,-1.875532729923253e-17,535.6,ASK
948,1712182560.2328875,13583771.16813118,522.5,-0.0,535.6,ASK
949,1712182590.2111857,13583771.16813118,522.5,-0.0,535.6,ASK
950,1712182617.660372,13584146.48393,523.2,5.0383969608308665e-08,535.6,BID
951,1712182617.666859,13584688.86056898,522.6,7.281091864674819e-08,535.6,BID
952,1712182617.6730244,13584708.86056898,523.1,2.684884023898931e-09,535.6,BID
953,1712182617.676638,13585275.50586053,523.1,7.606884452501878e-08,535.6,BID
954,1712182620.1525786,13585275.50586053,523.1,0.0,535.6,BID
955,1712182637.5494688,13585370.0416896,523.1,1.268954674085902e-08,535.6,BID
956,1712182650.1575646,13585370.0416896,523.1,0.0,535.6,BID
957,1712182668.6892016,13585402.26927514,523.1,4.325880911914971e-09,535.6,BID
958,1712182680.2091684,13585402.26927514,523.1,0.0,535.6,BID
959,1712182710.2121584,13585402.26927514,523.1,0.0,535.6,BID
960,1712182728.688606,13585412.26927514,522.2,-1.3422883069454967e-09,535.6,ASK
961,1712182728.6932647,13586187.29904611,522.3,-1.0403133991081397e-07,535.6,ASK
962,1712182728.6977177,13587245.85529767,522.2,-1.420887678712247e-07,535.6,ASK
963,1712182740.140812,13587245.85529767,522.2,-0.0,535.6,ASK
964,1712182770.1540866,13587245.85529767,522.2,-0.0,535.6,ASK
965,1712182799.1210852,13588203.34284967,522.2,-1.285058270247891e-07,535.6,ASK
966,1712182799.1891806,13588203.34285033,522.2,-8.84958840654218e-17,535.6,ASK
967,1712182800.1893334,13588203.34285033,522.2,-0.0,535.6,ASK
968,1712182818.5274365,13596413.34285033,522.8,1.1033253362723333e-06,535.6,BID
969,1712182818.5371509,13597471.89910189,522.7,1.4225723900329085e-07,535.6,BID
970,1712182818.5422482,13597765.40060515,522.9,3.944307488180381e-08,535.6,BID
971,1712182830.1371417,13597765.40060515,522.9,0.0,535.6,BID
972,1712182832.617151,13598070.66958813,521.8,-4.0996940949410267e-08,535.6,ASK
973,1712182832.6253884,13598089.66958813,521.6,-2.5516574610162957e-09,535.6,ASK
974,1712182832.6294992,13601578.87045102,521.5,-4.685918639356866e-07,535.6,ASK
975,1712182832.7773569,13601635.7709421,521.2,-7.641608557790878e-09,535.6,ASK
976,1712182832.7832563,13603366.80244637,521.2,-2.324736554275797e-07,535.6,ASK
977,1712182844.3366516,13603386.80244637,521.2,-2.6859552221224167e-09,535.6,ASK
978,1712182847.9467838,13603568.94569726,521.2,-2.4461430795127693e-08,535.6,ASK
979,1712182860.1602938,13603568.94569726,521.2,-0.0,535.6,ASK
980,1712182890.1465323,13603568.94569726,521.2,-0.0,535.6,ASK
981,1712182896.923056,13605497.57047784,521.2,-2.589047734504309e-07,535.6,ASK
982,1712182901.5763535,13607097.57047784,521.4,-2.147891293795497e-07,535.6,ASK
983,1712182920.2060251,13607097.57047784,521.4,-0.0,535.6,ASK
984,1712182950.205623,13607097.57047784,521.4,-0.0,535.6,ASK
985,1712182960.396021,13607517.83538571,521.5,-5.640378063315096e-08,535.6,ASK
986,1712182960.4041572,13607688.92679049,521.4,-2.2962188569038813e-08,535.6,ASK
987,1712182980.1329017,13607688.92679049,521.4,-0.0,535.6,ASK
988,1712183010.145246,13607688.92679049,521.4,-0.0,535.6,ASK
989,1712183040.198774,13607688.92679049,521.4,-0.0,535.6,ASK
990,1712183047.3553667,13607835.74869602,521.4,-1.9704161997921948e-08,535.6,ASK
991,1712183047.3617632,13608646.41434315,521.2,-1.0879498654946952e-07,535.6,ASK
992,1712183070.2066867,13608646.41434315,521.2,-0.0,535.6,ASK
993,1712183085.587975,13611068.7766506,521.2,-3.250701758623289e-07,535.6,ASK
994,1712183085.5945745,13611873.94741038,521.2,-1.0805031092006516e-07,535.6,ASK
995,1712183100.1754725,13611873.94741038,521.2,-0.0,535.6,ASK
996,1712183111.2007473,13612781.29337337,520.6,-1.2194470045248232e-07,535.6,ASK
997,1712183112.0910232,13612791.29337337,520.9,1.3439713783552279e-09,535.6,BID
998,1712183130.1534142,13612791.29337337,520.9,0.0,535.6,BID
999,1712183160.176469,13612791.29337337,520.9,0.0,535.6,BID
1000,1712183190.1262684,13612791.29337337,520.9,0.0,535.6,BID
1201,1712183197.5741923,13612946.61772911,520.5,-2.0873809072915092e-08,535.6,ASK
1202,1712183197.5769336,13612956.61772911,520.3,-1.3438851217797841e-09,535.6,ASK
1203,1712183197.5794926,13613596.46413315,520.3,-8.598800626139648e-08,535.6,ASK
1204,1712183202.4936953,13614091.80353207,520.3,-6.656792484381465e-08,535.6,ASK
1205,1712183220.2036006,13614091.80353207,520.3,-0.0,535.6,ASK
1206,1712183250.2033155,13614091.80353207,520.3,-0.0,535.6,ASK
1207,1712183280.1433375,13614091.80353207,520.3,-0.0,535.6,ASK
1208,1712183310.137922,13614091.80353207,520.3,-0.0,535.6,ASK
1209,1712183316.4732103,13614195.21218775,522.2,1.3895671726265829e-08,535.6,BID
1210,1712183340.212669,13614195.21218775,522.2,0.0,535.6,BID
1211,1712183353.1326962,13615938.89384002,522.2,2.3430777490444498e-07,535.6,BID
1212,1712183353.1342645,13616600.51494531,522.2,8.890554580778376e-08,535.6,BID
1213,1712183370.1949422,13616600.51494531,522.2,0.0,535.6,BID
1214,1712183400.2926702,13616600.51494531,522.2,0.0,535.6,BID
1215,1712183400.6081867,13616613.91463903,522.4,1.8122549546110041e-09,535.6,BID
1216,1712183423.0622275,13616633.06439008,522.2,-2.5899271987643604e-09,535.6,ASK
1217,1712183430.1991892,13616633.06439008,522.2,-0.0,535.6,ASK
1218,1712183458.1220994,13617768.25019304,521.7,1.535289842312088e-07,535.6,BID
1219,1712183458.2019565,13618799.79124459,521.7,-1.39511478582782e-07,535.6,ASK
1220,1712183460.1323197,13618799.79124459,521.7,-0.0,535.6,ASK
1221,1712183461.772523,13618899.79124459,521.1,-1.3522501429179338e-08,535.6,ASK
1222,1712183461.7755034,13619296.54445894,521.1,-5.3650959080789684e-08,535.6,ASK
1223,1712183490.1420877,13619296.54445894,521.1,-0.0,535.6,ASK
1224,1712183493.4817915,13619306.14399908,521.4,1.2980525152917268e-09,535.6,BID
1225,1712183506.1919773,13619317.20733881,521.0,-1.495987907506452e-09,535.6,ASK
1226,1712183520.2027297,13619317.20733881,521.0,-0.0,535.6,ASK
1227,1712183524.9118028,13619758.69409881,521.0,5.969787682479285e-08,535.6,BID
1228,1712183524.9315405,13619758.69409925,521.0,5.944061996823305e-17,535.6,BID
1229,1712183550.222973,13619758.69409925,521.0,0.0,535.6,BID
1230,1712183580.141179,13619758.69409925,521.0,0.0,535.6,BID
1231,1712183610.135884,13619758.69409925,521.0,0.0,535.6,BID
1232,1712183637.8264456,13620350.7097433,520.4,-8.004991542861818e-08,535.6,ASK
1233,1712183640.1956477,13620350.7097433,520.4,-0.0,535.6,ASK
1234,1712183670.19075,13620350.7097433,520.4,-0.0,535.6,ASK
1235,1712183686.9910274,13634351.54167111,520.4,-1.8930559287398567e-06,535.6,ASK
1236,1712183700.129987,13634351.54167111,520.4,-0.0,535.6,ASK
1237,1712183730.1488135,13634351.54167111,520.4,-0.0,535.6,ASK
1238,1712183739.8504286,13634370.71345025,521.6,2.5939941380345307e-09,535.6,BID
1239,1712183744.2705731,13634659.19346238,520.4,-3.903213441909257e-08,535.6,ASK
1240,1712183760.2045972,13634659.19346238,520.4,-0.0,535.6,ASK
1241,1712183790.19397,13634659.19346238,520.4,-0.0,535.6,ASK
1242,1712183812.6800816,13634668.7838146,521.4,1.2975727655282515e-09,535.6,BID
1243,1712183820.1401496,13634668.7838146,521.4,0.0,535.6,BID
1244,1712183850.1329627,13634668.7838146,521.4,0.0,535.6,BID
1245,1712183860.7300427,13635626.6332686,521.4,1.295967546906818e-07,535.6,BID
1246,1712183860.7499835,13635626.63326922,521.4,8.392111192664972e-17,535.6,BID
1247,1712183861.1001203,13636112.59567748,520.9,6.575057358863606e-08,535.6,BID
1248,1712183861.1031334,13636596.19139421,520.9,6.543036090768856e-08,535.6,BID
1249,1712183861.110278,13636596.19139422,520.9,1.2600767556554013e-18,535.6,BID
1250,1712183880.223716,13636596.19139422,520.9,0.0,535.6,BID
1251,1712183910.193553,13636596.19139422,520.9,0.0,535.6,BID
1252,1712183912.159745,13636605.982141,521.9,1.324505208318136e-09,535.6,BID
1253,1712183934.900037,13636721.83182589,521.7,-1.5672299004911543e-08,535.6,ASK
1254,1712183940.1687136,13636721.83182589,521.7,-0.0,535.6,ASK
1255,1712183970.142409,13636721.83182589,521.7,-0.0,535.6,ASK
1256,1712183974.9393694,13636752.03359189,521.7,4.085698726480648e-09,535.6,BID
1257,1712184000.1705527,13636752.03359189,521.7,0.0,535.6,BID
1258,1712184014.720507,13636752.03359247,521.7,7.844253226087045e-17,535.6,BID
1259,1712184014.723701,13637324.87745738,521.7,7.757063675208614e-08,535.6,BID
1260,1712184014.8192458,13637921.28795263,521.7,-8.07618702338358e-08,535.6,ASK
1261,1712184030.1388574,13637921.28795263,521.7,-0.0,535.6,ASK
1262,1712184044.7792587,13638228.06590163,521.7,4.153836112619101e-08,535.6,BID
1263,1712184044.8196127,13638228.06590219,521.7,7.591399368957457e-17,535.6,BID
1264,1712184060.2054596,13638228.06590219,521.7,0.0,535.6,BID
1265,1712184090.1949792,13638228.06590219,521.7,0.0,535.6,BID
1266,1712184120.129302,13638228.06590219,521.7,0.0,535.6,BID
1267,1712184150.1333168,13638228.06590219,521.7,0.0,535.6,BID
1268,1712184161.7692547,13638588.47002341,521.7,-4.879839692908828e-08,535.6,ASK
1269,1712184162.5294907,13639005.66536778,521.7,-5.648787794825016e-08,535.6,ASK
1270,1712184169.252179,13639824.0109805,521.7,-1.1080326689794585e-07,535.6,ASK
1271,1712184169.3091934,13640662.5170545,521.7,-1.135329753943653e-07,535.6,ASK
1272,1712184169.376104,13641479.766546,521.7,-1.106548530613037e-07,535.6,ASK
1273,1712184169.554505,13642233.28282925,521.7,-1.020254334441491e-07,535.6,ASK
1274,1712184169.6487834,13643686.92289973,521.7,-1.9682157049488338e-07,535.6,ASK
1275,1712184169.651202,13645141.06207721,521.7,-1.968891491377071e-07,535.6,ASK
1276,1712184170.2203777,13645678.71063421,521.7,-7.27971356265577e-08,535.6,ASK
1277,1712184170.4291518,13647863.16724721,521.7,-2.957734792673641e-07,535.6,ASK
1278,1712184170.438732,13651645.73889433,521.7,-5.121568311261803e-07,535.6,ASK
1279,1712184180.2032783,13651645.73889433,521.7,-0.0,535.6,ASK
1280,1712184185.2686522,13652449.93866687,521.7,-1.0878482715945109e-07,535.6,ASK
1281,1712184185.348693,13653556.15548085,521.7,-1.496389442258885e-07,535.6,ASK
1282,1712184185.3884025,13654374.8486494,521.7,-1.1074536188423121e-07,535.6,ASK
1283,1712184187.254318,13654989.18043269,521.7,-8.310121333751023e-08,535.6,ASK
1284,1712184210.1942928,13654989.18043269,521.7,-0.0,535.6,ASK
1285,1712184221.911787,13655009.18043269,522.6,2.704779812401705e-09,535.6,BID
1286,1712184221.914276,13659499.75461651,523.6,6.07300719924405e-07,535.6,BID
1287,1712184221.918746,13660666.37381984,522.3,1.5777240349623361e-07,535.6,BID
1288,1712184221.921224,13660703.57894315,523.1,5.031583322463093e-09,535.6,BID
1289,1712184221.9237013,13669170.21913322,523.2,1.1450198732485805e-06,535.6,BID
1290,1712184236.4786353,13671015.40780373,521.8,-2.495414533031952e-07,535.6,ASK
1291,1712184236.4885828,13672748.84278842,521.8,-2.344279976352134e-07,535.6,ASK
1292,1712184236.4916444,13680598.84278842,521.9,-1.0616260763676691e-06,535.6,ASK
1293,1712184236.4940865,13686694.69937211,521.8,-8.243974913430734e-07,535.6,ASK
1294,1712184240.1385777,13686694.69937211,521.8,-0.0,535.6,ASK
1295,1712184270.1423695,13686694.69937211,521.8,-0.0,535.6,ASK
1296,1712184284.3082752,13686953.80226111,521.8,3.4962487565837714e-08,535.6,BID
1297,1712184300.1583157,13686953.80226111,521.8,0.0,535.6,BID
1298,1712184301.2282202,13686963.36332981,522.6,1.2931035083151743e-09,535.6,BID
1299,1712184330.1427352,13686963.36332981,522.6,0.0,535.6,BID
1300,1712184355.0086403,13686975.31210981,522.5,-1.616032619757514e-09,535.6,ASK
1301,1712184355.0182064,13687963.36332981,522.5,-1.336306301967927e-07,535.6,ASK
1302,1712184360.2009523,13687963.36332981,522.5,-0.0,535.6,ASK
1303,1712184360.511299,13688060.81022121,522.5,1.3178435591472306e-08,535.6,BID
1304,1712184360.513913,13688434.07132827,522.6,5.0478751938234164e-08,535.6,BID
1305,1712184377.088312,13688693.17421727,522.4,-3.504032489060189e-08,535.6,ASK
1306,1712184377.1085837,13689434.07132827,522.4,-1.0019678120903982e-07,535.6,ASK
1307,1712184390.1984978,13689434.07132827,522.4,-0.0,535.6,ASK
1308,1712184401.6688073,13689687.65767427,521.9,3.4290720300684066e-08,535.6,BID
1309,1712184403.484882,13689687.65767464,521.9,5.0122640761137536e-17,535.6,BID
1310,1712184420.1488578,13689687.65767464,521.9,0.0,535.6,BID
1311,1712184450.142639,13689687.65767464,521.9,0.0,535.6,BID
1312,1712184456.3594265,13689725.92786216,522.6,5.174919042895672e-09,535.6,BID
1313,1712184459.0700402,13691642.00373876,522.6,2.590929959879657e-07,535.6,BID
1314,1712184467.4594293,13693642.00373876,521.9,-2.704412692130199e-07,535.6,ASK
1315,1712184480.199712,13693642.00373876,521.9,-0.0,535.6,ASK
1316,1712184510.1930535,13693642.00373876,521.9,-0.0,535.6,ASK
1317,1712184540.1406558,13693642.00373876,521.9,-0.0,535.6,ASK
1318,1712184570.1371903,13693642.00373876,521.9,-0.0,535.6,ASK
1319,1712184582.3402247,13696173.34604376,522.6,3.421941552696279e-07,535.6,BID
1320,1712184600.1641812,13696173.34604376,522.6,0.0,535.6,BID
1321,1712184630.130302,13696173.34604376,522.6,0.0,535.6,BID
1322,1712184646.6107464,13696173.34604398,522.6,2.9736256060129444e-17,535.6,BID
1323,1712184646.6142907,13698728.53819443,522.6,3.4569867854264695e-07,535.6,BID
1324,1712184660.2046194,13698728.53819443,522.6,0.0,535.6,BID
1325,1712184690.2007816,13698728.53819443,522.6,0.0,535.6,BID
1326,1712184718.333318,13699111.24006966,522.9,5.176739264860824e-08,535.6,BID
1327,1712184720.131273,13699111.24006966,522.9,0.0,535.6,BID
1328,1712184750.131626,13699111.24006966,522.9,0.0,535.6,BID
1329,1712184767.8424764,13699493.7955402,522.8,5.1746188023931095e-08,535.6,BID
1330,1712184780.2014785,13699493.7955402,522.8,0.0,535.6,BID
1331,1712184810.2061872,13699493.7955402,522.8,0.0,535.6,BID
1332,1712184823.951546,13699803.22769708,522.8,4.18540646934849e-08,535.6,BID
1333,1712184823.9629495,13701265.71449236,522.7,1.9781724550001386e-07,535.6,BID
1334,1712184823.9655435,13701405.61698219,522.8,1.892333337028553e-08,535.6,BID
1335,1712184828.3450165,13701424.74109769,522.9,2.58674462098512e-09,535.6,BID
1336,1712184840.1518826,13701424.74109769,522.9,0.0,535.6,BID
1337,1712184870.1305237,13701424.74109769,522.9,0.0,535.6,BID
1338,1712184900.1920428,13701424.74109769,522.9,0.0,535.6,BID
1339,1712184930.2020533,13701424.74109769,522.9,0.0,535.6,BID
1340,1712184960.1221244,13701424.74109769,522.9,0.0,535.6,BID
1341,1712184990.1448455,13701424.74109769,522.9,0.0,535.6,BID
1342,1712185020.194808,13701424.74109769,522.9,0.0,535.6,BID
1343,1712185045.4142797,13701495.0752916,522.7,9.52864761087834e-09,535.6,BID
1344,1712185050.2026973,13701495.0752916,522.7,0.0,535.6,BID
1345,1712185072.6631474,13703123.35406881,522.7,2.2059280902252482e-07,535.6,BID
1346,1712185072.666774,13703930.84915806,522.7,1.0939626094905777e-07,535.6,BID
1347,1712185080.1331096,13703930.84915806,522.7,0.0,535.6,BID
1348,1712185110.1355965,13703930.84915806,522.7,0.0,535.6,BID
1349,1712185140.195632,13703930.84915806,522.7,0.0,535.6,BID
1350,1712185170.197209,13703930.84915806,522.7,0.0,535.6,BID
1351,1712185200.195863,13703930.84915806,522.7,0.0,535.6,BID
1352,1712185209.6179662,13704888.22487606,522.0,-1.297470592018258e-07,535.6,ASK
1353,1712185230.1334553,13704888.22487606,522.0,-0.0,535.6,ASK
1354,1712185260.212072,13704888.22487606,522.0,-0.0,535.6,ASK
1355,1712185266.8729498,13704888.22487633,522.0,-3.660023129558488e-17,535.6,ASK
1356,1712185290.2086673,13704888.22487633,522.0,-0.0,535.6,ASK
1357,1712185320.1256988,13704888.22487633,522.0,-0.0,535.6,ASK
1358,1712185322.2230797,13706986.4194647,521.1,-2.843357479317256e-07,535.6,ASK
1359,1712185322.282812,13711838.57479838,521.1,6.575373054193012e-07,535.6,BID
1360,1712185350.134749,13711838.57479838,521.1,0.0,535.6,BID
1361,1712185380.2027004,13711838.57479838,521.1,0.0,535.6,BID
1362,1712185403.732937,13711848.15150782,522.1,1.2971461445407358e-09,535.6,BID
1363,1712185410.2029848,13711848.15150782,522.1,0.0,535.6,BID
1364,1712185440.137563,13711848.15150782,522.1,0.0,535.6,BID
1365,1712185447.782799,13711898.15150782,522.1,6.772395435989402e-09,535.6,BID
1366,1712185470.1361816,13711898.15150782,522.1,0.0,535.6,BID
1367,1712185489.3932354,13712089.68569667,522.1,2.5942813597950087e-08,535.6,BID
1368,1712185500.203042,13712089.68569667,522.1,0.0,535.6,BID
1369,1712185530.2056415,13712089.68569667,522.1,0.0,535.6,BID
1370,1712185560.137722,13712089.68569667,522.1,0.0,535.6,BID
1371,1712185590.1475506,13712089.68569667,522.1,0.0,535.6,BID
1372,1712185620.213631,13712089.68569667,522.1,0.0,535.6,BID
1373,1712185650.2033193,13712089.68569667,522.1,0.0,535.6,BID
1374,1712185680.1488965,13712089.68569667,522.1,0.0,535.6,BID
1375,1712185710.1331923,13712089.68569667,522.1,0.0,535.6,BID
1376,1712185737.8033612,13713029.89732167,522.2,-1.276114626090464e-07,535.6,ASK
1377,1712185737.8233745,13713029.89732199,522.2,-4.348331467635519e-17,535.6,ASK
1378,1712185740.1942043,13713029.89732199,522.2,-0.0,535.6,ASK
1379,1712185750.313691,13713560.51115699,522.1,-7.20134635630011e-08,535.6,ASK
1380,1712185770.2035728,13713560.51115699,522.1,-0.0,535.6,ASK
1381,1712185800.1580548,13713560.51115699,522.1,-0.0,535.6,ASK
1382,1712185809.593959,13713570.51115699,522.0,-1.360153626553153e-09,535.6,ASK
1383,1712185809.597689,13715217.00828299,522.0,-2.239489037038249e-07,535.6,ASK
1384,1712185809.6134198,13715217.00828342,522.0,-5.852347011375772e-17,535.6,ASK
1385,1712185830.1372302,13715217.00828342,522.0,-0.0,535.6,ASK
1386,1712185841.7836783,13715255.32980095,521.9,-5.211702149247004e-09,535.6,ASK
1387,1712185841.7873724,13715265.32980095,521.9,-1.3599936758909191e-09,535.6,ASK
1388,1712185860.203386,13715265.32980095,521.9,-0.0,535.6,ASK
1389,1712185868.2783232,13715284.32980095,521.9,-2.583979121743709e-09,535.6,ASK
1390,1712185872.359085,13715863.92794623,521.9,-7.88247108634202e-08,535.6,ASK
1391,1712185874.0772834,13715863.92794636,521.9,-1.7732238546215748e-17,535.6,ASK
1392,1712185874.0810869,13716837.88132936,521.9,-1.3245658985370044e-07,535.6,ASK
1393,1712185874.21354,13716857.04576017,521.8,-2.606341531236841e-09,535.6,ASK
1394,1712185874.2174118,13716867.04576017,521.8,-1.3599890114440575e-09,535.6,ASK
1395,1712185890.198678,13716867.04576017,521.8,-0.0,535.6,ASK
1396,1712185892.543403,13716878.54001304,522.0,1.563028065491887e-09,535.6,BID
1397,1712185920.1372905,13716878.54001304,522.0,0.0,535.6,BID
1398,1712185923.523623,13717267.04576004,522.0,5.2830305509142536e-08,535.6,BID
1399,1712185924.4343095,13717267.04576017,522.0,1.7730208403413668e-17,535.6,BID
1400,1712185942.293275,13717489.71923345,522.0,3.027988057578884e-08,535.6,BID
1401,1712185950.1336555,13717489.71923345,522.0,0.0,535.6,BID
1402,1712185964.663701,13717508.85432721,522.6,2.601940903133481e-09,535.6,BID
1403,1712185971.893816,13717514.42891775,522.6,7.580185041194644e-10,535.6,BID
1404,1712185971.8978338,13717527.98942097,522.6,1.8439223992672943e-09,535.6,BID
1405,1712185980.2134662,13717527.98942097,522.6,0.0,535.6,BID
1406,1712186010.1934423,13717527.98942097,522.6,0.0,535.6,BID
1407,1712186012.837736,13717547.14650909,522.0,-2.604924555468871e-09,535.6,ASK
1408,1712186012.840906,13717558.57563177,521.1,-1.554098521030628e-09,535.6,ASK
1409,1712186012.8439574,13717568.57563177,521.2,-1.359770618172568e-09,535.6,ASK
1410,1712186012.84698,13717585.34330331,522.0,-2.280018709577645e-09,535.6,ASK
1411,1712186012.8493326,13717604.52979601,521.2,-2.60892290394189e-09,535.6,ASK
1412,1712186040.1577268,13717604.52979601,521.2,-0.0,535.6,ASK
1413,1712186070.146278,13717604.52979601,521.2,-0.0,535.6,ASK
1414,1712186100.154016,13717604.52979601,521.2,-0.0,535.6,ASK
1415,1712186130.1442382,13717604.52979601,521.2,-0.0,535.6,ASK
1416,1712186160.1975183,13717604.52979601,521.2,-0.0,535.6,ASK
1417,1712186190.2135792,13717604.52979601,521.2,-0.0,535.6,ASK
1418,1712186202.10357,13717687.64149813,521.6,-1.1342354828736262e-08,535.6,ASK
1419,1712186220.1437294,13717687.64149813,521.6,-0.0,535.6,ASK
1420,1712186250.1419225,13717687.64149813,521.6,-0.0,535.6,ASK
1421,1712186280.197944,13717687.64149813,521.6,-0.0,535.6,ASK
1422,1712186310.225846,13717687.64149813,521.6,-0.0,535.6,ASK
1423,1712186340.188857,13717687.64149813,521.6,-0.0,535.6,ASK
1424,1712186351.973388,13719604.45192558,521.7,-2.615878971241655e-07,535.6,ASK
1425,1712186363.9534392,13719661.85720686,522.6,7.834122038935087e-09,535.6,BID
1426,1712186370.1590238,13719661.85720686,522.6,0.0,535.6,BID
1427,1712186379.9033086,13720347.55988832,522.6,9.356497137068697e-08,535.6,BID
1428,1712186400.183185,13720347.55988832,522.6,0.0,535.6,BID
1429,1712186421.933512,13722260.11298796,522.6,2.612274975772025e-07,535.6,BID
1430,1712186430.1437323,13722260.11298796,522.6,0.0,535.6,BID
1431,1712186460.2046149,13722260.11298796,522.6,0.0,535.6,BID
1432,1712186490.2051272,13722260.11298796,522.6,0.0,535.6,BID
1433,1712186520.138858,13722260.11298796,522.6,0.0,535.6,BID
1434,1712186550.1465178,13722260.11298796,522.6,0.0,535.6,BID
1435,1712186580.230321,13722260.11298796,522.6,0.0,535.6,BID
1436,1712186580.9080632,13722642.81486319,522.0,-5.226448724753151e-08,535.6,ASK
1437,1712186610.20767,13722642.81486319,522.0,-0.0,535.6,ASK
1438,1712186625.7981975,13728156.24278819,522.0,-7.529323497938751e-07,535.6,ASK
1439,1712186630.7185147,13728166.24278762,522.0,-1.3656337166664574e-09,535.6,ASK
1440,1712186630.7232394,13729909.97121919,522.0,-2.381294474587611e-07,535.6,ASK
1441,1712186630.738134,13729909.97121976,522.0,-7.783694958650366e-17,535.6,ASK
1442,1712186640.1484442,13729909.97121976,522.0,-0.0,535.6,ASK
1443,1712186646.0284843,13729959.97121976,522.4,6.824633490798851e-09,535.6,BID
1444,1712186661.539099,13734584.35000925,522.4,6.311938072178782e-07,535.6,BID
1445,1712186661.543164,13735309.37978022,522.4,9.896124913580868e-08,535.6,BID
1446,1712186661.65894,13739766.51922622,522.4,-6.083668627265953e-07,535.6,ASK
1447,1712186661.663051,13761153.15087479,522.4,-2.91911845208423e-06,535.6,ASK
1448,1712186661.6788137,13761456.77100513,522.4,-4.144192219993203e-08,535.6,ASK
1449,1712186661.682009,13765610.13114413,522.4,-5.669032140795258e-07,535.6,ASK
1450,1712186661.6883495,13770596.48298587,522.4,-6.806004755209491e-07,535.6,ASK
1451,1712186661.698518,13770823.06797821,522.4,-3.0927190544696723e-08,535.6,ASK
1452,1712186661.7387304,13771264.21640338,522.4,-6.021352633647002e-08,535.6,ASK
1453,1712186661.7419784,13775662.03213417,522.4,-6.00269610454185e-07,535.6,ASK
1454,1712186670.1492512,13775662.03213417,522.4,-0.0,535.6,ASK
1455,1712186677.320012,13777578.84256161,521.7,-2.607798321703953e-07,535.6,ASK
1456,1712186677.3991704,13777957.51683307,521.6,-5.15181947808044e-08,535.6,ASK
1457,1712186677.4090576,13778057.51683307,521.6,-1.3604883844389108e-08,535.6,ASK
1458,1712186700.213974,13778057.51683307,521.6,-0.0,535.6,ASK
1459,1712186717.494925,13778057.51683308,521.6,-1.2705828042442105e-18,535.6,ASK
1460,1712186730.2097282,13778057.51683308,521.6,-0.0,535.6,ASK
1461,1712186760.1528463,13778057.51683308,521.6,-0.0,535.6,ASK
1462,1712186762.93015,13778067.10351505,521.8,1.3078898323910878e-09,535.6,BID
1463,1712186790.1502066,13778067.10351505,521.8,0.0,535.6,BID
1464,1712186820.2412343,13778067.10351505,521.8,0.0,535.6,BID
1465,1712186850.2109451,13778067.10351505,521.8,0.0,535.6,BID
1466,1712186880.157079,13778067.10351505,521.8,0.0,535.6,BID
1467,1712186910.1464405,13778067.10351505,521.8,0.0,535.6,BID
1468,1712186940.1769469,13778067.10351505,521.8,0.0,535.6,BID
1469,1712186942.606733,13778222.84367222,521.7,2.124727092194337e-08,535.6,BID
1470,1712186945.332281,13778377.0256542,521.7,2.103469266984052e-08,535.6,BID
1471,1712186960.0526676,13782256.77228476,521.7,5.293048964749641e-07,535.6,BID
1472,1712186960.0572393,13783732.83820949,521.7,2.01376274245774e-07,535.6,BID
1473,1712186960.1392646,13784119.0707145,521.7,-5.2692811038120734e-08,535.6,ASK
1474,1712186970.1773925,13784119.0707145,521.7,-0.0,535.6,ASK
1475,1712186972.6526237,13790086.81418973,521.7,-8.138149501682356e-07,535.6,ASK
1476,1712186972.7325284,13795578.71436417,521.7,-7.489246957984234e-07,535.6,ASK
1477,1712186974.1529646,13795578.71436418,521.7,-1.5240418515917913e-18,535.6,ASK
1478,1712186994.3830922,13795597.87879499,521.2,-2.6134334308251022e-09,535.6,ASK
1479,1712186994.3876736,13795607.87879499,521.2,-1.363689564650422e-09,535.6,ASK
1480,1712187000.1952162,13795607.87879499,521.2,-0.0,535.6,ASK
1481,1712187000.557245,13795621.30933988,521.2,1.8397788789417022e-09,535.6,BID
1482,1712187009.0844357,13795851.54725238,521.2,3.153906651316588e-08,535.6,BID
1483,1712187030.1649191,13795851.54725238,521.2,0.0,535.6,BID
1484,1712187046.1739576,13795861.14425871,521.1,-1.3146199599843088e-09,535.6,ASK
1485,1712187046.1775477,13795861.68887602,521.0,-7.460292948225781e-11,535.6,ASK
1486,1712187046.1810238,13795898.6407026,521.1,-5.061746039134351e-09,535.6,ASK
1487,1712187046.1844883,13795908.6407026,521.1,-1.369822958059661e-09,535.6,ASK
1488,1712187052.8344076,13796186.20991565,521.0,-3.802206804857398e-08,535.6,ASK
1489,1712187054.493468,13796953.81690088,521.0,-1.0514856711350161e-07,535.6,ASK
1490,1712187060.2036512,13796953.81690088,521.0,-0.0,535.6,ASK
1491,1712187069.053871,13797353.10606661,521.2,5.469124419939403e-08,535.6,BID
1492,1712187090.2186167,13797353.10606661,521.2,0.0,535.6,BID
1493,1712187120.244439,13797353.10606661,521.2,0.0,535.6,BID
1494,1712187123.7046113,13797361.472706,521.8,1.1459586539568967e-09,535.6,BID
1495,1712187123.7095463,13798339.05131794,521.7,1.3389661227489297e-07,535.6,BID
1496,1712187123.7140226,13798815.57529845,521.8,6.52683537455746e-08,535.6,BID
1497,1712187150.155784,13798815.57529845,521.8,0.0,535.6,BID
1498,1712187151.0248623,13800633.91512304,521.8,2.490276459001693e-07,535.6,BID
1499,1712187153.884257,13806088.9345968,521.8,7.470829376994876e-07,535.6,BID
1500,1712187180.2347026,13806088.9345968,521.8,0.0,535.6,BID
1501,1712187182.285566,13806388.9345968,521.8,-4.106464686398448e-08,535.6,ASK
1502,1712187205.9849432,13808315.30411166,521.8,-2.636856128575991e-07,535.6,ASK
1503,1712187210.2079475,13808315.30411166,521.8,-0.0,535.6,ASK
1504,1712187240.1552258,13808315.30411166,521.8,-0.0,535.6,ASK
1505,1712187252.2055078,13812376.31956751,521.8,-5.557921706719888e-07,535.6,ASK
1506,1712187270.045541,13813219.65246469,521.8,-1.1541887161418317e-07,535.6,ASK
1507,1712187270.155573,13813219.65246469,521.8,-0.0,535.6,ASK
1508,1712187295.4363344,13813410.96679413,522.4,2.6174187092739444e-08,535.6,BID
1509,1712187300.2106657,13813410.96679413,522.4,0.0,535.6,BID
1510,1712187310.9056778,13813477.46111205,522.4,9.108582535177593e-09,535.6,BID
1511,1712187330.2160952,13813477.46111205,522.4,0.0,535.6,BID
1512,1712187360.1568143,13813477.46111205,522.4,0.0,535.6,BID
1513,1712187390.1497395,13813477.46111205,522.4,0.0,535.6,BID
1514,1712187404.8096128,13814956.55411205,521.9,-2.026094406714736e-07,535.6,ASK
1515,1712187420.2199266,13814956.55411205,521.9,-0.0,535.6,ASK
1516,1712187432.6268475,13815991.91921205,521.9,-1.41811613045268e-07,535.6,ASK
1517,1712187450.2174902,13815991.91921205,521.9,-0.0,535.6,ASK
1518,1712187470.7221246,13816183.52679971,521.9,-2.6242115146829162e-08,535.6,ASK
1519,1712187480.179381,13816183.52679971,521.9,-0.0,535.6,ASK
1520,1712187509.4973087,13816411.91140142,521.9,-3.1278578303923226e-08,535.6,ASK
1521,1712187510.1592522,13816411.91140142,521.9,-0.0,535.6,ASK
1522,1712187517.3975067,13816642.14931392,521.9,-3.1531885087650586e-08,535.6,ASK
1523,1712187522.077286,13817060.44028508,521.9,-5.7286407319679216e-08,535.6,ASK
1524,1712187536.7277546,13817070.44028508,521.9,-1.3695348757067855e-09,535.6,ASK
1525,1712187536.7313073,13818407.77111205,521.9,-1.831521207895513e-07,535.6,ASK
1526,1712187540.2374322,13818407.77111205,521.9,-0.0,535.6,ASK
1527,1712187545.7025676,13818718.57111204,521.8,-4.2559072623413973e-08,535.6,ASK
1528,1712187570.2077055,13818718.57111204,521.8,-0.0,535.6,ASK
1529,1712187581.4050157,13819052.42371824,521.8,-4.5714741919033616e-08,535.6,ASK
1530,1712187595.368116,13820436.20430273,521.8,-1.8948233776761448e-07,535.6,ASK
1531,1712187595.416727,13821488.48607781,521.8,-1.440899033901729e-07,535.6,ASK
1532,1712187600.1831434,13821488.48607781,521.8,-0.0,535.6,ASK
1533,1712187615.2421598,13821819.59155199,521.8,-4.5434452424461855e-08,535.6,ASK
1534,1712187616.262143,13823330.50069446,521.8,-2.073276792578755e-07,535.6,ASK
1535,1712187616.2659416,13823498.71977061,521.8,-2.3083102540687228e-08,535.6,ASK
1536,1712187616.2798896,13823522.04922835,521.8,-3.201279412169515e-09,535.6,ASK
1537,1712187616.2820368,13825004.25944557,521.8,-2.0338959893135025e-07,535.6,ASK
1538,1712187616.288046,13826397.50214565,521.8,-1.9118143343697964e-07,535.6,ASK
1539,1712187616.3683915,13827743.65253192,521.8,-1.847194034852588e-07,535.6,ASK
1540,1712187616.4085298,13828636.54385894,521.8,-1.225229773630635e-07,535.6,ASK
1541,1712187616.410719,13828646.54385894,521.8,-1.37220480987323e-09,535.6,ASK
1542,1712187630.1592388,13828646.54385894,521.8,-0.0,535.6,ASK
