,time,acc_trade_volume,trade_price,dev,high,ask_bid
0,1712173460.244522,63263327.86170633,147.5,0.0,152.6,BID
1,1712173470.262232,63263327.86170633,147.5,0.0,152.6,BID
2,1712173471.5523374,63270107.52272327,147.5,6.877205511043795e-07,152.6,BID
3,1712173500.0016067,63270162.52272327,147.5,5.57913297084093e-09,152.6,BID
4,1712173500.212567,63270162.52272327,147.5,0.0,152.6,BID
5,1712173508.2424283,63270217.52272327,147.5,5.580750925713989e-09,152.6,BID
6,1712173530.174501,63270217.52272327,147.5,0.0,152.6,BID
7,1712173545.1223495,63270275.52272327,147.5,5.885150677236912e-09,152.6,BID
8,1712173557.5326252,63270333.52272327,147.5,5.885150677236912e-09,152.6,BID
9,1712173558.952191,63270391.52272327,147.5,5.885150677236912e-09,152.6,BID
10,1712173560.2735827,63270391.52272327,147.5,0.0,152.6,BID
11,1712173563.232193,63270447.52272327,147.3,-5.68219964952137e-09,152.6,ASK
12,1712173564.1322994,63270505.52272327,147.5,5.88513535128999e-09,152.6,BID
13,1712173569.2522256,63270563.52272327,147.5,5.88513535128999e-09,152.6,BID
14,1712173578.86748,63270621.52272327,147.5,5.88513535128999e-09,152.6,BID
15,1712173580.0121195,63270679.52272327,147.5,5.88513535128999e-09,152.6,BID
16,1712173581.1122844,63270737.52272327,147.5,5.88513535128999e-09,152.6,BID
17,1712173582.1518047,63270795.52272327,147.5,5.88513535128999e-09,152.6,BID
18,1712173583.1632304,63270853.52272327,147.5,5.88513535128999e-09,152.6,BID
19,1712173584.7819169,63270911.52272327,147.5,5.88513535128999e-09,152.6,BID
20,1712173586.4520504,63270969.52272327,147.5,5.88513535128999e-09,152.6,BID
21,1712173587.532084,63271027.52272327,147.5,5.88513535128999e-09,152.6,BID
22,1712173588.491934,63271085.52272327,147.5,5.88513535128999e-09,152.6,BID
23,1712173589.3622398,63271143.52272327,147.5,5.88513535128999e-09,152.6,BID
24,1712173590.2720697,63271143.52272327,147.5,0.0,152.6,BID
25,1712173620.182382,63271143.52272327,147.5,0.0,152.6,BID
26,1712173650.1854525,63271143.52272327,147.5,0.0,152.6,BID
27,1712173680.265248,63271143.52272327,147.5,0.0,152.6,BID
28,1712173710.2724972,63271143.52272327,147.5,0.0,152.6,BID
29,1712173740.1824622,63271143.52272327,147.5,0.0,152.6,BID
30,1712173763.091855,63271245.14873953,147.6,1.0311657419686402e-08,152.6,BID
31,1712173770.1734374,63271245.14873953,147.6,0.0,152.6,BID
32,1712173800.19618,63271245.14873953,147.6,0.0,152.6,BID
33,1712173830.1666555,63271245.14873953,147.6,0.0,152.6,BID
34,1712173834.8119605,63271699.97913301,147.4,4.615007294383366e-08,152.6,BID
35,1712173860.262838,63271699.97913301,147.4,0.0,152.6,BID
36,1712173890.2719898,63271699.97913301,147.4,0.0,152.6,BID
37,1712173903.191991,63271711.8677956,147.3,-1.206293425877767e-09,152.6,ASK
38,1712173920.1717029,63271711.8677956,147.3,-0.0,152.6,ASK
39,1712173950.1790612,63271711.8677956,147.3,-0.0,152.6,ASK
40,1712173980.2716477,63271711.8677956,147.3,-0.0,152.6,ASK
41,1712173982.9620209,63271746.14342358,147.3,3.477805601147756e-09,152.6,BID
42,1712173982.9639378,63276641.69654511,147.3,4.967314407084613e-07,152.6,BID
43,1712173983.041957,63283420.2110757,147.3,6.877877136776023e-07,152.6,BID
44,1712173983.0619123,63291431.18279365,147.3,8.128400252527367e-07,152.6,BID
45,1712173990.061994,63291486.18279365,147.6,5.580621547914018e-09,152.6,BID
46,1712174010.253806,63291486.18279365,147.6,0.0,152.6,BID
47,1712174040.172987,63291486.18279365,147.6,0.0,152.6,BID
48,1712174069.2320075,63292163.68956871,147.4,6.872348730384519e-08,152.6,BID
49,1712174070.183211,63292163.68956871,147.4,0.0,152.6,BID
50,1712174074.3918097,63292218.68956871,147.5,5.578916185798803e-09,152.6,BID
51,1712174100.257547,63292218.68956871,147.5,0.0,152.6,BID
52,1712174130.261728,63292218.68956871,147.5,0.0,152.6,BID
53,1712174160.214074,63292218.68956871,147.5,0.0,152.6,BID
54,1712174190.1942766,63292218.68956871,147.5,0.0,152.6,BID
55,1712174220.2125816,63292218.68956871,147.5,0.0,152.6,BID
56,1712174250.1993797,63292218.68956871,147.5,0.0,152.6,BID
57,1712174259.2364612,63292273.68956871,147.6,5.5817848783255205e-09,152.6,BID
58,1712174262.062347,63292328.68956871,147.6,5.5817848783255205e-09,152.6,BID
59,1712174280.267009,63292328.68956871,147.6,0.0,152.6,BID
60,1712174310.2733862,63292328.68956871,147.6,0.0,152.6,BID
61,1712174311.0738685,63306486.40858071,147.6,1.4368220305369147e-06,152.6,BID
62,1712174311.3929706,63306486.40858145,147.6,7.485744525335528e-17,152.6,BID
63,1712174311.3949246,63315413.19375245,147.6,9.059511341265508e-07,152.6,BID
64,1712174332.5027568,63316237.10486858,147.5,-8.361612784216233e-08,152.6,ASK
65,1712174340.1674454,63316237.10486858,147.5,-0.0,152.6,ASK
66,1712174370.1822762,63316237.10486858,147.5,-0.0,152.6,ASK
67,1712174387.483215,63316575.49838308,147.5,-3.4330190711924844e-08,152.6,ASK
68,1712174387.4842114,63317279.32821358,147.5,-7.140388711494517e-08,152.6,ASK
69,1712174387.493767,63317279.32821418,147.5,-6.122507432813391e-17,152.6,ASK
70,1712174400.2630928,63317279.32821418,147.5,-0.0,152.6,ASK
71,1712174404.4954534,63318519.50626826,147.3,-1.2590415769055094e-07,152.6,ASK
72,1712174412.3428776,63318574.50626826,147.6,5.583656838792023e-09,152.6,BID
73,1712174415.972762,63318629.50626826,147.6,5.583656838792023e-09,152.6,BID
74,1712174419.3329413,63318684.50626826,147.7,5.583656838792023e-09,152.6,BID
75,1712174427.1326811,63318739.50626826,147.6,5.583656838792023e-09,152.6,BID
76,1712174430.1902363,63318739.50626826,147.6,0.0,152.6,BID
77,1712174460.26503,63318739.50626826,147.6,0.0,152.6,BID
78,1712174464.1206968,63318794.50626826,147.6,5.583534878578871e-09,152.6,BID
79,1712174465.832896,63318849.50626826,147.7,5.583534878578871e-09,152.6,BID
80,1712174473.1729982,63318949.50626826,147.6,1.015188159741613e-08,152.6,BID
81,1712174474.5829313,63319004.50626826,147.6,5.583534878578871e-09,152.6,BID
82,1712174478.333184,63319059.50626826,147.6,5.583534878578871e-09,152.6,BID
83,1712174479.7728858,63319114.50626826,147.6,5.583534878578871e-09,152.6,BID
84,1712174481.342857,63319169.50626826,147.6,5.583534878578871e-09,152.6,BID
85,1712174482.3831327,63319224.50626826,147.6,5.583534878578871e-09,152.6,BID
86,1712174483.0030851,63323771.0676759,147.6,4.615615308574874e-07,152.6,BID
87,1712174490.2728252,63323771.0676759,147.6,0.0,152.6,BID
88,1712174498.122882,63323826.0676759,147.5,5.583113943241316e-09,152.6,BID
89,1712174500.5671885,63323881.0676759,147.6,5.583113943241316e-09,152.6,BID
90,1712174513.3731155,63323936.0676759,147.6,5.583113943241316e-09,152.6,BID
91,1712174518.4731078,63323991.0676759,147.5,5.583113943241316e-09,152.6,BID
92,1712174520.1831946,63323991.0676759,147.5,0.0,152.6,BID
93,1712174543.4633262,63324046.0676759,147.3,5.5830955460825364e-09,152.6,BID
94,1712174544.9733317,63324101.0676759,147.3,5.5830955460825364e-09,152.6,BID
95,1712174547.7667067,63324369.81257385,147.1,-2.7280517141067497e-08,152.6,ASK
96,1712174547.7675848,63324437.70123644,147.2,-6.891434358991478e-09,152.6,ASK
97,1712174547.7687173,63325162.1098009,147.1,-7.353531326831387e-08,152.6,ASK
98,1712174550.1728995,63325162.1098009,147.1,-0.0,152.6,ASK
99,1712174551.1946063,63325162.10980204,147.1,-1.15714111015536e-16,152.6,ASK
100,1712174551.1969042,63328826.64694206,147.0,-3.7198369402527147e-07,152.6,ASK
101,1712174551.1990595,63356826.12466415,147.0,-2.8422004623994453e-06,152.6,ASK
102,1712174555.9531026,63356881.12466415,147.2,5.58299790387239e-09,152.6,BID
103,1712174557.435233,63356936.12466415,147.2,5.58299790387239e-09,152.6,BID
104,1712174558.5030262,63356991.12466415,147.2,5.58299790387239e-09,152.6,BID
105,1712174559.3832996,63357046.12466415,147.2,5.58299790387239e-09,152.6,BID
106,1712174562.0933433,63357101.12466415,147.2,5.58299790387239e-09,152.6,BID
107,1712174563.1631615,63357156.12466415,147.4,5.58299790387239e-09,152.6,BID
108,1712174575.8131511,63357211.12466415,147.4,5.58299790387239e-09,152.6,BID
109,1712174577.5033417,63357266.12466415,147.4,5.58299790387239e-09,152.6,BID
110,1712174578.653554,63357321.12466415,147.4,5.58299790387239e-09,152.6,BID
111,1712174579.7930353,63357376.12466415,147.4,5.58299790387239e-09,152.6,BID
112,1712174580.2728112,63357376.12466415,147.4,0.0,152.6,BID
113,1712174591.3232365,63357431.12466415,147.4,5.580315397004032e-09,152.6,BID
114,1712174592.3129792,63357486.12466415,147.4,5.580315397004032e-09,152.6,BID
115,1712174593.273137,63357541.12466415,147.4,5.580315397004032e-09,152.6,BID
116,1712174594.5430171,63357596.12466415,147.3,5.580315397004032e-09,152.6,BID
117,1712174610.2632947,63357596.12466415,147.3,0.0,152.6,BID
118,1712174640.1763604,63357596.12466415,147.3,0.0,152.6,BID
119,1712174647.2539394,63358121.76922197,147.0,-5.333186854783812e-08,152.6,ASK
120,1712174647.2559717,63358623.51661617,147.0,-5.0907263613564126e-08,152.6,ASK
121,1712174668.0836082,63359425.81851589,147.0,-8.140150756797265e-08,152.6,ASK
122,1712174668.0855038,63359950.85398964,147.0,-5.3270070910902324e-08,152.6,ASK
123,1712174670.182594,63359950.85398964,147.0,-0.0,152.6,ASK
124,1712174676.0532975,63366919.60236364,147.0,-7.070240043967565e-07,152.6,ASK
125,1712174691.8132057,63366974.60236364,147.2,5.580101067632628e-09,152.6,BID
126,1712174697.7938576,63367029.60236364,147.2,5.580101067632628e-09,152.6,BID
127,1712174700.269111,63367029.60236364,147.2,0.0,152.6,BID
128,1712174702.2632551,63367084.60236364,147.3,5.591373375913203e-09,152.6,BID
129,1712174705.2835033,63367139.60236364,147.3,5.591373375913203e-09,152.6,BID
130,1712174707.8933268,63368074.70236364,147.2,9.50635135240867e-08,152.6,BID
131,1712174709.7133052,63368129.70236364,147.2,5.591373375913203e-09,152.6,BID
132,1712174712.523594,63368392.61392826,147.0,-2.6727940411394923e-08,152.6,ASK
133,1712174712.5261052,63368655.26491564,147.0,-2.6701449781630363e-08,152.6,ASK
134,1712174714.2535312,63368710.26491564,147.2,5.591373375913203e-09,152.6,BID
135,1712174722.9036355,63368765.26491564,147.2,5.591373375913203e-09,152.6,BID
136,1712174724.0332322,63368820.26491564,147.2,5.591373375913203e-09,152.6,BID
137,1712174725.0534904,63368875.26491564,147.2,5.591373375913203e-09,152.6,BID
138,1712174728.063444,63368930.26491564,147.2,5.591373375913203e-09,152.6,BID
139,1712174730.2653646,63368930.26491564,147.2,0.0,152.6,BID
140,1712174743.2036448,63371033.68694486,147.1,-2.138306098381919e-07,152.6,ASK
141,1712174743.206226,63372292.63637307,147.1,-1.2798283951160836e-07,152.6,ASK
142,1712174743.223166,63373231.33911952,147.1,-9.542706025726225e-08,152.6,ASK
143,1712174743.263717,63374494.51088969,147.1,-1.2841207622329936e-07,152.6,ASK
144,1712174743.343058,63375284.49009046,147.1,-8.030805606968013e-08,152.6,ASK
145,1712174760.1934614,63375284.49009046,147.1,-0.0,152.6,ASK
146,1712174760.943224,63375951.58831688,147.1,-6.780972412737974e-08,152.6,ASK
147,1712174763.4141102,63375951.58831693,147.0,-5.301397251555309e-18,152.6,ASK
148,1712174763.4167645,63376476.87669315,147.0,-5.339492516700447e-08,152.6,ASK
149,1712174763.4193604,63377565.42368361,146.9,-1.1064947889151885e-07,152.6,ASK
150,1712174763.421906,63378947.26783523,147.1,-1.4046277893871145e-07,152.6,ASK
151,1712174763.4239752,63379947.26783523,146.9,-1.0164878490417117e-07,152.6,ASK
152,1712174764.2133665,63388047.26783523,146.9,-8.233551577237863e-07,152.6,ASK
153,1712174764.4533372,63388135.26783523,147.1,8.945093071567061e-09,152.6,BID
154,1712174771.2636693,63391284.8540246,146.9,-3.2015160910010175e-07,152.6,ASK
155,1712174771.265942,63392009.52232323,146.9,-7.366165201450632e-08,152.6,ASK
156,1712174772.9937446,63392097.52232323,147.0,8.945093071567061e-09,152.6,BID
157,1712174789.0046618,63392097.52232353,146.9,-3.029369858031605e-17,152.6,ASK
158,1712174789.0074024,63392764.62054965,146.8,-6.780972409708603e-08,152.6,ASK
159,1712174790.1781435,63392764.62054965,146.8,-0.0,152.6,ASK
160,1712174792.24008,63394007.16637906,146.8,-1.262703096434742e-07,152.6,ASK
161,1712174797.0135531,63394065.16637906,147.0,5.894090814188774e-09,152.6,BID
162,1712174797.998611,63395181.89924991,146.8,-1.1348491303458273e-07,152.6,ASK
163,1712174800.7635038,63395239.89924991,147.0,5.894090814188774e-09,152.6,BID
164,1712174808.2978232,63395297.89924991,147.0,5.894090814188774e-09,152.6,BID
165,1712174820.2771437,63395297.89924991,147.0,0.0,152.6,BID
166,1712174825.0372748,63398264.43946699,146.8,-3.0145511404018775e-07,152.6,ASK
167,1712174828.7339156,63399440.11889371,146.8,-1.1947067955350334e-07,152.6,ASK
168,1712174828.7362704,63400627.39916671,146.8,-1.20649539161361e-07,152.6,ASK
169,1712174830.6535742,63401903.53390391,146.8,-1.2967878895380222e-07,152.6,ASK
170,1712174830.6631927,63402318.2432331,146.8,-4.214210459851674e-08,152.6,ASK
171,1712174831.7906363,63403262.97470787,146.8,-9.60021147952539e-08,152.6,ASK
172,1712174832.743384,63404218.23477435,146.8,-9.707201359370886e-08,152.6,ASK
173,1712174833.4834764,63404276.23477435,147.0,5.893868053319557e-09,152.6,BID
174,1712174833.733393,63411055.89579129,146.8,-6.889384048290509e-07,152.6,ASK
175,1712174836.2334168,63411113.89579129,147.0,5.893868053319557e-09,152.6,BID
176,1712174845.1527035,63411964.01582461,146.8,-8.638785010086176e-08,152.6,ASK
177,1712174845.1552107,63412804.52411096,146.8,-8.541111961147482e-08,152.6,ASK
178,1712174845.233359,63413659.96372733,146.8,-8.6928417698183e-08,152.6,ASK
179,1712174846.2972658,63414778.2086458,146.8,-1.136342758746796e-07,152.6,ASK
180,1712174850.2754283,63414778.2086458,146.8,-0.0,152.6,ASK
181,1712174852.9934423,63416864.0713804,146.8,-2.119004857998048e-07,152.6,ASK
182,1712174864.943341,63416919.0713804,147.0,5.5873891055535754e-09,152.6,BID
183,1712174880.194239,63416919.0713804,147.0,0.0,152.6,BID
184,1712174883.7735655,63417396.40038892,146.8,-4.8489777292340615e-08,152.6,ASK
185,1712174883.7758648,63418138.0013866,146.8,-7.533601892068723e-08,152.6,ASK
186,1712174883.8633912,63419097.70897922,146.8,-9.749251899922309e-08,152.6,ASK
187,1712174883.889581,63420126.66832826,146.8,-1.0452750364520385e-07,152.6,ASK
188,1712174897.096907,63420181.66832826,147.0,5.5872107152040975e-09,152.6,BID
189,1712174910.1763103,63420181.66832826,147.0,0.0,152.6,BID
190,1712174919.7935717,63420236.66832826,147.0,5.586938879976615e-09,152.6,BID
191,1712174940.2732737,63420236.66832826,147.0,0.0,152.6,BID
192,1712174957.873486,63420536.66832826,146.8,-3.0474187044758924e-08,152.6,ASK
193,1712174965.5935104,63420591.66832826,147.0,5.586934291539135e-09,152.6,BID
194,1712174970.2583702,63420591.66832826,147.0,0.0,152.6,BID
195,1712175000.2150087,63420591.66832826,147.0,0.0,152.6,BID
196,1712175030.1758554,63420591.66832826,147.0,0.0,152.6,BID
197,1712175053.2939048,63420646.66832826,147.0,5.5878111507312e-09,152.6,BID
198,1712175054.8435023,63420701.66832826,147.0,5.5878111507312e-09,152.6,BID
199,1712175056.8234148,63420756.66832826,147.0,5.5878111507312e-09,152.6,BID
200,1712175060.265037,63420756.66832826,147.0,0.0,152.6,BID
201,1712175080.263498,63424087.78091986,147.0,3.3842876755642253e-07,152.6,BID
202,1712175080.2660542,63455341.03690126,147.0,3.1752156713646395e-06,152.6,BID
203,1712175080.323701,63455341.03690151,147.0,2.573635238935385e-17,152.6,BID
204,1712175086.4679475,63455381.79777107,147.2,4.1411541846092914e-09,152.6,BID
205,1712175090.27157,63455381.79777107,147.2,0.0,152.6,BID
206,1712175096.0996687,63455436.79777107,147.2,5.584909339016258e-09,152.6,BID
207,1712175098.5137205,63455708.5369015,147.2,2.7593425587531583e-08,152.6,BID
208,1712175120.1868713,63455708.5369015,147.2,0.0,152.6,BID
209,1712175150.1839435,63455708.5369015,147.2,0.0,152.6,BID
210,1712175151.7735667,63456615.30615929,147.3,-9.207635206140133e-08,152.6,ASK
211,1712175151.7752128,63457820.8353517,147.3,-1.2241342479016909e-07,152.6,ASK
212,1712175153.083495,63459197.18547212,147.3,-1.39759147279326e-07,152.6,ASK
213,1712175153.1037898,63460576.75004399,147.3,-1.400855533191217e-07,152.6,ASK
214,1712175171.173554,63480576.75004399,147.2,2.0308662048308946e-06,152.6,BID
215,1712175175.1435184,63480631.75004399,147.4,5.58488206328496e-09,152.6,BID
216,1712175176.2535996,63480686.75004399,147.4,5.58488206328496e-09,152.6,BID
217,1712175177.0536468,63480741.75004399,147.4,5.58488206328496e-09,152.6,BID
218,1712175177.8334749,63480796.75004399,147.5,5.58488206328496e-09,152.6,BID
219,1712175178.683725,63480851.75004399,147.5,5.58488206328496e-09,152.6,BID
220,1712175179.9637558,63480906.75004399,147.5,5.58488206328496e-09,152.6,BID
221,1712175180.2695644,63480906.75004399,147.5,0.0,152.6,BID
222,1712175180.7650557,63480961.75004399,147.5,5.582779030876006e-09,152.6,BID
223,1712175210.28209,63480961.75004399,147.5,0.0,152.6,BID
224,1712175235.674651,63483127.1256895,147.1,-2.19796432601497e-07,152.6,ASK
225,1712175240.2068412,63483127.1256895,147.1,-0.0,152.6,ASK
226,1712175243.6235373,63491341.92487326,147.1,-8.338161475733943e-07,152.6,ASK
227,1712175270.1849673,63491341.92487326,147.1,-0.0,152.6,ASK
228,1712175273.913759,63493166.34097283,147.2,-1.851586395943674e-07,152.6,ASK
229,1712175273.9158273,63496853.08917422,147.1,-3.741653461927277e-07,152.6,ASK
230,1712175274.0535607,63504303.34061056,147.1,7.561205039315883e-07,152.6,BID
231,1712175295.56335,63504344.01857666,147.5,4.128376671781065e-09,152.6,BID
232,1712175300.2173653,63504344.01857666,147.5,0.0,152.6,BID
233,1712175330.176937,63504344.01857666,147.5,0.0,152.6,BID
234,1712175360.27333,63504344.01857666,147.5,0.0,152.6,BID
235,1712175361.023272,63504547.96147166,147.2,-2.0695942674782402e-08,152.6,ASK
236,1712175390.276557,63504547.96147166,147.2,-0.0,152.6,ASK
237,1712175420.1836357,63504547.96147166,147.2,-0.0,152.6,ASK
238,1712175450.183681,63504547.96147166,147.2,-0.0,152.6,ASK
239,1712175469.9535444,63504602.96147166,147.3,5.5813338307935215e-09,152.6,BID
240,1712175480.138127,63504602.96147264,147.2,-9.904595015183783e-17,152.6,ASK
241,1712175480.1436226,63505270.05969808,146.9,-6.769632534792761e-08,152.6,ASK
242,1712175480.2632773,63505270.05969808,146.9,-0.0,152.6,ASK
243,1712175485.6836233,63505325.05969808,147.2,5.581273738778127e-09,152.6,BID
244,1712175504.413541,63505380.05969808,147.2,5.581273738778127e-09,152.6,BID
245,1712175510.2658455,63505380.05969808,147.2,0.0,152.6,BID
246,1712175511.4433775,63505435.05969808,147.2,5.5812645680516845e-09,152.6,BID
247,1712175540.1736798,63505435.05969808,147.2,0.0,152.6,BID
248,1712175570.183105,63505435.05969808,147.2,0.0,152.6,BID
249,1712175590.823474,63505490.05969808,147.3,5.5812599826997655e-09,152.6,BID
250,1712175600.1990638,63505490.05969808,147.3,0.0,152.6,BID
251,1712175605.265548,63505545.05969808,147.1,5.5869759601068555e-09,152.6,BID
252,1712175606.8332498,63505600.05969808,147.1,5.5869759601068555e-09,152.6,BID
253,1712175608.0935469,63505655.05969808,147.1,5.5869759601068555e-09,152.6,BID
254,1712175628.8832085,63505710.05969808,147.1,5.5869759601068555e-09,152.6,BID
255,1712175630.1709516,63505710.05969808,147.1,0.0,152.6,BID
256,1712175633.8233085,63505765.05969808,147.1,5.586957593672889e-09,152.6,BID
257,1712175633.9036648,63522017.65854508,146.9,-1.6509560099115323e-06,152.6,ASK
258,1712175633.9234262,63522017.65854547,146.9,-4.0112402285318905e-17,152.6,ASK
259,1712175636.213266,63522072.65854547,146.8,5.586957593672889e-09,152.6,BID
260,1712175642.4535818,63524117.64832052,146.7,-2.077322027760111e-07,152.6,ASK
261,1712175642.456632,63530968.85170402,146.7,-6.959524139860172e-07,152.6,ASK
262,1712175642.4595876,63538861.76353378,146.6,-8.017702487905506e-07,152.6,ASK
263,1712175642.4631634,63555390.29020265,146.6,-1.6789850469974962e-06,152.6,ASK
264,1712175645.1561875,63555445.29020265,146.8,5.586957593672889e-09,152.6,BID
265,1712175647.0733013,63555500.29020265,146.8,5.586957593672889e-09,152.6,BID
266,1712175647.935099,63555555.29020265,146.8,5.586957593672889e-09,152.6,BID
267,1712175648.8632584,63555610.29020265,146.8,5.586957593672889e-09,152.6,BID
268,1712175649.8035371,63555665.29020265,146.8,5.586957593672889e-09,152.6,BID
269,1712175650.6633568,63555720.29020265,146.8,5.586957593672889e-09,152.6,BID
270,1712175651.7132366,63555775.29020265,146.8,5.586957593672889e-09,152.6,BID
271,1712175652.7135136,63555830.29020265,146.8,5.586957593672889e-09,152.6,BID
272,1712175653.603494,63555885.29020265,146.8,5.586957593672889e-09,152.6,BID
273,1712175654.5631015,63555940.29020265,146.8,5.586957593672889e-09,152.6,BID
274,1712175655.543232,63555995.29020265,146.8,5.586957593672889e-09,152.6,BID
275,1712175656.4934828,63556050.29020265,146.8,5.586957593672889e-09,152.6,BID
276,1712175657.3933651,63556105.29020265,146.8,5.586957593672889e-09,152.6,BID
277,1712175658.4065166,63556160.29020265,146.8,5.586957593672889e-09,152.6,BID
278,1712175659.363248,63556215.29020265,146.8,5.586957593672889e-09,152.6,BID
279,1712175660.247487,63556270.29020265,146.8,5.586957593672889e-09,152.6,BID
280,1712175660.2734935,63556270.29020265,146.8,0.0,152.6,BID
281,1712175661.0934925,63556325.29020265,146.8,5.582750771283607e-09,152.6,BID
282,1712175661.9534867,63556359.46613733,146.8,3.469013194418662e-09,152.6,BID
283,1712175661.956668,63556380.29020265,146.8,2.113737576864945e-09,152.6,BID
284,1712175662.813419,63556435.29020265,146.8,5.582750771283607e-09,152.6,BID
285,1712175663.7833908,63556490.29020265,146.8,5.582750771283607e-09,152.6,BID
286,1712175664.7834604,63556545.29020265,146.8,5.582750771283607e-09,152.6,BID
287,1712175665.693235,63556600.29020265,146.8,5.582750771283607e-09,152.6,BID
288,1712175666.6531012,63556655.29020265,146.8,5.582750771283607e-09,152.6,BID
289,1712175667.653384,63556710.29020265,146.8,5.582750771283607e-09,152.6,BID
290,1712175668.4428935,63556765.29020265,146.8,5.582750771283607e-09,152.6,BID
291,1712175669.4038143,63556820.29020265,146.8,5.582750771283607e-09,152.6,BID
292,1712175670.3033986,63556875.29020265,146.8,5.582750771283607e-09,152.6,BID
293,1712175671.2332582,63556930.29020265,146.8,5.582750771283607e-09,152.6,BID
294,1712175672.3734791,63556985.29020265,146.8,5.582750771283607e-09,152.6,BID
295,1712175672.4331954,63557559.09089271,146.8,5.8243386272883984e-08,152.6,BID
296,1712175672.5731692,63561031.52180971,146.8,-3.5246757054769844e-07,152.6,ASK
297,1712175673.285074,63561086.52180971,146.9,5.582750771283607e-09,152.6,BID
298,1712175674.2731504,63561141.52180971,146.9,5.582750771283607e-09,152.6,BID
299,1712175675.2735674,63561196.52180971,146.9,5.582750771283607e-09,152.6,BID
300,1712175676.3333633,63561251.52180971,146.9,5.582750771283607e-09,152.6,BID
301,1712175677.5237153,63561306.52180971,146.9,5.582750771283607e-09,152.6,BID
302,1712175678.8830545,63561361.52180971,146.9,5.582750771283607e-09,152.6,BID
303,1712175680.3832552,63561416.52180971,146.9,5.582750771283607e-09,152.6,BID
304,1712175680.9336586,63561484.59532911,146.9,6.909772598933286e-09,152.6,BID
305,1712175690.2789173,63561484.59532911,146.9,0.0,152.6,BID
306,1712175716.1360545,63561572.59532911,146.9,8.931707220054146e-09,152.6,BID
307,1712175718.5832767,63561660.59532911,146.9,8.931707220054146e-09,152.6,BID
308,1712175720.180519,63561660.59532911,146.9,0.0,152.6,BID
309,1712175723.323419,63561748.59532911,146.9,8.931683782104934e-09,152.6,BID
310,1712175732.1533968,63568478.73180971,146.9,6.83084668808234e-07,152.6,BID
311,1712175732.163097,63583383.1254738,146.9,1.5127423996773857e-06,152.6,BID
312,1712175732.2834544,63586899.77272647,146.9,-3.569270594780591e-07,152.6,ASK
313,1712175732.3079112,63596899.77272647,146.9,-1.0149640661482878e-06,152.6,ASK
314,1712175732.3234122,63597708.39059132,146.9,-8.207180760730058e-08,152.6,ASK
315,1712175732.3301396,63598382.39059132,146.9,-6.84085780583946e-08,152.6,ASK
316,1712175732.332942,63601379.69059132,146.9,-3.0421517954632385e-07,152.6,ASK
317,1712175732.5631075,63602531.93826602,146.9,-1.1694899851195116e-07,152.6,ASK
318,1712175732.64316,63612253.00006899,146.9,-9.86652841482716e-07,152.6,ASK
319,1712175732.8231974,63617066.64351253,146.9,-4.88567512244314e-07,152.6,ASK
320,1712175732.923301,63617932.05855128,146.9,-8.783651666351476e-08,152.6,ASK
321,1712175732.9836614,63621880.28695528,146.9,-4.007309955006413e-07,152.6,ASK
322,1712175732.9875915,63621880.28695606,146.9,-7.86455444093212e-17,152.6,ASK
323,1712175733.083983,63621880.28695662,146.8,-5.747174399142704e-17,152.6,ASK
324,1712175735.5733025,63621968.28695662,146.8,8.931683782104934e-09,152.6,BID
325,1712175739.82632,63622867.37036674,146.8,9.125373537358249e-08,152.6,BID
326,1712175739.8282487,63625827.50173762,146.8,3.004426972521176e-07,152.6,BID
327,1712175744.5833638,63625827.50173823,146.8,6.200898693811864e-17,152.6,BID
328,1712175744.587572,63625915.50173762,147.1,8.931683720095946e-09,152.6,BID
329,1712175746.5021665,63626003.50173762,147.2,8.931683782104934e-09,152.6,BID
330,1712175747.093713,63626802.81855768,146.9,-8.112778498315542e-08,152.6,ASK
331,1712175747.403119,63626890.81855768,147.2,8.931683782104934e-09,152.6,BID
332,1712175749.0432203,63626978.81855768,147.2,8.931683782104934e-09,152.6,BID
333,1712175750.179682,63626978.81855768,147.2,0.0,152.6,BID
334,1712175752.2732906,63627787.87348963,146.9,-8.203627708485578e-08,152.6,ASK
335,1712175754.4488316,63627875.87348963,147.2,8.922994098850369e-09,152.6,BID
336,1712175763.6033516,63627963.87348963,147.2,8.922994098850369e-09,152.6,BID
337,1712175771.9932766,63628051.87348963,147.2,8.922994098850369e-09,152.6,BID
338,1712175772.13307,63629457.8079361,146.9,-1.425584632865102e-07,152.6,ASK
339,1712175773.3831255,63629545.8079361,147.2,8.922994098850369e-09,152.6,BID
340,1712175780.269106,63629545.8079361,147.2,0.0,152.6,BID
341,1712175789.6234047,63630539.3389851,146.9,1.0073787081474413e-07,152.6,BID
342,1712175789.6633449,63630539.33898586,146.9,7.705513974153267e-17,152.6,BID
343,1712175792.6236506,63631898.03463803,147.2,1.377632910647942e-07,152.6,BID
344,1712175797.173381,63632237.93946467,147.1,3.446423596927585e-08,152.6,BID
345,1712175810.2630968,63632237.93946467,147.1,0.0,152.6,BID
346,1712175816.9352577,63633770.77745312,146.8,-1.554140018038008e-07,152.6,ASK
347,1712175840.1899366,63633770.77745312,146.8,-0.0,152.6,ASK
348,1712175843.9633188,63633858.77745312,147.1,8.922091078268428e-09,152.6,BID
349,1712175851.053439,63633946.77745312,147.2,8.922091078268428e-09,152.6,BID
350,1712175854.2546313,63634864.95374691,146.9,-9.30915058989133e-08,152.6,ASK
351,1712175855.3782015,63636846.22723691,146.8,2.0087616509973402e-07,152.6,BID
352,1712175855.3815696,63636846.22723786,146.8,9.593516308307056e-17,152.6,BID
353,1712175855.8223455,63636934.22723786,147.2,8.922091078268428e-09,152.6,BID
354,1712175870.1847708,63636934.22723786,147.2,0.0,152.6,BID
355,1712175875.9732213,63637022.22723786,147.3,8.921670841997994e-09,152.6,BID
356,1712175900.273008,63637022.22723786,147.3,0.0,152.6,BID
357,1712175911.273335,63637892.36934531,147.0,-8.821724087292727e-08,152.6,ASK
358,1712175911.298345,63638766.36244702,147.0,-8.860766455878936e-08,152.6,ASK
359,1712175915.3027112,63640491.82765911,147.0,-1.7493209319391645e-07,152.6,ASK
360,1712175915.304787,63640978.92474633,146.9,-4.938315328479441e-08,152.6,ASK
361,1712175915.4207752,63641856.23311411,146.9,-8.894377474416776e-08,152.6,ASK
362,1712175920.1931129,63646753.03376212,146.9,-4.964502218362085e-07,152.6,ASK
363,1712175930.278109,63646753.03376212,146.9,-0.0,152.6,ASK
364,1712175960.1802764,63646753.03376212,146.9,-0.0,152.6,ASK
365,1712175990.1969557,63646753.03376212,146.9,-0.0,152.6,ASK
366,1712176019.8629577,63646841.03376212,147.1,8.920372862039778e-09,152.6,BID
367,1712176020.2688508,63646841.03376212,147.1,0.0,152.6,BID
368,1712176021.69297,63646929.03376212,147.1,8.920361156859188e-09,152.6,BID
369,1712176050.2657783,63646929.03376212,147.1,0.0,152.6,BID
370,1712176051.3768518,63646984.03376212,147.2,5.5752184073183246e-09,152.6,BID
371,1712176055.612981,63647039.03376212,147.2,5.5752184073183246e-09,152.6,BID
372,1712176080.1840727,63647039.03376212,147.2,0.0,152.6,BID
373,1712176110.1682034,63647039.03376212,147.2,0.0,152.6,BID
374,1712176136.1033602,63647939.77661912,147.0,-9.130599843753813e-08,152.6,ASK
375,1712176139.0935404,63648606.8748454,146.7,-6.762204011149903e-08,152.6,ASK
376,1712176139.1030324,63648606.87484554,147.0,-1.4349679496224293e-17,152.6,ASK
377,1712176140.2682886,63648606.87484554,147.0,-0.0,152.6,ASK
378,1712176145.6231785,63648661.87484554,147.1,5.5750791222305715e-09,152.6,BID
379,1712176149.5533445,63648716.87484554,147.1,5.5750791222305715e-09,152.6,BID
380,1712176150.313103,63649383.97307196,147.0,-6.762046171989866e-08,152.6,ASK
381,1712176152.1232333,63649438.97307196,147.1,5.5750791222305715e-09,152.6,BID
382,1712176155.6960037,63649494.97307196,147.0,-5.676444197180217e-09,152.6,ASK
383,1712176155.6981912,63649549.97307196,147.0,-5.5750791222305715e-09,152.6,ASK
384,1712176165.193797,63650124.68339884,146.7,-5.8255555358549135e-08,152.6,ASK
385,1712176165.1984258,63650401.58517242,147.0,-2.8068169032567885e-08,152.6,ASK
386,1712176165.2023206,63653545.65259031,146.7,-3.186986294611453e-07,152.6,ASK
387,1712176170.2734635,63653545.65259031,146.7,-0.0,152.6,ASK
388,1712176175.2274551,63653600.65259031,147.0,5.574669494281419e-09,152.6,BID
389,1712176200.3510928,63653600.65259031,147.0,0.0,152.6,BID
390,1712176222.0746896,63656254.69214944,146.6,-2.6913121025249896e-07,152.6,ASK
391,1712176222.3154583,63657411.62960739,146.6,-1.173185144033013e-07,152.6,ASK
392,1712176222.3199754,63657796.43557873,146.6,-3.902100721326843e-08,152.6,ASK
393,1712176225.565041,63657851.43557873,146.8,5.5772403666667685e-09,152.6,BID
394,1712176230.2708476,63657851.43557873,146.8,0.0,152.6,BID
395,1712176233.5751953,63661319.83555531,146.6,-3.51688691408613e-07,152.6,ASK
396,1712176233.635471,63663904.89863356,146.6,-2.621201295526724e-07,152.6,ASK
397,1712176258.565694,63663959.89863356,146.8,5.576887947791067e-09,152.6,BID
398,1712176260.1865172,63663959.89863356,146.8,0.0,152.6,BID
399,1712176264.3072343,63664014.89863356,146.8,5.576381595276794e-09,152.6,BID
400,1712176267.5360525,63664397.91200848,146.6,-3.88332497206032e-08,152.6,ASK
401,1712176267.540936,63665190.59863356,146.6,-8.03695110347059e-08,152.6,ASK
402,1712176270.5859096,63665245.59863356,146.8,5.576381595276794e-09,152.6,BID
403,1712176275.2268443,63667409.39861883,146.6,-2.193849893408343e-07,152.6,ASK
404,1712176276.5063012,63669024.21838517,146.6,-1.637245677214677e-07,152.6,ASK
405,1712176277.5062466,63670213.64744258,146.6,-1.205947328116157e-07,152.6,ASK
406,1712176278.0362527,63670268.64744258,146.8,5.576381595276794e-09,152.6,BID
407,1712176279.3963206,63671171.99796792,146.6,-9.158958624727913e-08,152.6,ASK
408,1712176280.7817447,63671226.99796792,146.8,5.576381595276794e-09,152.6,BID
409,1712176285.9764092,63671281.99796792,146.8,5.576381595276794e-09,152.6,BID
410,1712176290.191851,63671281.99796792,146.8,0.0,152.6,BID
411,1712176308.7165987,63671336.99796792,146.8,5.5757747375945514e-09,152.6,BID
412,1712176320.2706895,63671336.99796792,146.8,0.0,152.6,BID
413,1712176321.4467618,63671976.96045876,146.6,-6.487788670397361e-08,152.6,ASK
414,1712176321.4499445,63672134.15690041,146.6,-1.5936204195729657e-08,152.6,ASK
415,1712176330.61708,63672189.15690041,146.8,5.575770173694343e-09,152.6,BID
416,1712176337.927563,63672244.15690041,146.8,5.575770173694343e-09,152.6,BID
417,1712176339.1075451,63673217.15690041,146.6,-9.864044325462904e-08,152.6,ASK
418,1712176340.487193,63673272.15690041,146.7,5.575770173694343e-09,152.6,BID
419,1712176341.7378724,63673772.15690025,146.6,-5.068881974424057e-08,152.6,ASK
420,1712176341.748953,63674159.19440941,146.6,-3.923694908482804e-08,152.6,ASK
421,1712176343.4672675,63674214.19440941,146.7,5.575770173694343e-09,152.6,BID
422,1712176350.2776902,63674214.19440941,146.7,0.0,152.6,BID
423,1712176350.4931908,63677888.8963076,146.5,-3.7251667403366777e-07,152.6,ASK
424,1712176350.495073,63677888.89630776,146.6,-1.5861089467946878e-17,152.6,ASK
425,1712176350.4968936,63681520.07385241,146.5,-3.681044664941433e-07,152.6,ASK
426,1712176350.6676574,63694053.86710046,146.5,-1.2705920379780482e-06,152.6,ASK
427,1712176350.670858,63710536.39716641,146.5,-1.6708885373375303e-06,152.6,ASK
428,1712176370.087684,63710536.39716647,146.5,-6.042319797313095e-18,152.6,ASK
429,1712176374.9722123,63710591.39716647,146.6,5.5755317409328905e-09,152.6,BID
430,1712176380.2031655,63710591.39716647,146.6,0.0,152.6,BID
431,1712176385.1180484,63710646.39716647,146.6,5.572521212681649e-09,152.6,BID
432,1712176392.7883642,63710680.61847794,146.4,-3.467254256463481e-09,152.6,ASK
433,1712176392.7930832,63712817.23049979,146.4,-2.1647846936403138e-07,152.6,ASK
434,1712176392.868024,63712872.23049979,146.4,5.572521212681649e-09,152.6,BID
435,1712176394.458286,63724658.32019679,146.4,1.194149724565816e-06,152.6,BID
436,1712176394.482134,63724658.32019713,146.4,3.396969689167009e-17,152.6,BID
437,1712176394.698122,63725341.84719644,146.3,-6.925397641988565e-08,152.6,ASK
438,1712176394.707984,63725954.32019713,146.3,-6.205488706439468e-08,152.6,ASK
439,1712176396.5084293,63726009.32019713,146.6,5.572521212681649e-09,152.6,BID
440,1712176400.408591,63726064.32019713,146.6,5.572521212681649e-09,152.6,BID
441,1712176410.211312,63726064.32019713,146.6,0.0,152.6,BID
442,1712176413.1985233,63727064.32019713,146.5,1.0129532015922716e-07,152.6,BID
443,1712176414.7483327,63727119.32019713,146.5,5.571242608757493e-09,152.6,BID
444,1712176440.2813897,63727119.32019713,146.5,0.0,152.6,BID
445,1712176459.999081,63727174.32019713,146.4,5.571155387019259e-09,152.6,BID
446,1712176461.3890376,63727229.32019713,146.4,5.571155387019259e-09,152.6,BID
447,1712176470.2745829,63727229.32019713,146.4,0.0,152.6,BID
448,1712176474.869388,63727284.32019713,146.4,5.571146299174341e-09,152.6,BID
449,1712176478.7620192,63727339.32019713,146.4,5.571146299174341e-09,152.6,BID
450,1712176500.2085788,63727339.32019713,146.4,0.0,152.6,BID
451,1712176502.7998023,63727476.02559601,146.3,-1.3847516310418733e-08,152.6,ASK
452,1712176502.8026612,63728122.18725013,146.3,-6.545267500723837e-08,152.6,ASK
453,1712176504.2296083,63728122.18725111,146.3,-9.962085556383112e-17,152.6,ASK
454,1712176504.3115227,63728163.03136275,146.2,-4.137287237387498e-09,152.6,ASK
455,1712176504.315893,63728387.27554879,146.2,-2.2714721212175843e-08,152.6,ASK
456,1712176504.3197584,63730414.72956223,146.2,-2.0537010790882425e-07,152.6,ASK
457,1712176504.3299367,63732704.31459261,146.2,-2.319225598403633e-07,152.6,ASK
458,1712176504.3896258,63733738.72289412,146.2,-1.0477995707668016e-07,152.6,ASK
459,1712176504.5698144,63734590.72289412,146.2,-8.630298432352215e-08,152.6,ASK
460,1712176505.5798602,63735279.2728128,146.2,-6.974637657033081e-08,152.6,ASK
461,1712176505.584267,63735397.28786972,146.2,-1.1954285924375573e-08,152.6,ASK
462,1712176505.979901,63737279.2728128,146.2,-1.906348791543149e-07,152.6,ASK
463,1712176517.867741,63738240.1348257,146.1,-9.733011647466221e-08,152.6,ASK
464,1712176520.2497246,63739326.83759777,146.1,-1.1007710364152913e-07,152.6,ASK
465,1712176521.0902507,63741272.26297966,146.1,-1.970610519193839e-07,152.6,ASK
466,1712176521.2355978,63741327.26297966,146.3,5.5712020396639884e-09,152.6,BID
467,1712176521.6701174,63741495.81353477,146.3,1.7073258116640096e-08,152.6,BID
468,1712176521.8897057,63742844.63397233,146.1,-1.366282031437288e-07,152.6,ASK
469,1712176528.679891,63743968.86464426,146.1,-1.1387847659080677e-07,152.6,ASK
470,1712176530.1967156,63743968.86464426,146.1,-0.0,152.6,ASK
471,1712176530.7153742,63744347.45033574,146.1,-3.8339239836798735e-08,152.6,ASK
472,1712176530.7176156,63744860.11549658,146.1,-5.191742054637329e-08,152.6,ASK
473,1712176530.7196732,63744928.56176625,146.1,-6.9315296584210645e-09,152.6,ASK
474,1712176530.7218442,63746762.86464426,146.1,-1.857592073751875e-07,152.6,ASK
475,1712176533.4697752,63746817.86464426,146.3,5.569830657810641e-09,152.6,BID
476,1712176537.300277,63748522.58907957,146.1,-1.7263684405258796e-07,152.6,ASK
477,1712176538.7899148,63750195.32994199,146.1,-1.6939787887434457e-07,152.6,ASK
478,1712176539.310458,63751662.57971517,146.1,-1.485878685333577e-07,152.6,ASK
479,1712176539.3498912,63751717.57971517,146.3,5.569830657810641e-09,152.6,BID
480,1712176539.3901649,63752831.723282,146.1,-1.1282892719532865e-07,152.6,ASK
481,1712176542.6905208,63752886.723282,146.3,5.569830657810641e-09,152.6,BID
482,1712176560.2777476,63752886.723282,146.3,0.0,152.6,BID
483,1712176572.7606652,63753296.723282,146.1,-4.1515078002832726e-08,152.6,ASK
484,1712176574.4703808,63753351.723282,146.2,5.569095829648293e-09,152.6,BID
485,1712176579.1507678,63754951.16251926,146.1,-1.6195327974539585e-07,152.6,ASK
486,1712176579.1554947,63755251.16251926,146.1,-3.037688634353614e-08,152.6,ASK
487,1712176579.9808612,63756251.16251926,146.0,-1.0125628781178716e-07,152.6,ASK
488,1712176579.9855752,63756971.48786172,146.0,-7.293747019440242e-08,152.6,ASK
489,1712176580.0048664,63763781.98614853,146.0,-6.896057746705164e-07,152.6,ASK
490,1712176580.008493,63770573.33830516,146.0,-6.876671086030955e-07,152.6,ASK
491,1712176580.0121624,63782887.87994896,146.0,-1.2469247729546842e-06,152.6,ASK
492,1712176580.015802,63784594.98401407,145.7,-1.7285502054173044e-07,152.6,ASK
493,1712176580.0214405,63821800.99031548,145.7,-3.767342082382787e-06,152.6,ASK
494,1712176580.023549,63821850.99031548,145.9,-5.062814390589357e-09,152.6,ASK
495,1712176580.025648,63824487.53938311,145.9,-2.669671712219804e-07,152.6,ASK
496,1712176580.0277703,63831410.08907467,145.9,-7.009516839597834e-07,152.6,ASK
497,1712176580.029865,63832163.51373219,145.9,-7.628898396595565e-08,152.6,ASK
498,1712176580.0320108,63839017.5233278,145.9,-6.940115682778574e-07,152.6,ASK
499,1712176580.0341194,63839154.50962916,145.9,-1.3870724357034975e-08,152.6,ASK
500,1712176580.0362637,63840053.48152772,145.9,-9.102655729562472e-08,152.6,ASK
501,1712176580.0439403,63840122.1628464,145.6,-6.9544153713487746e-09,152.6,ASK
502,1712176580.04607,63840190.84416508,145.6,-6.9544153713487746e-09,152.6,ASK
503,1712176580.048283,63840477.11540956,145.7,-2.8986763523427468e-08,152.6,ASK
504,1712176580.050423,63867563.79789636,145.6,-2.742696917750152e-06,152.6,ASK
505,1712176587.1909404,63870021.64302536,145.9,2.488722737786368e-07,152.6,BID
506,1712176590.2857008,63870021.64302536,145.9,0.0,152.6,BID
507,1712176591.8743246,63870693.23469762,145.7,-6.78854146877492e-08,152.6,ASK
508,1712176603.741361,63870693.23469828,145.9,6.702723383847346e-17,152.6,BID
509,1712176603.7451143,63871378.63565718,145.9,6.928127647216804e-08,152.6,BID
510,1712176620.1988368,63871378.63565718,145.9,0.0,152.6,BID
511,1712176624.8860807,63871720.86700557,146.1,3.459252600331701e-08,152.6,BID
512,1712176636.181347,63888250.98739257,146.0,1.670854005649214e-06,152.6,BID
513,1712176636.1861303,63888250.98739343,146.0,8.73595913778612e-17,152.6,BID
514,1712176644.9913898,63904451.65424767,146.1,1.637553053085513e-06,152.6,BID
515,1712176645.0012248,63908082.42902918,146.1,3.669963947793857e-07,152.6,BID
516,1712176646.1814256,63908137.42902918,146.3,5.5593648539307805e-09,152.6,BID
517,1712176646.202226,63908205.78172911,146.3,6.909047230016737e-09,152.6,BID
518,1712176650.1854804,63908205.78172911,146.3,0.0,152.6,BID
519,1712176656.431622,63908260.78172911,146.3,5.556343939430205e-09,152.6,BID
520,1712176660.2417176,63908315.78172911,146.3,5.556343939430205e-09,152.6,BID
521,1712176664.9715276,63908370.78172911,146.3,5.556343939430205e-09,152.6,BID
522,1712176672.6023614,63908425.78172911,146.3,5.556343939430205e-09,152.6,BID
523,1712176680.2780695,63908425.78172911,146.3,0.0,152.6,BID
524,1712176710.2718065,63908425.78172911,146.3,0.0,152.6,BID
525,1712176740.1924536,63908425.78172911,146.3,0.0,152.6,BID
526,1712176761.2205513,63909435.83299363,146.3,1.020395267949544e-07,152.6,BID
527,1712176761.2251165,63925385.83299363,146.2,1.611334503063844e-06,152.6,BID
528,1712176770.190977,63925385.83299363,146.2,0.0,152.6,BID
529,1712176800.2103102,63925385.83299363,146.2,0.0,152.6,BID
530,1712176810.8828554,63925440.83299363,146.3,5.5556063069968574e-09,152.6,BID
531,1712176820.6631367,63925495.83299363,146.3,5.5556063069968574e-09,152.6,BID
532,1712176822.6330512,63925995.83299363,146.0,-5.0505511881789616e-08,152.6,ASK
533,1712176822.6391084,63926304.83256081,146.0,-3.121236262344275e-08,152.6,ASK
534,1712176822.8607426,63926345.90032261,146.1,4.148296663216329e-09,152.6,BID
535,1712176824.82284,63926400.90032261,146.1,5.5556063069968574e-09,152.6,BID
536,1712176825.813136,63926455.90032261,146.1,5.5556063069968574e-09,152.6,BID
537,1712176827.0135036,63926510.90032261,146.1,5.5556063069968574e-09,152.6,BID
538,1712176827.4529786,63926752.83256061,146.1,2.443782304155664e-08,152.6,BID
539,1712176828.2090237,63926752.83256081,146.1,2.0319950890665044e-17,152.6,BID
540,1712176828.2127333,63926807.83256061,146.3,5.555606286676906e-09,152.6,BID
541,1712176830.1865804,63926807.83256061,146.3,0.0,152.6,BID
542,1712176860.2758782,63926807.83256061,146.3,0.0,152.6,BID
543,1712176886.3050902,63935591.31960497,145.7,-8.872104043413482e-07,152.6,ASK
544,1712176886.309097,63935610.43331362,145.7,-1.9306547725800587e-09,152.6,ASK
545,1712176890.2832892,63935610.43331362,145.7,-0.0,152.6,ASK
546,1712176920.1883926,63935610.43331362,145.7,-0.0,152.6,ASK
547,1712176950.2070634,63935610.43331362,145.7,-0.0,152.6,ASK
548,1712176960.7265568,63935651.55737119,145.9,4.153357946403774e-09,152.6,BID
549,1712176980.219169,63935651.55737119,145.9,0.0,152.6,BID
550,1712176980.7341442,63935706.55737119,145.9,5.554766774788414e-09,152.6,BID
551,1712176997.4943717,63939113.01041519,145.9,-3.440373125213271e-07,152.6,ASK
552,1712176997.5143237,63939113.01041608,145.9,-9.029724556947427e-17,152.6,ASK
553,1712177010.1970296,63939113.01041608,145.9,-0.0,152.6,ASK
554,1712177040.2843063,63939113.01041608,145.9,-0.0,152.6,ASK
555,1712177067.4784024,63939154.16267945,145.8,4.1559921170827e-09,152.6,BID
556,1712177070.2854495,63939154.16267945,145.8,0.0,152.6,BID
557,1712177086.0350528,63939242.16267945,145.8,8.887168159946887e-09,152.6,BID
558,1712177088.3649063,63940051.21842585,145.6,-8.170698260247802e-08,152.6,ASK
559,1712177089.2437782,63940139.21842585,145.8,8.887168159946887e-09,152.6,BID
560,1712177093.8945675,63940227.21842585,145.8,8.887168159946887e-09,152.6,BID
561,1712177094.915204,63940315.21842585,145.8,8.887168159946887e-09,152.6,BID
562,1712177100.2136204,63940315.21842585,145.8,0.0,152.6,BID
563,1712177104.905088,63940403.21842585,145.8,8.887063519528281e-09,152.6,BID
564,1712177108.9855494,63941257.15006662,145.8,8.62380083283369e-08,152.6,BID
565,1712177108.990989,63943678.42291403,145.8,2.445227908296734e-07,152.6,BID
566,1712177108.995556,63945403.8674083,145.8,1.7425153204540868e-07,152.6,BID
567,1712177109.106103,63945831.8674083,145.8,-4.322344529952392e-08,152.6,ASK
568,1712177109.1248906,63946641.86740829,145.8,-8.180138012217834e-08,152.6,ASK
569,1712177109.844786,63946729.86740829,146.1,8.887063519528281e-09,152.6,BID
570,1712177110.4700112,63948484.1462798,145.8,-1.7716349729595724e-07,152.6,ASK
571,1712177110.5313313,63949386.94255828,145.8,-9.117281672821049e-08,152.6,ASK
572,1712177110.549687,63950868.50221302,145.8,-1.496217586325773e-07,152.6,ASK
573,1712177110.5550036,63952353.74812694,145.8,-1.499940315805162e-07,152.6,ASK
574,1712177110.6053083,63954208.63955067,145.8,-1.8732429436971484e-07,152.6,ASK
575,1712177110.6947927,63955116.75130003,145.7,-9.170962272021268e-08,152.6,ASK
576,1712177111.8950863,63955204.75130003,145.9,8.887063519528281e-09,152.6,BID
577,1712177117.765977,63956194.71915589,145.6,-9.9976218378956e-08,152.6,ASK
578,1712177119.2649844,63956282.71915589,145.9,8.887063519528281e-09,152.6,BID
579,1712177121.044597,63956717.01738624,145.7,-4.385949954021967e-08,152.6,ASK
580,1712177121.0490158,63958421.02773516,145.8,-1.720869114630741e-07,152.6,ASK
581,1712177121.724948,63960171.93681645,145.7,-1.768231843445743e-07,152.6,ASK
582,1712177121.7849376,63961303.81259776,145.7,-1.143074086902346e-07,152.6,ASK
583,1712177122.54485,63961391.81259776,146.2,8.887063519528281e-09,152.6,BID
584,1712177130.197217,63961391.81259776,146.2,0.0,152.6,BID
585,1712177152.645532,63970175.29964212,145.7,-8.867635720839629e-07,152.6,ASK
586,1712177152.652345,63988625.29964212,145.7,-1.862675702976844e-06,152.6,ASK
587,1712177152.7865524,64021523.50422471,145.7,3.3213380134171307e-06,152.6,BID
588,1712177160.2211783,64021523.50422471,145.7,0.0,152.6,BID
589,1712177178.7154596,64030306.99126907,145.7,-8.859799119969703e-07,152.6,ASK
590,1712177178.7753046,64077495.51390207,145.7,4.759850264310963e-06,152.6,BID
591,1712177178.7852738,64144260.90852007,145.7,6.7345461033163724e-06,152.6,BID
592,1712177178.7954729,64144756.50596524,145.7,4.9990326010399465e-08,152.6,BID
593,1712177178.7996235,64152365.77194124,145.7,7.675376266543967e-07,152.6,BID
594,1712177178.8154595,64154899.52298507,145.7,-2.5557646018051266e-07,152.6,ASK
595,1712177178.825056,64170965.77194124,145.7,-1.6205834612633589e-06,152.6,ASK
596,1712177190.1965976,64170965.77194124,145.7,-0.0,152.6,ASK
597,1712177192.35544,64171020.77194124,146.2,5.53562686566767e-09,152.6,BID
598,1712177205.0753465,64195309.90214124,146.2,2.444646575979155e-06,152.6,BID
599,1712177205.0797772,64204093.3891856,146.2,8.840383064906403e-07,152.6,BID
600,1712177205.1552513,64216191.80099759,146.2,-1.21767806287958e-06,152.6,ASK
601,1712177205.1753466,64238627.09522448,146.2,-2.258062135663682e-06,152.6,ASK
602,1712177205.1806166,64269492.81498948,146.2,-3.1065655919873425e-06,152.6,ASK
603,1712177205.19521,64288192.81498948,146.2,1.882113134327008e-06,152.6,BID
604,1712177220.2809024,64288192.81498948,146.2,0.0,152.6,BID
605,1712177221.1145022,64297800.81498948,146.0,9.653584837337602e-07,152.6,BID
606,1712177221.375559,64297800.81499013,145.9,6.587618073922412e-17,152.6,BID
607,1712177221.3799078,64298717.67507513,145.9,9.212100972599764e-08,152.6,BID
608,1712177231.6015704,64298772.67507513,146.1,5.526094567585013e-09,152.6,BID
609,1712177232.1354406,64298806.95197711,146.1,3.4439527607341594e-09,152.6,BID
610,1712177243.8554986,64298861.95197711,146.1,5.526094567585013e-09,152.6,BID
611,1712177250.2750795,64298861.95197711,146.1,0.0,152.6,BID
612,1712177262.195896,64318861.95197711,145.7,-2.009174496491766e-06,152.6,ASK
613,1712177265.0467784,64318916.95197711,146.1,5.5252298653523575e-09,152.6,BID
614,1712177265.5128877,64321916.75845811,146.1,3.01356733801425e-07,152.6,BID
615,1712177266.8440106,64321916.75845841,146.1,3.06875088647613e-17,152.6,BID
616,1712177266.848999,64321971.75845811,146.3,5.5252298346648485e-09,152.6,BID
617,1712177280.225884,64321971.75845811,146.3,0.0,152.6,BID
618,1712177310.20544,64321971.75845811,146.3,0.0,152.6,BID
619,1712177340.3180492,64321971.75845811,146.3,0.0,152.6,BID
620,1712177370.2930448,64321971.75845811,146.3,0.0,152.6,BID
621,1712177393.9762144,64324027.96133611,145.9,2.064936456778773e-07,152.6,BID
622,1712177393.996075,64324027.96133679,145.9,6.808826042227221e-17,152.6,BID
623,1712177398.3563151,64324082.96133679,146.2,5.523360867628937e-09,152.6,BID
624,1712177400.2153423,64324082.96133679,146.2,0.0,152.6,BID
625,1712177404.347257,64324137.96133679,146.2,5.526206137719262e-09,152.6,BID
626,1712177409.3599143,64324240.6307413,146.1,1.0315859878923912e-08,152.6,BID
627,1712177430.1962996,64324240.6307413,146.1,0.0,152.6,BID
628,1712177439.2470996,64325974.4113527,146.0,1.742037613627234e-07,152.6,BID
629,1712177460.30662,64325974.4113527,146.0,0.0,152.6,BID
630,1712177490.292955,64325974.4113527,146.0,0.0,152.6,BID
631,1712177507.5266862,64326145.85987501,145.9,1.7226065200884953e-08,152.6,BID
632,1712177520.2061684,64326145.85987501,145.9,0.0,152.6,BID
633,1712177541.8069286,64327516.66179413,145.9,1.377291770806318e-07,152.6,BID
634,1712177550.207345,64327516.66179413,145.9,0.0,152.6,BID
635,1712177557.5767813,64331542.65786567,145.9,-4.0449752506526333e-07,152.6,ASK
636,1712177570.5470457,64334324.82834656,145.9,-2.7952860704035296e-07,152.6,ASK
637,1712177573.5469947,64338437.23410392,145.9,4.131792285331524e-07,152.6,BID
638,1712177573.6868606,64341956.84481292,145.9,3.5362027078204417e-07,152.6,BID
639,1712177574.856793,64346069.25056992,145.9,4.1317922849647243e-07,152.6,BID
640,1712177578.8470294,64346069.25057013,145.9,2.1708541038756312e-17,152.6,BID
641,1712177578.856806,64346124.25056992,146.0,5.52592784390921e-09,152.6,BID
642,1712177580.2766852,64346124.25056992,146.0,0.0,152.6,BID
643,1712177583.1893702,64346179.25056992,146.2,5.524420996402442e-09,152.6,BID
644,1712177604.8672285,64346234.25056992,146.2,5.524420996402442e-09,152.6,BID
645,1712177607.197394,64346289.25056992,146.2,5.524420996402442e-09,152.6,BID
646,1712177608.717261,64349712.09940712,146.2,3.438046906138727e-07,152.6,BID
647,1712177610.286872,64349712.09940712,146.2,0.0,152.6,BID
648,1712177611.1570015,64349767.09940712,146.2,5.524129945149333e-09,152.6,BID
649,1712177637.3872235,64351481.18439683,145.9,-1.7216051309449217e-07,152.6,ASK
650,1712177637.4873087,64356888.30280062,145.9,5.430840852966619e-07,152.6,BID
651,1712177637.494222,64361675.75792139,145.9,4.808458944311965e-07,152.6,BID
652,1712177640.2073593,64361675.75792139,145.9,0.0,152.6,BID
653,1712177648.077201,64361730.75792139,146.3,5.523161639745939e-09,152.6,BID
654,1712177650.1270125,64361765.03482337,146.3,3.442124912005753e-09,152.6,BID
655,1712177663.1355064,64361820.03482337,146.3,5.523161639745939e-09,152.6,BID
656,1712177664.0570116,64361875.03482337,146.3,5.523161639745939e-09,152.6,BID
657,1712177665.0172956,64361930.03482337,146.3,5.523161639745939e-09,152.6,BID
658,1712177666.8471477,64361985.03482337,146.3,5.523161639745939e-09,152.6,BID
659,1712177668.1210585,64362040.03482337,146.3,5.523161639745939e-09,152.6,BID
660,1712177670.2028103,64362040.03482337,146.3,0.0,152.6,BID
661,1712177673.0172715,64362095.03482337,146.3,5.52313208096945e-09,152.6,BID
662,1712177673.9572845,64362150.03482337,146.3,5.52313208096945e-09,152.6,BID
663,1712177674.9671392,64362205.03482337,146.3,5.52313208096945e-09,152.6,BID
664,1712177675.9290729,64362260.03482337,146.3,5.52313208096945e-09,152.6,BID
665,1712177676.7472186,64362315.03482337,146.3,5.52313208096945e-09,152.6,BID
666,1712177677.6971946,64362370.03482337,146.3,5.52313208096945e-09,152.6,BID
667,1712177678.5571184,64362425.03482337,146.3,5.52313208096945e-09,152.6,BID
668,1712177680.2673385,64362480.03482337,146.3,5.52313208096945e-09,152.6,BID
669,1712177683.0773044,64363671.33891964,146.3,1.1963145222328232e-07,152.6,BID
670,1712177683.0875385,64381321.33891964,146.4,1.7724232950747416e-06,152.6,BID
671,1712177683.0921063,64405665.46911964,146.5,2.4446517543801744e-06,152.6,BID
672,1712177683.096711,64421350.40078284,146.6,1.5750899864879067e-06,152.6,BID
673,1712177683.100192,64430133.8878272,146.3,8.820428923183186e-07,152.6,BID
674,1712177684.367273,64430188.8878272,146.4,5.52313208096945e-09,152.6,BID
675,1712177686.617551,64430243.8878272,146.4,5.52313208096945e-09,152.6,BID
676,1712177700.2771869,64430243.8878272,146.4,0.0,152.6,BID
677,1712177704.4572248,64430298.8878272,146.3,5.522220861589891e-09,152.6,BID
678,1712177709.6873844,64430353.8878272,146.3,5.522220861589891e-09,152.6,BID
679,1712177730.3053906,64430353.8878272,146.3,0.0,152.6,BID
680,1712177734.09736,64430408.8878272,146.4,5.522211938789767e-09,152.6,BID
681,1712177748.17969,64430463.8878272,146.4,5.522211938789767e-09,152.6,BID
682,1712177751.2974746,64430518.8878272,146.4,5.522211938789767e-09,152.6,BID
683,1712177760.197422,64430518.8878272,146.4,0.0,152.6,BID
684,1712177776.4187615,64437488.9763202,146.2,-6.998220461454748e-07,152.6,ASK
685,1712177784.0879955,64437543.9763202,146.3,5.522198545495244e-09,152.6,BID
686,1712177790.1831198,64437543.9763202,146.3,0.0,152.6,BID
687,1712177813.5079088,64439600.1791982,146.3,-2.06428904338146e-07,152.6,ASK
688,1712177813.6076417,64440649.7931342,146.3,-1.0537416181294453e-07,152.6,ASK
689,1712177815.41781,64440704.7931342,146.5,5.521629144712795e-09,152.6,BID
690,1712177820.220851,64440704.7931342,146.5,0.0,152.6,BID
691,1712177832.8375833,64440704.79313496,146.3,-7.629123963140038e-17,152.6,ASK
692,1712177850.2076569,64440704.79313496,146.3,-0.0,152.6,ASK
693,1712177854.1964214,64442069.1490597,146.2,-1.3696577649983493e-07,152.6,ASK
694,1712177869.1380358,64442124.1490597,146.4,5.521372811075001e-09,152.6,BID
695,1712177880.2870755,64442124.1490597,146.4,0.0,152.6,BID
696,1712177881.2083,64443299.83341862,146.1,-1.1802284405835165e-07,152.6,ASK
697,1712177881.5280669,64444738.73586199,146.1,-1.4444638767134338e-07,152.6,ASK
698,1712177883.8382912,64444793.73586199,146.4,5.521257788227063e-09,152.6,BID
699,1712177887.80104,64445873.79371991,146.1,-1.0842323381444293e-07,152.6,ASK
700,1712177889.8278008,64445928.79371991,146.4,5.521257788227063e-09,152.6,BID
701,1712177908.0078766,64445983.79371991,146.4,5.521257788227063e-09,152.6,BID
702,1712177910.2874193,64445983.79371991,146.4,0.0,152.6,BID
703,1712177911.4677715,64446038.79371991,146.3,5.520945234677617e-09,152.6,BID
704,1712177937.808196,64447408.6567336,146.0,-1.3750797595645584e-07,152.6,ASK
705,1712177937.8145845,64447711.59371991,146.0,-3.040906383540349e-08,152.6,ASK
706,1712177939.3978057,64447766.59371991,146.2,5.520945234677617e-09,152.6,BID
707,1712177940.1929808,64447766.59371991,146.2,0.0,152.6,BID
708,1712177944.1779869,64447821.59371991,146.4,5.520800971928723e-09,152.6,BID
709,1712177970.2017603,64447821.59371991,146.4,0.0,152.6,BID
710,1712178000.234633,64447821.59371991,146.4,0.0,152.6,BID
711,1712178005.1997623,64449076.50938176,146.0,-1.2597107054442648e-07,152.6,ASK
712,1712178013.688124,64449987.09732098,146.0,-9.14067303601866e-08,152.6,ASK
713,1712178029.3086166,64488837.80741853,146.0,-3.89991589965447e-06,152.6,ASK
714,1712178029.3150036,64490207.67043198,146.0,-1.3750972718577532e-07,152.6,ASK
715,1712178029.3686864,64490207.67043222,146.0,-2.393295785524945e-17,152.6,ASK
716,1712178030.2013826,64490207.67043222,146.0,-0.0,152.6,ASK
717,1712178035.9383576,64490262.67043222,146.2,5.5175880146756436e-09,152.6,BID
718,1712178038.1087844,64490317.67043222,146.1,5.5175880146756436e-09,152.6,BID
719,1712178051.028234,64490372.67043222,146.2,5.5175880146756436e-09,152.6,BID
720,1712178060.2842464,64490372.67043222,146.2,0.0,152.6,BID
721,1712178070.29839,64491742.53344522,146.0,-1.374240264581497e-07,152.6,ASK
722,1712178070.3185744,64491742.53344591,146.0,-6.951180965458403e-17,152.6,ASK
723,1712178071.948287,64491797.53344591,146.0,5.517574665111509e-09,152.6,BID
724,1712178074.478448,64491852.53344591,146.1,5.517574665111509e-09,152.6,BID
725,1712178090.2881975,64491852.53344591,146.1,0.0,152.6,BID
726,1712178108.820064,64493049.63014241,145.8,1.2008958615658017e-07,152.6,BID
727,1712178108.8265324,64493222.3964596,145.8,1.7331461688594044e-08,152.6,BID
728,1712178110.3886983,64493244.05466139,145.7,-2.172693732774772e-09,152.6,ASK
729,1712178110.393688,64493970.3964596,145.7,-7.286469523295635e-08,152.6,ASK
730,1712178111.468448,64493998.42048157,145.7,-2.811296038523305e-09,152.6,ASK
731,1712178111.473981,64494045.3964596,145.7,-4.7125063310352975e-09,152.6,ASK
732,1712178120.2046456,64494045.3964596,145.7,-0.0,152.6,ASK
733,1712178120.658814,64494100.3964596,145.8,5.517278158633874e-09,152.6,BID
734,1712178121.6584003,64494155.3964596,145.8,5.517278158633874e-09,152.6,BID
735,1712178122.5185874,64494210.3964596,145.8,5.517278158633874e-09,152.6,BID
736,1712178123.2186537,64495027.69138415,145.8,8.198624429783096e-08,152.6,BID
737,1712178124.5086718,64495072.47416869,145.8,4.492346891016961e-09,152.6,BID
738,1712178124.514974,64495082.69138415,146.1,1.0249312676169123e-09,152.6,BID
739,1712178142.376578,64495743.72015127,146.0,6.63105378007239e-08,152.6,BID
740,1712178150.2053025,64495743.72015127,146.0,0.0,152.6,BID
741,1712178152.5385354,64496339.02104229,145.9,5.971561778064431e-08,152.6,BID
742,1712178159.9384153,64496394.02104229,146.0,5.5171410415852754e-09,152.6,BID
743,1712178160.1984882,64499135.62488029,145.9,-2.750148191712823e-07,152.6,ASK
744,1712178160.218405,64499135.62488053,145.9,-2.391616232432138e-17,152.6,ASK
745,1712178168.542072,64499796.2513025,145.7,-6.626852992406315e-08,152.6,ASK
746,1712178168.5499916,64499804.62488053,145.7,-8.39967472674102e-10,152.6,ASK
747,1712178169.5186057,64499871.62488053,145.7,-6.7208809052038804e-09,152.6,ASK
748,1712178176.509123,64500703.22178981,145.7,-8.341886251324331e-08,152.6,ASK
749,1712178176.5157664,64500711.62488053,145.7,-8.42927940059079e-10,152.6,ASK
750,1712178176.9684613,64500766.62488053,146.0,5.5171410415852754e-09,152.6,BID
751,1712178177.1506665,64500860.32886227,145.7,-9.399601516912647e-09,152.6,ASK
752,1712178177.6044495,64501208.37477058,145.5,-3.4913061183459534e-08,152.6,ASK
753,1712178177.6169314,64501783.00453003,145.5,-5.764206235553859e-08,152.6,ASK
754,1712178177.6198995,64502126.97135518,145.6,-3.45038815996108e-08,152.6,ASK
755,1712178177.622857,64508849.32886227,145.5,-6.743308090654777e-07,152.6,ASK
756,1712178178.627193,64510540.95437626,145.5,-1.69689755458247e-07,152.6,ASK
757,1712178178.6324766,64516838.32886227,145.5,-6.317000587458396e-07,152.6,ASK
758,1712178179.3285816,64516893.32886227,145.9,5.5171410415852754e-09,152.6,BID
759,1712178180.2845604,64516893.32886227,145.9,0.0,152.6,BID
760,1712178184.6363015,64516948.32886227,146.0,5.5154375191838724e-09,152.6,BID
761,1712178193.9086084,64517003.32886227,145.8,5.5154375191838724e-09,152.6,BID
762,1712178195.458344,64517058.32886227,145.8,5.5154375191838724e-09,152.6,BID
763,1712178207.820191,64517113.32886227,145.8,5.5154375191838724e-09,152.6,BID
764,1712178210.2884517,64517113.32886227,145.8,0.0,152.6,BID
765,1712178216.8501248,64517168.32886227,145.7,5.515419772183207e-09,152.6,BID
766,1712178221.9877071,64518094.32886227,145.5,-9.285961289166636e-08,152.6,ASK
767,1712178222.9708853,64518379.05260268,145.4,-2.855219904449192e-08,152.6,ASK
768,1712178222.9792187,64518761.42708869,145.5,-3.834465091893399e-08,152.6,ASK
769,1712178223.3360002,64521347.1358869,145.4,-2.592958078316519e-07,152.6,ASK
770,1712178223.9190242,64523267.86927375,145.4,-1.9261183452609265e-07,152.6,ASK
771,1712178224.67782,64524697.83971404,145.4,-1.4339794981850514e-07,152.6,ASK
772,1712178225.267142,64527645.36332194,145.4,-2.95578727017448e-07,152.6,ASK
773,1712178225.2981248,64531557.46155482,145.4,-3.923066171700115e-07,152.6,ASK
774,1712178225.33787,64534493.51692811,145.4,-2.9442868832838533e-07,152.6,ASK
775,1712178226.242358,64546894.7879425,145.4,-1.2436039155087671e-06,152.6,ASK
776,1712178226.245519,64568961.17607924,145.4,-2.212825335092174e-06,152.6,ASK
777,1712178226.248537,64572399.96562531,145.4,-3.448430519044363e-07,152.6,ASK
778,1712178233.521621,64572808.55087876,145.4,4.097307610048704e-08,152.6,BID
779,1712178238.1177611,64572863.55087876,145.4,5.515419772183207e-09,152.6,BID
780,1712178239.5083728,64572918.55087876,145.4,5.515419772183207e-09,152.6,BID
781,1712178240.2092404,64572918.55087876,145.4,0.0,152.6,BID
782,1712178255.23709,64572973.55087876,145.4,5.5109355373702605e-09,152.6,BID
783,1712178258.7869892,64573028.55087876,145.4,5.5109355373702605e-09,152.6,BID
784,1712178267.5370996,64573083.55087876,145.4,5.5109355373702605e-09,152.6,BID
785,1712178270.1875005,64573083.55087876,145.4,0.0,152.6,BID
786,1712178273.3530197,64613315.20531076,145.4,4.031154930290934e-06,152.6,BID
787,1712178275.2015648,64617526.75412973,145.4,4.2199124111191363e-07,152.6,BID
788,1712178275.208964,64618901.14983473,145.4,1.3771250774049846e-07,152.6,BID
789,1712178275.4760883,64618956.14983473,145.8,5.5109222898290465e-09,152.6,BID
790,1712178277.9662504,64619011.14983473,145.7,5.5109222898290465e-09,152.6,BID
791,1712178281.2762675,64619845.35789343,145.4,-8.358646881899378e-08,152.6,ASK
792,1712178281.8862634,64619900.35789343,145.7,5.5109222898290465e-09,152.6,BID
793,1712178283.0095656,64620699.52797777,145.5,-8.007571329394318e-08,152.6,ASK
794,1712178283.018834,64621501.70564882,145.5,-8.03770692320982e-08,152.6,ASK
795,1712178283.0859692,64622299.55931799,145.5,-7.994381035405404e-08,152.6,ASK
796,1712178284.4963615,64622354.55931799,145.7,5.5109222898290465e-09,152.6,BID
797,1712178289.8961134,64622409.55931799,145.7,5.5109222898290465e-09,152.6,BID
798,1712178291.4459977,64622464.55931799,145.7,5.5109222898290465e-09,152.6,BID
799,1712178292.6764114,64622519.55931799,145.7,5.5109222898290465e-09,152.6,BID
800,1712178293.4391625,64623801.4551561,145.4,-1.284441517725185e-07,152.6,ASK
801,1712178293.6957898,64623856.4551561,145.6,5.5109222898290465e-09,152.6,BID
802,1712178300.290815,64623856.4551561,145.6,0.0,152.6,BID
803,1712178301.0606096,64624848.72217145,145.4,-9.940664500970049e-08,152.6,ASK
804,1712178302.2891486,64626192.47870515,145.4,-1.346193380004189e-07,152.6,ASK
805,1712178303.0295954,64627953.78425825,145.4,-1.764499607084491e-07,152.6,ASK
806,1712178303.1363485,64629531.07892267,145.4,-1.5801550223569054e-07,152.6,ASK
807,1712178309.685538,64630211.96268986,145.4,-6.82118521443197e-08,152.6,ASK
808,1712178309.8856084,64630511.96268986,145.3,-3.0054403745880344e-08,152.6,ASK
809,1712178309.8943083,64630875.96268986,145.3,-3.646600987833482e-08,152.6,ASK
810,1712178317.76521,64631726.6288977,145.3,-8.522088554417467e-08,152.6,ASK
811,1712178327.115312,64632692.86570211,145.3,-9.67989034463062e-08,152.6,ASK
812,1712178330.2850077,64632692.86570211,145.3,-0.0,152.6,ASK
813,1712178338.4049664,64634426.64631351,145.2,-1.7367012547584542e-07,152.6,ASK
814,1712178338.4082582,64638550.64631351,145.2,-4.130947091873962e-07,152.6,ASK
815,1712178338.6247754,64641164.64612899,145.2,-2.618403233732231e-07,152.6,ASK
816,1712178341.3846903,64642039.1507563,145.2,-8.759777757069575e-08,152.6,ASK
817,1712178342.2445014,64646034.83027465,145.2,-4.002410447717288e-07,152.6,ASK
818,1712178342.3299415,64646972.92324926,145.2,-9.396732408766156e-08,152.6,ASK
819,1712178342.335363,64652555.93833565,145.2,-5.592419964842761e-07,152.6,ASK
820,1712178342.784453,64652555.93833624,145.2,-5.895873874202641e-17,152.6,ASK
821,1712178355.3243668,64655003.93833566,145.2,-2.452123782373128e-07,152.6,ASK
822,1712178360.196463,64655003.93833566,145.2,-0.0,152.6,ASK
823,1712178361.8145952,64655947.85775874,145.2,-9.452027836384732e-08,152.6,ASK
824,1712178361.873957,64656002.85775874,145.4,5.5074778449236375e-09,152.6,BID
825,1712178362.6261876,64656125.85775874,145.1,-1.2316723180465589e-08,152.6,ASK
826,1712178362.6295269,64663824.59246948,145.1,-7.709201973341e-07,152.6,ASK
827,1712178362.6326768,64669867.65651821,145.1,-6.051280247969837e-07,152.6,ASK
828,1712178362.6366382,64678651.14356257,145.1,-8.795429145085212e-07,152.6,ASK
829,1712178362.64221,64686237.06543707,145.0,-7.596235755842691e-07,152.6,ASK
830,1712178362.6456945,64697961.78198987,145.1,-1.1740657573193328e-06,152.6,ASK
831,1712178362.6490526,64698961.78198987,145.0,-1.0013596081679341e-07,152.6,ASK
832,1712178362.652299,64698996.78198987,145.0,-3.504758628587768e-09,152.6,ASK
833,1712178362.655494,64699686.43716228,145.0,-6.905928332130906e-08,152.6,ASK
834,1712178362.6586635,64774079.09084139,145.0,-7.449379853868651e-06,152.6,ASK
835,1712178362.6618311,64774753.82118621,145.0,-6.756477137050084e-08,152.6,ASK
836,1712178363.9042575,64774808.82118621,145.3,5.5074778449236375e-09,152.6,BID
837,1712178379.923747,64774843.24651311,145.3,3.447213186179001e-09,152.6,BID
838,1712178389.2742026,64775049.71588681,145.3,2.06750091142457e-08,152.6,BID
839,1712178390.2181742,64775049.71588681,145.3,0.0,152.6,BID
840,1712178398.2934525,64775256.18526051,145.3,-2.0639026940721232e-08,152.6,ASK
841,1712178398.4534087,64776249.71631027,145.2,-9.931503997245969e-08,152.6,ASK
842,1712178406.8734934,64776304.71631027,145.4,5.497892793400564e-09,152.6,BID
843,1712178411.0936143,64777139.73283733,145.2,-8.346966084500666e-08,152.6,ASK
844,1712178413.2682705,64777208.50862825,145.4,6.874944095861409e-09,152.6,BID
845,1712178415.1730163,64778233.8220322,145.2,-1.0249205771907248e-07,152.6,ASK
846,1712178419.883057,64779710.8220322,145.2,-1.4764341192459332e-07,152.6,ASK
847,1712178420.223708,64779710.8220322,145.2,-0.0,152.6,ASK
848,1712178423.8130038,64779765.8220322,145.4,5.497520842850886e-09,152.6,BID
849,1712178425.243155,64780694.97573645,145.2,-9.287348827850026e-08,152.6,ASK
850,1712178426.8930626,64781490.98042462,145.2,-7.956458844074573e-08,152.6,ASK
851,1712178427.2136583,64781545.98042462,145.4,5.497520842850886e-09,152.6,BID
852,1712178427.4730096,64782872.18497007,145.2,-1.325606751002273e-07,152.6,ASK
853,1712178427.8535137,64783756.88069288,145.2,-8.842969410351136e-08,152.6,ASK
854,1712178427.8668828,64784647.85176315,145.2,-8.905694598567968e-08,152.6,ASK
855,1712178427.8728478,64785538.50515521,145.2,-8.902519248389888e-08,152.6,ASK
856,1712178427.9528587,64786325.6059071,145.2,-7.867459616195349e-08,152.6,ASK
857,1712178428.261992,64787924.36687816,145.2,-1.598040320208952e-07,152.6,ASK
858,1712178428.4605606,64788734.36687816,145.2,-8.096348877653122e-08,152.6,ASK
859,1712178429.0828629,64804209.36687816,145.2,-1.5468024553294082e-06,152.6,ASK
860,1712178429.4031043,64805018.1924584,145.2,-8.084609973811803e-08,152.6,ASK
861,1712178429.5429316,64805073.1924584,145.3,5.497520842850886e-09,152.6,BID
862,1712178433.2428732,64806706.83053564,145.2,-1.6329017053317506e-07,152.6,ASK
863,1712178433.2624228,64808013.91731249,145.2,-1.3064975998401884e-07,152.6,ASK
864,1712178433.3427992,64825898.04817264,145.2,-1.7876069483626653e-06,152.6,ASK
865,1712178433.4466827,64826883.71514909,145.1,-9.852226813007253e-08,152.6,ASK
866,1712178435.872436,64828061.51514908,145.1,-1.1772690997549877e-07,152.6,ASK
867,1712178435.986622,64830781.38428808,145.2,2.718643142087936e-07,152.6,BID
868,1712178438.5559154,64830836.38428808,145.3,5.497520842850886e-09,152.6,BID
869,1712178440.234264,64830891.38428808,145.3,5.497520842850886e-09,152.6,BID
870,1712178441.362302,64830946.38428808,145.3,5.497520842850886e-09,152.6,BID
871,1712178442.3026285,64831001.38428808,145.3,5.497520842850886e-09,152.6,BID
872,1712178443.2932322,64831056.38428808,145.3,5.497520842850886e-09,152.6,BID
873,1712178444.3348062,64831111.38428808,145.3,5.497520842850886e-09,152.6,BID
874,1712178445.4029255,64831166.38428808,145.3,5.497520842850886e-09,152.6,BID
875,1712178446.3624554,64831221.38428808,145.3,5.497520842850886e-09,152.6,BID
1076,1712178447.5327556,64831245.38428808,145.3,2.398918185971295e-09,152.6,BID
876,1712178447.5327556,64831245.38428808,145.3,2.3989181859712952e-09,152.6,BID
877,1712178447.540086,64831276.38428808,145.4,3.09860265687959e-09,152.6,BID
878,1712178448.5324235,64831331.38428808,145.4,5.497520842850886e-09,152.6,BID
879,1712178449.0127192,64832670.38428808,145.3,-1.338396437923152e-07,152.6,ASK
880,1712178450.2009563,64832670.38428808,145.3,-0.0,152.6,ASK
881,1712178450.3847656,64832725.38428808,145.4,5.493298544776511e-09,152.6,BID
882,1712178456.1323168,64833158.37740508,145.3,-4.3246553809070323e-08,152.6,ASK
883,1712178459.1683097,64833158.37740576,145.3,-6.846182266682914e-17,152.6,ASK
884,1712178460.0898006,64834042.59402912,145.1,-8.831392527931009e-08,152.6,ASK
885,1712178467.6297896,64837362.64714996,145.1,-3.316007814049544e-07,152.6,ASK
886,1712178478.9119563,64837706.7627728,145.3,3.436963363975179e-08,152.6,BID
887,1712178479.581692,64837794.7627728,145.3,8.789277671642417e-09,152.6,BID
888,1712178480.2917936,64837794.7627728,145.3,0.0,152.6,BID
889,1712178480.3154018,64838814.61331173,145.1,-1.0185322460140817e-07,152.6,ASK
890,1712178480.5677717,64838825.49596831,145.3,1.086858929580862e-09,152.6,BID
891,1712178480.5717783,64838902.61331173,145.4,7.70176589608432e-09,152.6,BID
892,1712178481.3816714,64838990.61331173,145.4,8.788624825665182e-09,152.6,BID
893,1712178482.3917515,64840701.14614209,145.1,-1.708321738408603e-07,152.6,ASK
894,1712178482.591661,64842762.64840292,145.1,-2.058837494060273e-07,152.6,ASK
895,1712178483.5716658,64842850.64840292,145.3,8.788624825665182e-09,152.6,BID
896,1712178496.6214862,64844019.5831251,145.1,-1.167423718058276e-07,152.6,ASK
897,1712178510.2733097,64844019.5831251,145.1,-0.0,152.6,ASK
898,1712178525.8511517,64844063.5831251,145.3,4.3939160275085655e-09,152.6,BID
899,1712178532.800912,64844407.69874794,145.3,3.4363980693554074e-08,152.6,BID
900,1712178535.9110894,64856883.81498075,145.1,-1.2458865244639592e-06,152.6,ASK
901,1712178537.068315,64858784.14203491,145.1,-1.8976994319937108e-07,152.6,ASK
902,1712178537.074518,64869305.81498075,145.1,-1.050712440748615e-06,152.6,ASK
903,1712178538.3708332,64876030.76454362,145.1,-6.715650833745696e-07,152.6,ASK
904,1712178540.1906502,64876030.76454362,145.1,-0.0,152.6,ASK
905,1712178540.8208745,64879144.76454362,145.1,-3.108252450852309e-07,152.6,ASK
906,1712178544.1405318,64890687.61072713,145.1,-1.152154140645534e-06,152.6,ASK
907,1712178546.5315945,64895245.61072713,145.1,-4.549587241806302e-07,152.6,ASK
908,1712178551.550538,64903255.61072713,145.1,-7.995215841787731e-07,152.6,ASK
909,1712178556.6213098,64903599.9633442,145.2,3.437170410936028e-08,152.6,BID
910,1712178557.9003706,64908176.9633442,145.1,-4.568552173266225e-07,152.6,ASK
911,1712178562.5706987,64910667.9633442,145.1,-2.486402329824374e-07,152.6,ASK
912,1712178563.5155077,64910722.9633442,145.2,5.489848580503435e-09,152.6,BID
913,1712178563.657039,64915467.98582555,145.1,-4.736264533401394e-07,152.6,ASK
914,1712178564.7202916,64918790.10068149,145.1,-3.31598318657068e-07,152.6,ASK
915,1712178564.960151,64918845.10068149,145.2,5.489848580503435e-09,152.6,BID
916,1712178566.1889956,64919276.18096949,145.2,4.302846376658245e-08,152.6,BID
917,1712178566.9703574,64919331.18096949,145.2,5.489848580503435e-09,152.6,BID
918,1712178567.758714,64919386.18096949,145.2,5.489848580503435e-09,152.6,BID
919,1712178568.5601425,64919441.18096949,145.2,5.489848580503435e-09,152.6,BID
920,1712178569.483105,64919496.18096949,145.2,5.489848580503435e-09,152.6,BID
921,1712178570.195525,64919496.18096949,145.2,0.0,152.6,BID
922,1712178570.3936985,64919551.18096949,145.2,5.486394729516821e-09,152.6,BID
923,1712178571.271773,64919606.18096949,145.2,5.486394729516821e-09,152.6,BID
924,1712178572.1701674,64919657.61387456,145.4,5.130567623680739e-09,152.6,BID
925,1712178572.1801505,64919661.18096949,145.2,3.5582710583608157e-10,152.6,BID
926,1712178572.9601493,64919716.18096949,145.4,5.486394729516821e-09,152.6,BID
927,1712178598.0618806,64939089.49108589,145.4,1.9325386639252068e-06,152.6,BID
928,1712178598.075277,64959392.0514249,145.4,2.0252338189027014e-06,152.6,BID
929,1712178600.2054346,64959392.0514249,145.4,0.0,152.6,BID
930,1712178611.1596758,64959447.0514249,145.5,5.488562566796998e-09,152.6,BID
931,1712178614.709755,64959502.0514249,145.5,5.488562566796998e-09,152.6,BID
932,1712178615.6099038,64959546.20950051,145.5,4.406624741919614e-09,152.6,BID
933,1712178615.61605,64959557.0514249,145.5,1.081937824877384e-09,152.6,BID
934,1712178616.5037258,64959612.0514249,145.5,5.488562566796998e-09,152.6,BID
935,1712178617.3622408,64959667.0514249,145.5,5.488562566796998e-09,152.6,BID
936,1712178618.1493545,64959722.0514249,145.5,5.488562566796998e-09,152.6,BID
937,1712178618.9897766,64959777.0514249,145.5,5.488562566796998e-09,152.6,BID
938,1712178619.758983,64959832.0514249,145.5,5.488562566796998e-09,152.6,BID
939,1712178620.539587,64959887.0514249,145.5,5.488562566796998e-09,152.6,BID
940,1712178621.3047595,64959942.0514249,145.5,5.488562566796998e-09,152.6,BID
941,1712178622.0846355,64960096.20950051,145.5,1.5383749875513613e-08,152.6,BID
942,1712178622.105724,64960151.20950051,146.0,5.488562566796998e-09,152.6,BID
943,1712178622.8693745,64960206.20950051,145.9,5.488562566796998e-09,152.6,BID
944,1712178624.069356,64960261.20950051,145.9,5.488562566796998e-09,152.6,BID
945,1712178630.1893814,64960261.20950051,145.9,0.0,152.6,BID
946,1712178632.9191427,64969044.69654487,145.7,8.76511081266536e-07,152.6,BID
947,1712178633.0072896,64972456.58087489,145.7,-3.4047462108804014e-07,152.6,ASK
948,1712178633.2263184,64975776.53797389,145.7,-3.313011303942783e-07,152.6,ASK
949,1712178633.2436998,64977806.53797389,145.7,-2.0257529680228082e-07,152.6,ASK
950,1712178633.279106,64980292.36852902,145.7,-2.480629864563308e-07,152.6,ASK
951,1712178633.6000507,64982153.64274486,145.7,-1.857380180808771e-07,152.6,ASK
952,1712178633.8591404,64994408.64274486,145.7,-1.2229360898088425e-06,152.6,ASK
953,1712178633.8892157,64995800.74370085,145.7,-1.3891884942733925e-07,152.6,ASK
954,1712178634.7691057,65003566.74370085,145.7,-7.749752487519764e-07,152.6,ASK
955,1712178635.3694153,65003611.25764508,145.8,4.442081509571268e-09,152.6,BID
956,1712178635.3757582,65009842.16426481,145.8,6.217870728276482e-07,152.6,BID
957,1712178635.4892476,65011837.39833834,145.8,-1.991059776526047e-07,152.6,ASK
958,1712178635.5138645,65026114.52157234,145.8,-1.4247253579357364e-06,152.6,ASK
959,1712178635.5215623,65046053.38293267,145.8,-1.989714659098108e-06,152.6,ASK
960,1712178635.5690806,65047773.46848314,145.7,-1.7164869010453609e-07,152.6,ASK
961,1712178635.5890737,65049496.6329827,145.7,-1.7195594085577258e-07,152.6,ASK
962,1712178635.7294302,65050269.6329827,145.7,-7.713827804343004e-08,152.6,ASK
963,1712178635.84929,65087821.98737337,145.7,-3.747378983405701e-06,152.6,ASK
964,1712178635.8571415,65092375.0765977,145.7,-4.543563551655837e-07,152.6,ASK
965,1712178635.9097154,65093148.0765978,145.7,-7.713827805383904e-08,152.6,ASK
966,1712178635.9167938,65101931.56364216,145.4,-8.765110812657925e-07,152.6,ASK
967,1712178635.923253,65119210.1145977,145.3,-1.7242401911980968e-06,152.6,ASK
968,1712178637.0872812,65119287.1145977,145.4,-7.683890568362373e-09,152.6,ASK
969,1712178640.2594686,65119328.26686107,145.8,4.106616732462442e-09,152.6,BID
970,1712178640.3795414,65119383.26686107,145.8,5.48849326311598e-09,152.6,BID
971,1712178653.198918,65124686.13380208,145.8,5.291772632892062e-07,152.6,BID
972,1712178660.208406,65124686.13380208,145.8,0.0,152.6,BID
973,1712178677.379715,65124771.13380208,145.8,8.461991162368997e-09,152.6,BID
974,1712178678.1688046,65124786.2901766,145.8,1.508860085352241e-09,152.6,BID
975,1712178678.178272,65124856.13380208,145.9,6.953131077016756e-09,152.6,BID
976,1712178687.1389391,65126099.40914181,145.7,-1.2377158749632098e-07,152.6,ASK
977,1712178690.188298,65126099.40914181,145.7,-0.0,152.6,ASK
978,1712178691.6989326,65126184.40914181,145.9,8.461817680448698e-09,152.6,BID
979,1712178692.93839,65126269.40914181,145.9,8.461817680448698e-09,152.6,BID
980,1712178693.6781638,65126354.40914181,145.9,8.461817680448698e-09,152.6,BID
981,1712178693.8480723,65128991.40914181,145.7,-2.625154496863908e-07,152.6,ASK
982,1712178694.5083735,65129076.40914181,145.9,8.461817680448698e-09,152.6,BID
983,1712178696.3086915,65129161.40914181,145.9,8.461817680448698e-09,152.6,BID
984,1712178697.1983595,65129246.40914181,145.9,8.461817680448698e-09,152.6,BID
985,1712178698.0142548,65129331.40914181,145.9,8.461817680448698e-09,152.6,BID
986,1712178698.3386695,65129381.56551633,145.9,4.9931070201610375e-09,152.6,BID
987,1712178698.346316,65130752.36743546,145.9,1.3646442253774296e-07,152.6,BID
988,1712178698.8782716,65130837.36743546,146.0,8.461817680448698e-09,152.6,BID
989,1712178699.6778166,65130908.73729847,146.0,7.104926690319982e-09,152.6,BID
990,1712178699.6817696,65130922.36743546,146.0,1.356890990128715e-09,152.6,BID
991,1712178704.1582828,65131147.36743546,146.0,2.2398929154128906e-08,152.6,BID
1192,1712178704.1658938,65131374.99757245,146.0,2.266076138561133e-08,152.6,BID
992,1712178704.1658938,65131374.99757245,146.0,2.2660761385611332e-08,152.6,BID
993,1712178704.3184376,65135605.64140745,146.0,-4.2116396238459014e-07,152.6,ASK
994,1712178704.419138,65140812.70230384,145.9,-5.183670583086948e-07,152.6,ASK
995,1712178704.4273863,65140812.70230445,146.0,-6.082032093202306e-17,152.6,ASK
996,1712178705.948496,65142220.02333427,145.8,-1.400999290846391e-07,152.6,ASK
997,1712178705.956932,65142220.02333545,145.9,-1.1719037447877615e-16,152.6,ASK
998,1712178705.968596,65142220.02333647,145.8,-1.0161443863033123e-16,152.6,ASK
999,1712178720.2738223,65142220.02333647,145.8,-0.0,152.6,ASK
1000,1712178720.3215308,65151003.51038083,146.0,8.741984572886839e-07,152.6,BID
1201,1712178720.329121,65155551.86580222,146.0,4.5268641856060673e-07,152.6,BID
1202,1712178721.5781865,65157044.06580222,145.8,-1.485149270870014e-07,152.6,ASK
1203,1712178722.3587165,65159425.06580222,146.0,-2.3697496407667185e-07,152.6,ASK
1204,1712178722.6479678,65160939.76580222,146.0,-1.5075429571089505e-07,152.6,ASK
1205,1712178725.318025,65164267.11350927,146.1,3.311625801546871e-07,152.6,BID
1206,1712178735.0880508,65164951.10803731,146.1,6.80762615333842e-08,152.6,BID
1207,1712178750.1079583,65167717.99707831,146.0,-2.753815334291903e-07,152.6,ASK
1208,1712178750.2875524,65167717.99707831,146.0,-0.0,152.6,ASK
1209,1712178780.1916249,65167717.99707831,146.0,-0.0,152.6,ASK
1210,1712178781.307379,65169383.12045022,145.9,-1.6566417484917289e-07,152.6,ASK
1211,1712178781.3171868,65169383.12045031,146.0,-8.89515557265534e-18,152.6,ASK
1212,1712178801.8873837,65214978.48950561,145.8,-4.536312034829773e-06,152.6,ASK
1213,1712178801.8900776,65214978.48950587,145.9,-2.5944203753578082e-17,152.6,ASK
1214,1712178802.0673184,65221940.2058216,145.8,-6.926255486126303e-07,152.6,ASK
1215,1712178802.070031,65222772.92187098,145.8,-8.284744513825036e-08,152.6,ASK
1216,1712178804.0837643,65223189.35632491,145.7,-4.143132656321594e-08,152.6,ASK
1217,1712178804.085921,65226621.0653164,145.7,-3.4142289273390905e-07,152.6,ASK
1218,1712178810.1875882,65226621.0653164,145.7,-0.0,152.6,ASK
1219,1712178829.4071112,65226655.38926972,145.9,3.411996525680456e-09,152.6,BID
1220,1712178840.2768722,65226655.38926972,145.9,0.0,152.6,BID
1221,1712178870.269508,65226655.38926972,145.9,0.0,152.6,BID
1222,1712178883.476321,65231765.34446972,145.7,-5.079584087845622e-07,152.6,ASK
1223,1712178885.4266355,65231973.59996422,145.6,-2.0701772415865628e-08,152.6,ASK
1224,1712178885.4285526,65232797.63606972,145.6,-8.191384318472825e-08,152.6,ASK
1225,1712178900.2263136,65232797.63606972,145.6,-0.0,152.6,ASK
1226,1712178904.0661094,65232831.98359719,145.9,3.416147369451345e-09,152.6,BID
1227,1712178909.1460874,65233247.98359719,145.8,-4.137466101654453e-08,152.6,ASK
1228,1712178925.3659632,65234118.7706851,145.6,-8.660702062465176e-08,152.6,ASK
1229,1712178926.5976298,65239175.2215791,145.6,-5.029061098220596e-07,152.6,ASK
1230,1712178930.1856575,65239175.2215791,145.6,-0.0,152.6,ASK
1231,1712178960.261574,65239175.2215791,145.6,-0.0,152.6,ASK
1232,1712178966.1755767,65239175.22157992,145.6,-8.150491689125726e-17,152.6,ASK
1233,1712178981.1531775,65241027.22157992,145.5,-1.841797966052972e-07,152.6,ASK
1234,1712178982.0355587,65249810.70862392,145.5,-8.735101821006456e-07,152.6,ASK
1235,1712178982.57708,65252256.12279892,145.4,-2.431943225521232e-07,152.6,ASK
1236,1712178985.6125565,65253912.12279892,145.3,-1.646877662950173e-07,152.6,ASK
1237,1712178988.5364196,65253975.86441565,145.2,-6.339048598944546e-09,152.6,ASK
1238,1712178990.2622347,65253975.86441565,145.2,-0.0,152.6,ASK
1239,1712179020.1851954,65253975.86441565,145.2,-0.0,152.6,ASK
1240,1712179050.1962848,65253975.86441565,145.2,-0.0,152.6,ASK
1241,1712179056.2746787,65255004.77581674,145.6,-1.0230244469035437e-07,152.6,ASK
1242,1712179060.534637,65260843.99628378,145.6,-5.805811153746896e-07,152.6,ASK
1243,1712179065.1049316,65266986.96959037,145.3,-6.107826060332801e-07,152.6,ASK
1244,1712179065.107884,65267286.96959037,145.3,-2.9828353903675256e-08,152.6,ASK
1245,1712179076.647402,65280929.74649823,145.3,-1.35647192612117e-06,152.6,ASK
1246,1712179076.654551,65283570.260236,145.3,-2.625405941929352e-07,152.6,ASK
1247,1712179080.274356,65283570.260236,145.3,-0.0,152.6,ASK
1248,1712179086.7244835,65297007.97344095,145.4,-1.3355116171637167e-06,152.6,ASK
1249,1712179110.2665224,65297007.97344095,145.4,-0.0,152.6,ASK
1250,1712179117.1143477,65297816.7555003,145.5,-8.036546958837092e-08,152.6,ASK
1251,1712179131.6173997,65303310.0052923,145.5,5.458424726373781e-07,152.6,BID
1252,1712179131.645859,65343473.02548398,145.5,3.990840227575641e-06,152.6,BID
1253,1712179140.1905107,65343473.02548398,145.5,0.0,152.6,BID
1254,1712179151.5240004,65343507.396618,145.8,3.413030633394051e-09,152.6,BID
1255,1712179170.1881857,65343507.396618,145.8,0.0,152.6,BID
1256,1712179186.391184,65344256.396618,145.6,-7.437516233246519e-08,152.6,ASK
1257,1712179195.194149,65344356.396618,145.6,-9.9299282152824e-09,152.6,ASK
1258,1712179195.2035751,65344850.8032114,145.6,-4.909421981597102e-08,152.6,ASK
1259,1712179195.313544,65346164.32073717,145.5,-1.3043134740409168e-07,152.6,ASK
1260,1712179199.7947006,65351723.65544507,145.5,-5.52037945741837e-07,152.6,ASK
1261,1712179199.7979608,65362208.77027596,145.5,-1.0411643759971872e-06,152.6,ASK
1262,1712179200.238232,65362208.77027596,145.5,-0.0,152.6,ASK
1263,1712179230.1948397,65362208.77027596,145.5,-0.0,152.6,ASK
1264,1712179260.2631247,65362208.77027596,145.5,-0.0,152.6,ASK
1265,1712179265.000306,65363128.4109324,145.3,-9.13984675990285e-08,152.6,ASK
1266,1712179271.58279,65364185.64931665,145.3,-1.0507361492870865e-07,152.6,ASK
1267,1712179290.277216,65364185.64931665,145.3,-0.0,152.6,ASK
1268,1712179292.2430851,65366226.46564318,145.3,-2.0282069835411298e-07,152.6,ASK
1269,1712179308.5036745,65366913.75086618,145.5,6.830387775972429e-08,152.6,BID
1270,1712179320.1807086,65366913.75086618,145.5,0.0,152.6,BID
1271,1712179335.280039,65372941.86082781,145.6,5.990628734586163e-07,152.6,BID
1272,1712179335.2824998,65372941.86082818,145.5,3.702127407876707e-17,152.6,BID
1273,1712179335.3577216,65372941.86082944,145.6,1.2513190638623268e-16,152.6,BID
1274,1712179350.195962,65372941.86082944,145.6,0.0,152.6,BID
1275,1712179366.3298862,65373095.80729478,145.7,1.5297592296786555e-08,152.6,BID
1276,1712179366.3388455,65377737.47967312,145.9,4.612409350497608e-07,152.6,BID
1277,1712179380.205783,65377737.47967312,145.9,0.0,152.6,BID
1278,1712179399.8728857,65378914.00660761,145.6,-1.1690283452979084e-07,152.6,ASK
1279,1712179407.8826342,65380284.80852673,145.9,1.362065119181574e-07,152.6,BID
1280,1712179410.194657,65380284.80852673,145.9,0.0,152.6,BID
1281,1712179440.262304,65380284.80852673,145.9,0.0,152.6,BID
1282,1712179470.3108015,65380284.80852673,145.9,0.0,152.6,BID
1283,1712179471.2155173,65381726.84221381,145.6,-1.4327900310196914e-07,152.6,ASK
1284,1712179475.2222707,65381761.50247461,145.7,-3.443808324142328e-09,152.6,ASK
1285,1712179475.2255874,65388468.91709208,145.6,-6.66441906589236e-07,152.6,ASK
1286,1712179495.54277,65389355.71510176,145.6,-8.811134990761128e-08,152.6,ASK
1287,1712179500.19414,65389355.71510176,145.6,-0.0,152.6,ASK
1288,1712179530.2208092,65389355.71510176,145.6,-0.0,152.6,ASK
1289,1712179534.6422777,65390360.46771127,145.6,-1.0017560112686701e-07,152.6,ASK
1290,1712179534.646109,65418736.81465485,145.6,-2.829171664709116e-06,152.6,ASK
1291,1712179541.142184,65419697.03413358,145.8,9.573556971716509e-08,152.6,BID
1292,1712179560.268394,65419697.03413358,145.8,0.0,152.6,BID
1293,1712179590.2728217,65419697.03413358,145.8,0.0,152.6,BID
1294,1712179618.1914768,65419732.03413358,145.9,3.48802514155825e-09,152.6,BID
1295,1712179620.1865633,65419732.03413358,145.9,0.0,152.6,BID
1296,1712179627.2714546,65419947.03413358,145.9,2.1426429251315093e-08,152.6,BID
1297,1712179627.2748723,65420947.03413358,145.9,9.9657810471233e-08,152.6,BID
1298,1712179640.5611615,65420981.31103556,146.1,3.415961000592896e-09,152.6,BID
1299,1712179650.1931145,65420981.31103556,146.1,0.0,152.6,BID
1300,1712179680.2658398,65420981.31103556,146.1,0.0,152.6,BID
1301,1712179692.7211168,65423827.49065796,146.1,2.8363887700200135e-07,152.6,BID
1302,1712179692.7237594,65434375.97770232,146.1,1.0512200269370518e-06,152.6,BID
1303,1712179692.821223,65435685.85626326,146.1,-1.3053725812272788e-07,152.6,ASK
1304,1712179693.161135,65436560.5814048,146.1,-8.717160887487688e-08,152.6,ASK
1305,1712179710.2680664,65436560.5814048,146.1,-0.0,152.6,ASK
1306,1712179722.4910572,65457077.6707948,146.1,-2.044187380893964e-06,152.6,ASK
1307,1712179722.4931536,65457077.67079544,146.1,-6.38400944230842e-17,152.6,ASK
1308,1712179727.2810676,65457200.13081377,145.9,-1.2201108031182462e-08,152.6,ASK
1309,1712179740.1805491,65457200.13081377,145.9,-0.0,152.6,ASK
1310,1712179753.590863,65462921.63882372,146.0,5.698820850251253e-07,152.6,BID
1311,1712179767.7010293,65463075.05879637,146.2,1.5281162544327117e-08,152.6,BID
1312,1712179767.7045145,65463263.63608774,146.2,1.8782953691082183e-08,152.6,BID
1313,1712179770.1728935,65463263.63608774,146.2,0.0,152.6,BID
1314,1712179800.296891,65463263.63608774,146.2,0.0,152.6,BID
1315,1712179804.48051,65463821.41735749,146.0,-5.56796849180712e-08,152.6,ASK
1316,1712179806.560763,65464321.41735749,146.2,4.991175568057208e-08,152.6,BID
1317,1712179817.6209,65472416.32711048,146.2,8.08062315694767e-07,152.6,BID
1318,1712179817.7812674,65474438.52253246,146.2,-2.018626476811013e-07,152.6,ASK
1319,1712179817.7854056,65475296.89142476,146.2,-8.568539687227717e-08,152.6,ASK
1320,1712179817.800423,65476156.73135395,146.2,-8.58322409405886e-08,152.6,ASK
1321,1712179817.8207235,65476980.20150206,146.2,-8.22016816853118e-08,152.6,ASK
1322,1712179817.8854222,65479588.25046401,146.2,-2.603446051831248e-07,152.6,ASK
1323,1712179819.9505374,65480706.89700592,146.2,-1.1166722578603989e-07,152.6,ASK
1324,1712179830.184576,65480706.89700592,146.2,-0.0,152.6,ASK
1325,1712179860.273701,65480706.89700592,146.2,-0.0,152.6,ASK
1326,1712179865.2701652,65482216.19700592,146.2,-1.5062528263711582e-07,152.6,ASK
1327,1712179877.450119,65483045.39700592,146.2,-8.275259018312592e-08,152.6,ASK
1328,1712179890.26032,65483045.39700592,146.2,-0.0,152.6,ASK
1329,1712179891.3801746,65483985.29700592,146.2,-9.37970402682037e-08,152.6,ASK
1330,1712179920.1712947,65483985.29700592,146.2,-0.0,152.6,ASK
1331,1712179927.0129902,65484993.29700592,146.4,1.0059168003779148e-07,152.6,BID
1332,1712179950.1927996,65484993.29700592,146.4,0.0,152.6,BID
1333,1712179952.5026178,65486616.6575821,146.4,-1.61998177473384e-07,152.6,ASK
1334,1712179960.5098088,65487629.63606752,146.4,-1.0108701102282973e-07,152.6,ASK
1335,1712179961.6060948,65488489.14837353,146.4,-8.577233495345197e-08,152.6,ASK
1336,1712179961.6799543,65488699.14837353,146.4,-2.0956291392492253e-08,152.6,ASK
1337,1712179964.071479,65489386.43359653,146.4,-6.858547334731815e-08,152.6,ASK
1338,1712179964.079562,65490171.60311783,146.4,-7.835352990908597e-08,152.6,ASK
1339,1712179964.1598127,65494598.75384034,146.4,-4.417936218067881e-07,152.6,ASK
1340,1712179964.1697395,65496646.91009008,146.4,-2.0438932946137826e-07,152.6,ASK
1341,1712179965.1704755,65503482.18008308,146.3,-6.821043319983852e-07,152.6,ASK
1342,1712179965.190342,65503482.18008324,146.3,-1.5613653803238464e-17,152.6,ASK
1343,1712179975.6499157,65504193.18008324,146.2,-7.095201514315235e-08,152.6,ASK
1344,1712179980.2274275,65504193.18008324,146.2,-0.0,152.6,ASK
1345,1712180010.1906729,65504193.18008324,146.2,-0.0,152.6,ASK
1346,1712180040.297008,65504193.18008324,146.2,-0.0,152.6,ASK
1347,1712180070.2727425,65504193.18008324,146.2,-0.0,152.6,ASK
1348,1712180100.1715257,65504193.18008324,146.2,-0.0,152.6,ASK
1349,1712180101.009339,65504227.38664958,146.5,3.4174101425393716e-09,152.6,BID
1350,1712180111.1294053,65506713.38664958,146.5,2.483640576375239e-07,152.6,BID
1351,1712180111.1331773,65508826.46621258,146.5,2.1110740723146979e-07,152.6,BID
1352,1712180128.1293125,65508826.46621315,146.5,5.731502213120285e-17,152.6,BID
1353,1712180130.173211,65508826.46621315,146.5,0.0,152.6,BID
1354,1712180133.5392714,65508860.60273192,146.9,3.410180778079103e-09,152.6,BID
1355,1712180160.2310436,65508860.60273192,146.9,0.0,152.6,BID
1356,1712180164.6989667,65509263.60273192,146.6,-4.025900163993768e-08,152.6,ASK
1357,1712180164.7992618,65509549.75822268,146.7,-2.8586437646710607e-08,152.6,ASK
1358,1712180190.180715,65509549.75822268,146.7,-0.0,152.6,ASK
1359,1712180197.008936,65511174.20589424,146.7,-1.6227786908576348e-07,152.6,ASK
1360,1712180197.011356,65513297.06668602,146.7,-2.120679734327433e-07,152.6,ASK
1361,1712180199.9597466,65514495.52496748,146.7,-1.1972269683272606e-07,152.6,ASK
1362,1712180199.972092,65515698.67459585,146.7,-1.201913495284112e-07,152.6,ASK
1363,1712180199.9799528,65516885.27863885,146.7,-1.1853849090829336e-07,152.6,ASK
1364,1712180199.9866242,65518078.60813418,146.7,-1.1921034515909796e-07,152.6,ASK
1365,1712180200.0800898,65519315.92896474,146.7,-1.23604958949387e-07,152.6,ASK
1366,1712180200.0991583,65520739.42896474,146.7,-1.4220374757987765e-07,152.6,ASK
1367,1712180200.1193178,65522455.18675561,146.7,-1.7139949968473706e-07,152.6,ASK
1368,1712180200.1279266,65523295.2961481,146.7,-8.39246252115465e-08,152.6,ASK
1369,1712180200.131539,65524488.15428785,146.7,-1.191632580288631e-07,152.6,ASK
1370,1712180200.1376705,65526145.95428785,146.7,-1.656096752634334e-07,152.6,ASK
1371,1712180200.1441598,65527348.14106235,146.7,-1.2009516306626254e-07,152.6,ASK
1372,1712180200.158839,65528177.67548272,146.7,-8.28682144877174e-08,152.6,ASK
1373,1712180200.201882,65529363.74202419,146.7,-1.1848479597908109e-07,152.6,ASK
1374,1712180200.206402,65530277.68484755,146.7,-9.130038254669809e-08,152.6,ASK
1375,1712180200.2390668,65531967.71759972,146.7,-1.688296388419202e-07,152.6,ASK
1376,1712180200.91897,65533414.58126917,146.7,-1.4453771410791868e-07,152.6,ASK
1377,1712180201.0696335,65534284.67768479,146.7,-8.692024661577436e-08,152.6,ASK
1378,1712180201.076894,65537352.34466407,146.7,-3.0645152144716506e-07,152.6,ASK
1379,1712180201.199093,65538491.14466407,146.7,-1.137629980643487e-07,152.6,ASK
1380,1712180202.4290197,65539954.12866032,146.7,-1.461480905627665e-07,152.6,ASK
1381,1712180202.5090585,65541704.81897056,146.7,-1.7488916260476088e-07,152.6,ASK
1382,1712180206.0790036,65543180.1319078,146.7,-1.473797179685452e-07,152.6,ASK
1383,1712180209.5091467,65544032.02088709,146.7,-8.510137364068785e-08,152.6,ASK
1384,1712180209.528645,65545032.21132878,146.7,-9.99162831766392e-08,152.6,ASK
1385,1712180209.5688467,65546028.22618371,146.7,-9.949915350637352e-08,152.6,ASK
1386,1712180210.258945,65547109.65077658,146.7,-1.0803135218180621e-07,152.6,ASK
1387,1712180210.2793732,65548204.36123786,146.7,-1.0935857401411233e-07,152.6,ASK
1388,1712180214.5737271,65550517.72004953,146.7,-2.3109820338340122e-07,152.6,ASK
1389,1712180220.2673843,65550517.72004953,146.7,-0.0,152.6,ASK
1390,1712180249.239136,65552052.71729678,146.7,-1.5325000829178686e-07,152.6,ASK
1391,1712180250.2616153,65552052.71729678,146.7,-0.0,152.6,ASK
1392,1712180250.3105364,65554055.97634703,146.7,-1.999955145675321e-07,152.6,ASK
1393,1712180264.8379574,65555513.82947243,146.7,-1.455448739602759e-07,152.6,ASK
1394,1712180280.0930417,65556530.19628601,146.7,-1.0146905555997093e-07,152.6,ASK
1395,1712180280.172752,65557330.94602004,146.7,-7.994290857040632e-08,152.6,ASK
1396,1712180280.178255,65557338.90092301,146.7,-7.94178323553105e-10,152.6,ASK
1397,1712180280.1867974,65557338.90092301,146.7,-0.0,152.6,ASK
1398,1712180286.5703876,65564861.54578818,146.7,-7.509657506127952e-07,152.6,ASK
1399,1712180291.7702603,65565773.91766156,146.7,-9.107967224512296e-08,152.6,ASK
1400,1712180310.1754112,65565773.91766156,146.7,-0.0,152.6,ASK
1401,1712180314.311087,65565819.85866505,146.8,-4.5856019472728585e-09,152.6,ASK
1402,1712180314.472448,65566182.43275006,146.8,-3.6190337695825926e-08,152.6,ASK
1403,1712180319.471048,65574764.58828468,146.7,-8.566279825144311e-07,152.6,ASK
1404,1712180322.241423,65576772.85548255,146.7,-2.0045522026742202e-07,152.6,ASK
1405,1712180322.5413692,65578275.29977023,146.7,-1.4996649895288497e-07,152.6,ASK
1406,1712180327.381882,65599358.76635839,146.7,-2.104446531524235e-06,152.6,ASK
1407,1712180332.0716732,65601130.68858377,146.7,-1.7686444331797565e-07,152.6,ASK
1408,1712180332.191562,65602456.12335627,146.7,-1.322982915586139e-07,152.6,ASK
1409,1712180332.1952696,65609269.34932678,146.7,-6.800622517261907e-07,152.6,ASK
1410,1712180332.596498,65619237.35252998,146.7,-9.94956388195268e-07,152.6,ASK
1411,1712180340.2634375,65619237.35252998,146.7,-0.0,152.6,ASK
1412,1712180345.8820052,65621053.3836703,146.7,-1.8112537917711448e-07,152.6,ASK
1413,1712180345.8852854,65621121.38366998,146.7,-6.782111524720577e-09,152.6,ASK
1414,1712180345.901988,65621121.3836703,146.7,-3.195321701653008e-17,152.6,ASK
1415,1712180370.2769644,65621121.3836703,146.7,-0.0,152.6,ASK
1416,1712180386.9729357,65621282.94936124,146.9,1.611362257171556e-08,152.6,BID
1417,1712180400.2087886,65621282.94936124,146.9,0.0,152.6,BID
1418,1712180430.1955972,65621282.94936124,146.9,0.0,152.6,BID
1419,1712180460.2703698,65621282.94936124,146.9,0.0,152.6,BID
1420,1712180476.4304082,65622919.0478468,146.7,-1.6330567360506597e-07,152.6,ASK
1421,1712180482.942773,65626149.14784679,146.7,-3.224094765476382e-07,152.6,ASK
1422,1712180482.9448285,65627786.25409243,146.7,-1.6340626225605046e-07,152.6,ASK
1423,1712180483.0649197,65628995.63929553,146.7,-1.2071367768112066e-07,152.6,ASK
1424,1712180490.2749248,65628995.63929553,146.7,-0.0,152.6,ASK
1425,1712180509.0657384,65629132.62559689,147.0,1.3671618350742069e-08,152.6,BID
1426,1712180509.0697503,65629218.08827512,147.0,8.529415776998776e-09,152.6,BID
1427,1712180518.3159227,65630098.0715013,147.0,8.782480222022584e-08,152.6,BID
1428,1712180518.320259,65630218.08827512,147.0,1.1978011750973298e-08,152.6,BID
1429,1712180520.1988325,65630218.08827512,147.0,0.0,152.6,BID
1430,1712180538.3263357,65630370.67330914,147.0,1.5228142654987124e-08,152.6,BID
1431,1712180538.3310468,65639678.14014101,147.0,9.288947214408828e-07,152.6,BID
1432,1712180538.386309,65641684.00310162,147.0,-2.0018717763907685e-07,152.6,ASK
1433,1712180538.4063184,65643306.58327067,147.0,-1.6193516252843549e-07,152.6,ASK
1434,1712180538.4099703,65644927.23501828,147.0,-1.6174270409408498e-07,152.6,ASK
1435,1712180538.4289155,65647543.12024009,147.0,-2.6106802402060617e-07,152.6,ASK
1436,1712180538.4360862,65649830.12024009,147.0,-2.2824494207822973e-07,152.6,ASK
1437,1712180538.4457712,65651571.27386008,147.0,-1.7376891436111117e-07,152.6,ASK
1438,1712180540.28595,65654177.18670537,147.0,-2.600727706315716e-07,152.6,ASK
1439,1712180540.3211114,65656789.29494121,147.0,-2.6069107695254104e-07,152.6,ASK
1440,1712180540.3861368,65662909.10848045,147.0,-6.107636584146771e-07,152.6,ASK
1441,1712180540.4378843,65667486.47477735,147.0,-4.568258440339334e-07,152.6,ASK
1442,1712180540.4402258,65668775.95107627,147.0,-1.2869105516328398e-07,152.6,ASK
1443,1712180540.4663546,65673053.28854812,147.0,-4.268826600400065e-07,152.6,ASK
1444,1712180540.511586,65676252.44510199,147.0,-3.192791002788315e-07,152.6,ASK
1445,1712180540.566085,65678651.51812318,147.0,-2.394299443649257e-07,152.6,ASK
1446,1712180540.6204352,65680445.96570806,147.0,-1.7908770663484816e-07,152.6,ASK
1447,1712180540.706441,65681642.06570806,147.0,-1.1937200490603878e-07,152.6,ASK
1448,1712180541.5966654,65682477.07895001,147.0,-8.333517666929547e-08,152.6,ASK
1449,1712180542.6648932,65683409.47895001,147.0,-9.305447485500713e-08,152.6,ASK
1450,1712180544.446231,65698382.04711202,147.0,-1.4942776357237072e-06,152.6,ASK
1451,1712180550.2010236,65698382.04711202,147.0,-0.0,152.6,ASK
1452,1712180568.0466783,65698722.18316644,146.9,3.3912013987263355e-08,152.6,BID
1453,1712180580.2767258,65698722.18316644,146.9,0.0,152.6,BID
1454,1712180610.2751706,65698722.18316644,146.9,0.0,152.6,BID
1455,1712180640.20387,65698722.18316644,146.9,0.0,152.6,BID
1456,1712180651.2184126,65698757.18316644,146.9,3.4895288556198433e-09,152.6,BID
1457,1712180666.308421,65699769.90807715,146.8,-1.0096950853544564e-07,152.6,ASK
1458,1712180666.312857,65699851.03917372,146.8,-8.088837216427742e-09,152.6,ASK
1459,1712180670.191506,65699851.03917372,146.8,-0.0,152.6,ASK
1460,1712180691.9189308,65699919.15906472,146.8,-6.791497081749771e-09,152.6,ASK
1461,1712180691.92385,65701161.76165734,146.8,-1.238864560450463e-07,152.6,ASK
1462,1712180700.2053497,65701161.76165734,146.8,-0.0,152.6,ASK
1463,1712180730.1989746,65701161.76165734,146.8,-0.0,152.6,ASK
1464,1712180736.2492185,65702383.90744071,146.8,-1.2184775618790132e-07,152.6,ASK
1465,1712180736.2544346,65703201.6458139,146.8,-8.152839643045016e-08,152.6,ASK
1466,1712180745.7298396,65704018.59012625,146.8,-8.144922868124513e-08,152.6,ASK
1467,1712180745.7496195,65704836.15235055,146.8,-8.151083441168758e-08,152.6,ASK
1468,1712180754.8020303,65705831.77810616,146.9,9.926374248882865e-08,152.6,BID
1469,1712180754.808788,65706451.39954131,146.9,6.177616662977257e-08,152.6,BID
1470,1712180754.8152206,65708612.63707855,146.9,2.15475066957263e-07,152.6,BID
1471,1712180754.8257563,65708612.63707865,146.9,9.65668337203368e-18,152.6,BID
1472,1712180760.274053,65708612.63707865,146.9,0.0,152.6,BID
1473,1712180785.2994258,65710251.29537818,146.9,-1.6335617301334674e-07,152.6,ASK
1474,1712180785.3231103,65711893.94430424,146.9,-1.6375399449881736e-07,152.6,ASK
1475,1712180785.3393223,65712846.34043891,146.9,-9.49433983867952e-08,152.6,ASK
1476,1712180790.2779148,65712846.34043891,146.9,-0.0,152.6,ASK
1477,1712180820.2035627,65712846.34043891,146.9,-0.0,152.6,ASK
1478,1712180836.0303926,65713766.8129372,146.9,-9.175527486979876e-08,152.6,ASK
1479,1712180850.1848843,65713766.8129372,146.9,-0.0,152.6,ASK
1480,1712180876.510874,65715914.5820999,146.9,-2.1409275564097855e-07,152.6,ASK
1481,1712180880.2729373,65715914.5820999,146.9,-0.0,152.6,ASK
1482,1712180893.710867,65716489.7537129,146.9,5.7332140283431735e-08,152.6,BID
1483,1712180904.5908434,65716489.75371323,146.9,3.26770998118201e-17,152.6,BID
1484,1712180910.2808323,65716489.75371323,146.9,0.0,152.6,BID
1485,1712180940.1967106,65716489.75371323,146.9,0.0,152.6,BID
1486,1712180970.1791878,65716489.75371323,146.9,0.0,152.6,BID
1487,1712181000.2316153,65716489.75371323,146.9,0.0,152.6,BID
1488,1712181026.22185,65723311.11546363,147.1,6.800453032166223e-07,152.6,BID
1489,1712181026.2263494,65732701.40555689,147.1,9.36150714098366e-07,152.6,BID
1490,1712181030.1954489,65732701.40555689,147.1,0.0,152.6,BID
1491,1712181060.2720704,65732701.40555689,147.1,0.0,152.6,BID
1492,1712181077.592566,65732736.16475689,147.2,3.464442026110035e-09,152.6,BID
1493,1712181077.6022644,65733227.29110189,147.2,4.895045771443056e-08,152.6,BID
1494,1712181090.2622235,65733227.29110189,147.2,0.0,152.6,BID
1495,1712181117.292601,65733227.29110229,147.3,4.009997039553235e-17,152.6,BID
1496,1712181117.302355,65739144.28438829,147.3,5.897409045596304e-07,152.6,BID
1497,1712181120.2304988,65739144.28438829,147.3,0.0,152.6,BID
1498,1712181150.425835,65739144.28438829,147.3,0.0,152.6,BID
1499,1712181180.2962074,65739144.28438829,147.3,0.0,152.6,BID
1500,1712181182.173318,65739144.28438891,147.5,6.16297859742978e-17,152.6,BID
