,time,acc_trade_volume,trade_price,dev,high,ask_bid
0,1712173460.259051,52027000.47382912,122.9,0.0,126.5,BID
1,1712173470.3924978,52027000.47382912,122.9,0.0,126.5,BID
2,1712173500.3041162,52027000.47382912,122.9,0.0,126.5,BID
3,1712173530.272373,52027000.47382912,122.9,0.0,126.5,BID
4,1712173560.41582,52027000.47382912,122.9,0.0,126.5,BID
5,1712173590.4123678,52027000.47382912,122.9,0.0,126.5,BID
6,1712173620.2731664,52027000.47382912,122.9,0.0,126.5,BID
7,1712173650.282158,52027000.47382912,122.9,0.0,126.5,BID
8,1712173680.402416,52027000.47382912,122.9,0.0,126.5,BID
9,1712173710.4039705,52027000.47382912,122.9,0.0,126.5,BID
10,1712173740.2724404,52027000.47382912,122.9,0.0,126.5,BID
11,1712173770.273543,52027000.47382912,122.9,0.0,126.5,BID
12,1712173800.292038,52027000.47382912,122.9,0.0,126.5,BID
13,1712173830.2547529,52027000.47382912,122.9,0.0,126.5,BID
14,1712173860.4023087,52027000.47382912,122.9,0.0,126.5,BID
15,1712173890.4021237,52027000.47382912,122.9,0.0,126.5,BID
16,1712173920.2672737,52027000.47382912,122.9,0.0,126.5,BID
17,1712173926.1318676,52028000.47382912,122.5,-1.4104439771803977e-07,126.5,ASK
18,1712173950.274512,52028000.47382912,122.5,-0.0,126.5,ASK
19,1712173964.0316274,52028043.64416765,122.5,-6.088829194317784e-09,126.5,ASK
20,1712173964.151836,52028274.98842746,122.5,-3.2629248024762783e-08,126.5,ASK
21,1712173980.403788,52028274.98842746,122.5,-0.0,126.5,ASK
22,1712173995.861671,52029113.2568546,122.7,1.1823046188090957e-07,126.5,BID
23,1712173995.871717,52033146.59702664,122.6,5.688675083340605e-07,126.5,BID
24,1712174010.393329,52033146.59702664,122.6,0.0,126.5,BID
25,1712174030.761691,52033946.59702664,122.4,-1.1282352809377969e-07,126.5,ASK
26,1712174038.6115758,52034028.16309516,122.6,1.1503214529327933e-08,126.5,BID
27,1712174040.2635832,52034028.16309516,122.6,0.0,126.5,BID
28,1712174041.0080657,52034069.23929516,122.3,-5.79286408921291e-09,126.5,ASK
29,1712174041.009428,52034109.72916368,122.2,-5.710175364023804e-09,126.5,ASK
30,1712174070.283676,52034109.72916368,122.2,-0.0,126.5,ASK
31,1712174074.2115834,52035966.91297655,122.2,-2.61913182996465e-07,126.5,ASK
32,1712174074.2214549,52044109.72916368,122.2,-1.1483574707817152e-06,126.5,ASK
33,1712174086.7415338,52044150.56045952,122.5,5.758317827951069e-09,126.5,BID
34,1712174096.8315089,52052411.27687733,122.4,1.164984594322361e-06,126.5,BID
35,1712174100.3917198,52052411.27687733,122.4,0.0,126.5,BID
36,1712174104.12173,52052820.44217933,122.2,-5.7694264163785e-08,126.5,ASK
37,1712174130.3916628,52052820.44217933,122.2,-0.0,126.5,ASK
38,1712174160.30265,52052820.44217933,122.2,-0.0,126.5,ASK
39,1712174190.302451,52052820.44217933,122.2,-0.0,126.5,ASK
40,1712174220.3026145,52052820.44217933,122.2,-0.0,126.5,ASK
41,1712174250.2921772,52052820.44217933,122.2,-0.0,126.5,ASK
42,1712174280.397158,52052820.44217933,122.2,-0.0,126.5,ASK
43,1712174310.3924446,52052820.44217933,122.2,-0.0,126.5,ASK
44,1712174312.5631416,52052820.44218011,122.2,-1.1030880895548336e-16,126.5,ASK
45,1712174312.5646677,52058024.00198404,122.2,-7.337216422680199e-07,126.5,ASK
46,1712174324.4424994,52058064.86658437,122.6,5.762063432531116e-09,126.5,BID
47,1712174340.2537892,52058064.86658437,122.6,0.0,126.5,BID
48,1712174370.2746897,52058064.86658437,122.6,0.0,126.5,BID
49,1712174400.3530204,52058064.86658437,122.6,0.0,126.5,BID
50,1712174421.23294,52058105.69788021,122.6,5.757672258343412e-09,126.5,BID
51,1712174421.2728367,52065546.31155408,122.6,1.0492102700467882e-06,126.5,BID
52,1712174430.273111,52065546.31155408,122.6,0.0,126.5,BID
53,1712174453.5833364,52069143.37517561,122.6,5.07160858869154e-07,126.5,BID
54,1712174453.5851536,52069543.37517561,122.5,5.6397207526026884e-08,126.5,BID
55,1712174460.3929183,52069543.37517561,122.5,0.0,126.5,BID
56,1712174490.4032416,52069543.37517561,122.5,0.0,126.5,BID
57,1712174520.2643578,52069543.37517561,122.5,0.0,126.5,BID
58,1712174550.2634206,52069543.37517561,122.5,0.0,126.5,BID
59,1712174563.973342,52073036.23569935,122.1,-4.92434928897067e-07,126.5,ASK
60,1712174563.9751651,52135723.90906168,122.1,-8.837913728620778e-06,126.5,ASK
61,1712174574.0833583,52136543.58119282,122.0,-1.1556006455894844e-07,126.5,ASK
62,1712174574.0849266,52139494.51303159,122.0,-4.160320460341727e-07,126.5,ASK
63,1712174574.0865269,52139760.49001068,122.0,-3.749830658773108e-08,126.5,ASK
64,1712174574.1831238,52141412.54581847,122.0,-2.3291224448127965e-07,126.5,ASK
65,1712174574.1844554,52142232.21794968,122.0,-1.1556006456840209e-07,126.5,ASK
66,1712174580.3944166,52142232.21794968,122.0,-0.0,126.5,ASK
67,1712174585.8331904,52143051.89008075,122.0,-1.1541565898924498e-07,126.5,ASK
68,1712174587.3830495,52143707.83757775,121.9,-9.23620674161341e-08,126.5,ASK
69,1712174610.3969498,52143707.83757775,121.9,-0.0,126.5,ASK
70,1712174627.8932133,52143748.86951878,122.1,5.7774423882803535e-09,126.5,BID
71,1712174640.2549362,52143748.86951878,122.1,0.0,126.5,BID
72,1712174670.277417,52143748.86951878,122.1,0.0,126.5,BID
73,1712174700.4037442,52143748.86951878,122.1,0.0,126.5,BID
74,1712174730.4037137,52143748.86951878,122.1,0.0,126.5,BID
75,1712174760.283544,52143748.86951878,122.1,0.0,126.5,BID
76,1712174771.053906,52143831.03878747,121.7,-1.1585299738119537e-08,126.5,ASK
77,1712174771.055827,52147178.08394773,121.7,-4.719102656851791e-07,126.5,ASK
78,1712174771.057584,52147678.08394773,121.8,-7.049654890942498e-08,126.5,ASK
79,1712174790.2734883,52147678.08394773,121.8,-0.0,126.5,ASK
80,1712174811.853509,52154694.97739405,121.7,-9.892668398856446e-07,126.5,ASK
81,1712174811.854889,52154743.07979405,121.8,-6.781649115866327e-09,126.5,ASK
82,1712174820.4135268,52154743.07979405,121.8,-0.0,126.5,ASK
83,1712174829.4932723,52156652.17614123,121.7,-2.691186372206516e-07,126.5,ASK
84,1712174850.4090202,52156652.17614123,121.7,-0.0,126.5,ASK
85,1712174880.2755146,52156652.17614123,121.7,-0.0,126.5,ASK
86,1712174910.255235,52156652.17614123,121.7,-0.0,126.5,ASK
87,1712174940.4037752,52156652.17614123,121.7,-0.0,126.5,ASK
88,1712174945.6934557,52156732.95526981,121.7,-1.1386778388367712e-08,126.5,ASK
89,1712174947.293513,52156774.72431157,122.1,5.887842940421877e-09,126.5,BID
90,1712174970.3936164,52156774.72431157,122.1,0.0,126.5,BID
91,1712175000.3139312,52156774.72431157,122.1,0.0,126.5,BID
92,1712175030.2737222,52156774.72431157,122.1,0.0,126.5,BID
93,1712175060.3955326,52156774.72431157,122.1,0.0,126.5,BID
94,1712175090.4054177,52156774.72431157,122.1,0.0,126.5,BID
95,1712175120.2738032,52156774.72431157,122.1,0.0,126.5,BID
96,1712175145.9436934,52159162.56663222,122.1,3.371321353938732e-07,126.5,BID
97,1712175145.952527,52175542.56663222,122.1,2.312641973883158e-06,126.5,BID
98,1712175145.9544632,52206622.56663222,122.2,4.388089899162915e-06,126.5,BID
99,1712175150.2739146,52206622.56663222,122.2,0.0,126.5,BID
100,1712175180.4027562,52206622.56663222,122.2,0.0,126.5,BID
101,1712175210.413561,52206622.56663222,122.2,0.0,126.5,BID
102,1712175240.2959929,52206622.56663222,122.2,0.0,126.5,BID
103,1712175270.283608,52206622.56663222,122.2,0.0,126.5,BID
104,1712175300.3137195,52206622.56663222,122.2,0.0,126.5,BID
105,1712175330.2638178,52206622.56663222,122.2,0.0,126.5,BID
106,1712175360.4133902,52206622.56663222,122.2,0.0,126.5,BID
107,1712175390.4062564,52206622.56663222,122.2,0.0,126.5,BID
108,1712175420.2736998,52206622.56663222,122.2,0.0,126.5,BID
109,1712175450.275258,52206622.56663222,122.2,0.0,126.5,BID
110,1712175480.395483,52206622.56663222,122.2,0.0,126.5,BID
111,1712175510.40332,52206622.56663222,122.2,0.0,126.5,BID
112,1712175540.2634757,52206622.56663222,122.2,0.0,126.5,BID
113,1712175570.2856448,52206622.56663222,122.2,0.0,126.5,BID
114,1712175573.033523,52207008.54088122,122.5,5.446033082354789e-08,126.5,BID
115,1712175600.2959585,52207008.54088122,122.5,0.0,126.5,BID
116,1712175630.25586,52207008.54088122,122.5,0.0,126.5,BID
117,1712175660.4034564,52207008.54088122,122.5,0.0,126.5,BID
118,1712175690.406101,52207008.54088122,122.5,0.0,126.5,BID
119,1712175720.256216,52207008.54088122,122.5,0.0,126.5,BID
120,1712175747.583436,52207090.37398122,122.2,-1.1562851720820981e-08,126.5,ASK
121,1712175747.5849571,52234157.54088122,122.2,-3.824536004922914e-06,126.5,ASK
122,1712175750.265293,52234157.54088122,122.2,-0.0,126.5,ASK
123,1712175757.5433362,52234907.54088122,122.2,1.059238308845388e-07,126.5,BID
124,1712175766.1442692,52235282.54088122,122.2,-5.29619154422694e-08,126.5,ASK
125,1712175780.403716,52235282.54088122,122.2,-0.0,126.5,ASK
126,1712175785.5435426,52235282.54088202,122.5,1.1364173518664342e-16,126.5,BID
127,1712175785.5456817,52248282.54088122,122.5,1.835977421511138e-06,126.5,BID
128,1712175785.6632133,52252039.65143255,122.5,5.306130879076259e-07,126.5,BID
129,1712175787.8932378,52253724.65143255,122.5,2.379709196490581e-07,126.5,BID
130,1712175788.635374,52254724.86376762,122.5,1.4125902030845785e-07,126.5,BID
131,1712175788.9336522,52256907.86376762,122.5,3.083029778005304e-07,126.5,BID
132,1712175790.9035308,52257858.95682934,122.5,1.3432195286054398e-07,126.5,BID
133,1712175790.9831986,52260403.97433834,122.5,3.594303603200777e-07,126.5,BID
134,1712175791.0833886,52279585.77545234,122.5,2.709027211646288e-06,126.5,BID
135,1712175791.1230853,52282130.79296203,122.5,3.594303604179358e-07,126.5,BID
136,1712175810.393162,52282130.79296203,122.5,0.0,126.5,BID
137,1712175840.274779,52282130.79296203,122.5,0.0,126.5,BID
138,1712175870.2836535,52282130.79296203,122.5,0.0,126.5,BID
139,1712175874.1641765,52298510.79296203,122.4,-2.311458112526693e-06,126.5,ASK
140,1712175874.1667526,52316873.13157197,122.4,-2.5911951492619627e-06,126.5,ASK
141,1712175874.1692832,52340095.13157197,122.5,-3.2769646086138508e-06,126.5,ASK
142,1712175874.1715372,52357870.09215393,122.5,-2.508307499206941e-06,126.5,ASK
143,1712175900.4031816,52357870.09215393,122.5,-0.0,126.5,ASK
144,1712175928.023919,52381092.09215393,122.5,-3.276209068396692e-06,126.5,ASK
145,1712175928.0265653,52383072.16243473,122.3,-2.7935251959402585e-07,126.5,ASK
146,1712175928.0291398,52384704.81549595,122.5,-2.303381605690412e-07,126.5,ASK
147,1712175928.031712,52384748.09215393,122.5,-6.105562798706467e-09,126.5,ASK
148,1712175930.4131842,52384748.09215393,122.5,-0.0,126.5,ASK
149,1712175938.8045876,52385404.03965093,122.7,9.249950292093765e-08,126.5,BID
150,1712175938.806823,52385485.87275093,122.7,1.1539827664456606e-08,126.5,BID
151,1712175943.2700126,52386535.87275093,122.8,1.480674573967813e-07,126.5,BID
152,1712175943.2722576,52386935.87275093,122.8,5.6406650436869066e-08,126.5,BID
153,1712175944.1893077,52388454.87275093,122.8,2.142042550340103e-07,126.5,BID
154,1712175952.5633504,52390151.87275093,122.8,2.39305214478417e-07,126.5,BID
155,1712175954.7731364,52390327.12682259,122.8,2.4713737894456976e-08,126.5,BID
156,1712175960.2654395,52390327.12682259,122.8,0.0,126.5,BID
157,1712175990.2858932,52390327.12682259,122.8,0.0,126.5,BID
158,1712176005.3764846,52392261.12682259,122.8,2.726998118269609e-07,126.5,BID
159,1712176020.395873,52392261.12682259,122.8,0.0,126.5,BID
160,1712176050.4061823,52392261.12682259,122.8,0.0,126.5,BID
161,1712176065.333594,52394623.89148767,122.9,3.331457618451628e-07,126.5,BID
162,1712176065.3363595,52394705.59083407,122.8,1.1519467597082836e-08,126.5,BID
163,1712176065.3431747,52396325.47320122,122.9,2.2840063307136295e-07,126.5,BID
164,1712176080.273039,52396325.47320122,122.9,0.0,126.5,BID
165,1712176092.893016,52401710.9090431,122.9,7.592837337214813e-07,126.5,BID
166,1712176109.013339,52424932.9090431,122.5,-3.2740315514227056e-06,126.5,ASK
167,1712176109.015592,52425747.6896401,122.5,-1.1487457506006965e-07,126.5,ASK
168,1712176109.0177372,52428996.9090431,122.7,-4.581020946919705e-07,126.5,ASK
169,1712176110.263297,52428996.9090431,122.7,-0.0,126.5,ASK
170,1712176140.405716,52428996.9090431,122.7,-0.0,126.5,ASK
171,1712176170.4037297,52428996.9090431,122.7,-0.0,126.5,ASK
172,1712176200.484698,52428996.9090431,122.7,-0.0,126.5,ASK
173,1712176225.1578526,52429078.34226785,122.8,1.1483646503296914e-08,126.5,BID
174,1712176230.3951344,52429078.34226785,122.8,0.0,126.5,BID
175,1712176260.2860117,52429078.34226785,122.8,0.0,126.5,BID
176,1712176263.2072327,52430336.72496841,122.7,1.774558451535732e-07,126.5,BID
177,1712176264.7408483,52430836.72496841,122.7,7.050949010752182e-08,126.5,BID
178,1712176286.8864715,52444193.96294794,122.3,-1.8836240783631524e-06,126.5,ASK
179,1712176286.889322,52458122.83496841,122.2,-1.9642353278722683e-06,126.5,ASK
180,1712176290.289281,52458122.83496841,122.2,-0.0,126.5,ASK
181,1712176308.926522,52459867.13523207,122.2,-2.458563140873833e-07,126.5,ASK
182,1712176320.4271266,52459867.13523207,122.2,-0.0,126.5,ASK
183,1712176328.9971297,52464676.13523207,122.7,6.778004446006314e-07,126.5,BID
184,1712176350.408663,52464676.13523207,122.7,0.0,126.5,BID
185,1712176370.2278333,52465083.63319458,122.7,5.7429680058769815e-08,126.5,BID
186,1712176380.289784,52465083.63319458,122.7,0.0,126.5,BID
187,1712176391.608303,52466152.70438664,122.7,1.5066574445443008e-07,126.5,BID
188,1712176391.748016,52505559.20963926,122.7,5.553615600487566e-06,126.5,BID
189,1712176391.7502382,52509341.82449201,122.7,5.330893648698772e-07,126.5,BID
190,1712176391.7682345,52510303.16465054,122.8,1.354830545758639e-07,126.5,BID
191,1712176391.7704728,52511346.87358666,122.8,1.4709140515947226e-07,126.5,BID
192,1712176391.788108,52512308.06400477,122.8,1.354619514425419e-07,126.5,BID
193,1712176391.8527396,52513601.66065382,122.8,1.823084408234463e-07,126.5,BID
194,1712176392.088036,52514417.48913382,122.8,1.1497588392557197e-07,126.5,BID
195,1712176392.3716512,52524176.36902845,122.7,-1.375333013639684e-06,126.5,ASK
196,1712176392.3746018,52526263.36902782,122.7,-2.94123918892062e-07,126.5,ASK
197,1712176392.4552083,52526263.36902845,122.7,-8.82017695079186e-17,126.5,ASK
198,1712176410.2868242,52526263.36902845,122.7,-0.0,126.5,ASK
199,1712176421.9683075,52530365.35226665,122.7,-5.774874249152321e-07,126.5,ASK
200,1712176440.419252,52530365.35226665,122.7,-0.0,126.5,ASK
201,1712176470.4098997,52530365.35226665,122.7,-0.0,126.5,ASK
202,1712176500.284371,52530365.35226665,122.7,-0.0,126.5,ASK
203,1712176500.484501,52531425.02518464,122.7,1.49316587124347e-07,126.5,BID
204,1712176500.495252,52532489.54281276,122.7,1.4999924643309812e-07,126.5,BID
205,1712176500.49642,52533549.08328358,122.7,1.4929792423431862e-07,126.5,BID
206,1712176530.2825122,52533549.08328358,122.7,0.0,126.5,BID
207,1712176560.4104226,52533549.08328358,122.7,0.0,126.5,BID
208,1712176590.4206133,52533549.08328358,122.7,0.0,126.5,BID
209,1712176620.2832594,52533549.08328358,122.7,0.0,126.5,BID
210,1712176625.541819,52545196.08328358,122.6,1.6410672934216503e-06,126.5,BID
211,1712176626.9917204,52546789.08328358,122.6,2.244543829673469e-07,126.5,BID
212,1712176632.6212437,52550832.08328358,122.6,5.696604333565496e-07,126.5,BID
213,1712176638.10168,52552825.08328358,122.6,2.808145544594616e-07,126.5,BID
214,1712176648.6316798,52554024.1037586,122.6,1.689424989870617e-07,126.5,BID
215,1712176648.6343763,52554877.08328358,122.6,1.201851807674869e-07,126.5,BID
216,1712176650.2739563,52554877.08328358,122.6,0.0,126.5,BID
217,1712176680.4144788,52554877.08328358,122.6,0.0,126.5,BID
218,1712176680.4515235,52556607.2948499,122.6,2.436977663485464e-07,126.5,BID
219,1712176696.615945,52560075.0382683,122.1,-4.884265842295302e-07,126.5,ASK
220,1712176696.618708,52560926.99778196,122.1,-1.199972503598356e-07,126.5,ASK
221,1712176696.6217985,52562625.77899669,122.0,-2.39270847336006e-07,126.5,ASK
222,1712176710.412247,52562625.77899669,122.0,-0.0,126.5,ASK
223,1712176717.412284,52588425.77899669,122.1,-3.6334076925744655e-06,126.5,ASK
224,1712176725.892089,52590706.77899669,122.4,3.2123267235513013e-07,126.5,BID
225,1712176740.274253,52590706.77899669,122.4,0.0,126.5,BID
226,1712176751.8455455,52590788.61205724,122.1,-1.1518966734233533e-08,126.5,ASK
227,1712176770.2738814,52590788.61205724,122.1,-0.0,126.5,ASK
228,1712176778.5432737,52591106.77899669,122.1,-4.478567967919552e-08,126.5,ASK
229,1712176778.5460343,52614328.77899669,122.0,-3.268765306981964e-06,126.5,ASK
230,1712176778.5486813,52645504.53107854,121.9,-4.388347981406325e-06,126.5,ASK
231,1712176778.5512414,52646160.47857554,121.9,-9.233220314375785e-08,126.5,ASK
232,1712176800.3355124,52646160.47857554,121.9,-0.0,126.5,ASK
233,1712176816.4330103,52648548.47857554,122.5,3.36094216221895e-07,126.5,BID
234,1712176816.6329358,52650243.47857554,122.5,2.385593368911692e-07,126.5,BID
235,1712176830.275131,52650243.47857554,122.5,0.0,126.5,BID
236,1712176860.4118087,52650243.47857554,122.5,0.0,126.5,BID
237,1712176862.294001,52653787.53107854,122.7,4.987653702209455e-07,126.5,BID
238,1712176862.2968645,52654443.47857554,122.7,9.23135015385383e-08,126.5,BID
239,1712176862.3535116,52655569.17615698,122.6,-1.5842287056668078e-07,126.5,ASK
240,1712176862.3563845,52656689.13233533,122.6,-1.5761486531335705e-07,126.5,ASK
241,1712176864.892167,52658738.13233533,122.6,2.883620495798053e-07,126.5,BID
242,1712176890.4161289,52658738.13233533,122.6,0.0,126.5,BID
243,1712176904.0236309,52659922.13233533,122.5,1.666035204038898e-07,126.5,BID
244,1712176906.2538242,52660860.36913913,122.6,-1.320215831803645e-07,126.5,ASK
245,1712176920.282127,52660860.36913913,122.6,-0.0,126.5,ASK
246,1712176950.297007,52660860.36913913,122.6,-0.0,126.5,ASK
247,1712176980.3041646,52660860.36913913,122.6,-0.0,126.5,ASK
248,1712176985.3942602,52661791.86680936,122.6,1.3106850687859334e-07,126.5,BID
249,1712176985.421767,52662720.89798814,122.6,1.30721453566116e-07,126.5,BID
250,1712176985.4542303,52663657.55080788,122.6,1.3179387396204193e-07,126.5,BID
251,1712176998.2742157,52700804.57772468,122.6,5.226857252090584e-06,126.5,BID
252,1712177010.2871878,52700804.57772468,122.6,0.0,126.5,BID
253,1712177021.644656,52703804.16640852,122.6,4.217733459804133e-07,126.5,BID
254,1712177021.6476014,52707736.8406606,122.6,5.529748751524732e-07,126.5,BID
255,1712177021.650459,52730958.8406606,122.6,3.2652545641128072e-06,126.5,BID
256,1712177021.7441754,52731947.5413216,122.7,1.390215892627247e-07,126.5,BID
257,1712177021.7641902,52738903.1736826,122.6,-9.780342051956503e-07,126.5,ASK
258,1712177021.7842944,52738903.17368272,122.6,-1.6762065144704748e-17,126.5,ASK
259,1712177021.9041936,52740896.17368272,122.7,2.802365147823971e-07,126.5,BID
260,1712177022.0884352,52742889.17368272,122.8,2.802365147823971e-07,126.5,BID
261,1712177040.4165795,52742889.17368272,122.8,0.0,126.5,BID
262,1712177070.4149983,52742889.17368272,122.8,0.0,126.5,BID
263,1712177099.6051352,52748550.04347268,122.1,-7.953999980677218e-07,126.5,ASK
264,1712177100.2983282,52748550.04347268,122.1,-0.0,126.5,ASK
265,1712177102.1275744,52750709.04347268,122.6,3.0384108619172005e-07,126.5,BID
266,1712177130.295336,52750709.04347268,122.6,0.0,126.5,BID
267,1712177160.315813,52750709.04347268,122.6,0.0,126.5,BID
268,1712177187.08555,52753288.04347268,122.7,3.629351423471773e-07,126.5,BID
269,1712177190.2872488,52753288.04347268,122.7,0.0,126.5,BID
270,1712177200.9053824,52756868.04347268,122.7,5.037805161766645e-07,126.5,BID
271,1712177220.4156923,52756868.04347268,122.7,0.0,126.5,BID
272,1712177248.84558,52760062.04347268,122.7,4.494345004654261e-07,126.5,BID
273,1712177250.405993,52760062.04347268,122.7,0.0,126.5,BID
274,1712177280.318461,52760062.04347268,122.7,0.0,126.5,BID
275,1712177310.2879353,52760062.04347268,122.7,0.0,126.5,BID
276,1712177340.446031,52760062.04347268,122.7,0.0,126.5,BID
277,1712177364.7648878,52760877.0393977,122.7,1.1467347790275484e-07,126.5,BID
278,1712177370.42283,52760877.0393977,122.7,0.0,126.5,BID
279,1712177373.196247,52761692.03532272,122.7,1.1467186441860717e-07,126.5,BID
280,1712177381.176638,52766859.67482805,122.6,7.27099165198621e-07,126.5,BID
281,1712177400.3012853,52766859.67482805,122.6,0.0,126.5,BID
282,1712177430.288996,52766859.67482805,122.6,0.0,126.5,BID
283,1712177445.2364745,52786665.83714452,122.6,2.787530131581031e-06,126.5,BID
284,1712177460.4364324,52786665.83714452,122.6,0.0,126.5,BID
285,1712177490.4295695,52786665.83714452,122.6,0.0,126.5,BID
286,1712177520.278959,52786665.83714452,122.6,0.0,126.5,BID
287,1712177550.3073163,52786665.83714452,122.6,0.0,126.5,BID
288,1712177551.777312,52809887.83714452,122.3,-3.2671604419176545e-06,126.5,ASK
289,1712177551.77983,52818493.9173912,122.2,-1.2108106511904438e-06,126.5,ASK
290,1712177551.7823358,52820736.53361466,122.3,-3.155192064280952e-07,126.5,ASK
291,1712177580.4169316,52820736.53361466,122.3,-0.0,126.5,ASK
292,1712177607.1469915,52825984.53361466,122.6,7.379215481381524e-07,126.5,BID
293,1712177607.2269113,52831960.76385346,122.6,8.403180392239618e-07,126.5,BID
294,1712177607.2669694,52843843.02124236,122.6,1.6707648185577462e-06,126.5,BID
295,1712177607.2687764,52865687.43257046,122.6,3.0715437929492954e-06,126.5,BID
296,1712177607.5671434,52918722.43257046,122.5,-7.45725405973836e-06,126.5,ASK
297,1712177607.5704749,52937535.36162422,122.3,-2.645286915465814e-06,126.5,ASK
298,1712177607.8870544,52938958.36162422,122.6,2.000881027059053e-07,126.5,BID
299,1712177607.953211,52940046.68194433,122.6,1.5302877581728212e-07,126.5,BID
300,1712177610.4269729,52940046.68194433,122.6,0.0,126.5,BID
301,1712177628.3469722,52943144.27057988,122.6,4.346587753592873e-07,126.5,BID
302,1712177628.366985,52950853.28372249,122.6,1.0817415112322908e-06,126.5,BID
303,1712177633.9488094,52955445.28372249,122.6,6.443570568227269e-07,126.5,BID
304,1712177640.3073545,52955445.28372249,122.6,0.0,126.5,BID
305,1712177660.4572978,52961386.14179753,122.6,8.334102815246281e-07,126.5,BID
306,1712177666.7717588,52964432.39172218,122.6,4.273416357085361e-07,126.5,BID
307,1712177667.1670923,52967279.39172218,122.7,3.993899604285025e-07,126.5,BID
308,1712177667.3877704,52972119.84788471,122.7,6.790409537083389e-07,126.5,BID
309,1712177667.391894,52974151.39172218,122.8,2.8499410356762496e-07,126.5,BID
310,1712177670.3106313,52974151.39172218,122.8,0.0,126.5,BID
311,1712177675.0273163,52976594.38846485,122.8,3.426042865185257e-07,126.5,BID
312,1712177700.4073322,52976594.38846485,122.8,0.0,126.5,BID
313,1712177709.2077928,52999816.38846485,122.6,3.257875614392791e-06,126.5,BID
314,1712177709.2110877,53003326.76611574,122.6,4.924801372032327e-07,126.5,BID
315,1712177715.5077758,53003341.38273557,121.9,-2.050604139099729e-09,126.5,ASK
316,1712177715.517495,53003997.33023257,121.9,-9.20246040299317e-08,126.5,ASK
317,1712177715.5206065,53027219.33023257,122.0,-3.257875614392791e-06,126.5,ASK
318,1712177727.8276742,53045648.13458751,122.6,2.5854255581080683e-06,126.5,BID
319,1712177727.8312795,53053838.14277751,122.6,1.1489978453136496e-06,126.5,BID
320,1712177730.4371865,53053838.14277751,122.6,0.0,126.5,BID
321,1712177760.2880094,53053838.14277751,122.6,0.0,126.5,BID
322,1712177790.277502,53053838.14277751,122.6,0.0,126.5,BID
323,1712177796.1238608,53054910.14277751,122.6,1.501944644238935e-07,126.5,BID
324,1712177798.5376325,53056815.14277751,122.6,2.669034092607435e-07,126.5,BID
325,1712177799.2375884,53057913.14277751,122.6,1.5383724061327893e-07,126.5,BID
326,1712177820.3185606,53057913.14277751,122.6,0.0,126.5,BID
327,1712177850.3006425,53057913.14277751,122.6,0.0,126.5,BID
328,1712177880.4202063,53057913.14277751,122.6,0.0,126.5,BID
329,1712177910.4178426,53057913.14277751,122.6,0.0,126.5,BID
330,1712177940.2804863,53057913.14277751,122.6,0.0,126.5,BID
331,1712177962.5682578,53058275.14277751,122.6,5.071510321129073e-08,126.5,BID
332,1712177962.963349,53059443.14277751,122.6,1.6363326119002092e-07,126.5,BID
333,1712177970.280367,53059443.14277751,122.6,0.0,126.5,BID
334,1712177985.4183862,53059676.64070875,122.5,3.27114930853472e-08,126.5,BID
335,1712177985.4219725,53060083.14277751,122.6,5.694821166349502e-08,126.5,BID
336,1712177985.4842737,53061218.52545378,122.6,1.5905949301818734e-07,126.5,BID
337,1712177985.4870102,53063480.21417139,122.6,3.1684741039708413e-07,126.5,BID
338,1712177985.49806,53064566.62251872,122.6,1.521985182162093e-07,126.5,BID
339,1712177985.500803,53064603.49360368,122.7,5.165391548643736e-09,126.5,BID
340,1712177985.5185387,53065222.57001572,122.7,8.672845050137403e-08,126.5,BID
341,1712177985.599614,53065736.44967281,122.7,-7.199109114234329e-08,126.5,ASK
342,1712177985.6024036,53067997.11918838,122.7,-3.167046270327148e-07,126.5,ASK
343,1712177986.138072,53071537.11918838,122.6,-4.959302418920336e-07,126.5,ASK
344,1712178000.380593,53071537.11918838,122.6,-0.0,126.5,ASK
345,1712178022.2882488,53073980.11593105,122.4,-3.4260094375182665e-07,126.5,ASK
346,1712178030.2898786,53073980.11593105,122.4,-0.0,126.5,ASK
347,1712178042.7683978,53074952.11593105,122.8,1.3630560680494478e-07,126.5,BID
348,1712178060.411066,53074952.11593105,122.8,0.0,126.5,BID
349,1712178090.4284325,53074952.11593105,122.8,0.0,126.5,BID
350,1712178094.184902,53076187.11593105,122.8,1.731837518149776e-07,126.5,BID
351,1712178120.3088589,53076187.11593105,122.8,0.0,126.5,BID
352,1712178150.3015325,53076187.11593105,122.8,0.0,126.5,BID
353,1712178180.418674,53076187.11593105,122.8,0.0,126.5,BID
354,1712178210.418314,53076187.11593105,122.8,0.0,126.5,BID
355,1712178240.3074276,53076187.11593105,122.8,0.0,126.5,BID
356,1712178270.2663343,53076187.11593105,122.8,0.0,126.5,BID
357,1712178275.2119925,53076519.50037772,122.3,-4.660919946808416e-08,126.5,ASK
358,1712178300.4196267,53076519.50037772,122.3,-0.0,126.5,ASK
359,1712178320.382446,53077502.06175576,122.4,-1.379521992850677e-07,126.5,ASK
360,1712178321.2421424,53079475.84083476,122.4,-2.771197514336455e-07,126.5,ASK
361,1712178321.2566144,53079475.84083494,122.4,-2.510558226126553e-17,126.5,ASK
362,1712178321.3781714,53086846.84820594,122.2,-1.034893799515118e-06,126.5,ASK
363,1712178321.3798697,53087796.48795235,122.2,-1.333299827106385e-07,126.5,ASK
364,1712178321.6608205,53092588.67305083,122.2,6.728256254434906e-07,126.5,BID
365,1712178321.6982205,53096605.5567555,122.2,5.639728506704178e-07,126.5,BID
366,1712178321.7030258,53101333.2487368,122.2,6.637707536033913e-07,126.5,BID
367,1712178321.704796,53106092.0683633,122.2,6.681410934214971e-07,126.5,BID
368,1712178321.7350678,53106703.46647533,122.2,8.584065695866633e-08,126.5,BID
369,1712178321.8648758,53107791.49541633,122.3,-1.527599075754207e-07,126.5,ASK
370,1712178330.42602,53107791.49541633,122.3,-0.0,126.5,ASK
371,1712178338.7447264,53110826.12870233,122.3,-4.258357938242342e-07,126.5,ASK
372,1712178360.2748475,53110826.12870233,122.3,-0.0,126.5,ASK
373,1712178390.308733,53110826.12870233,122.3,-0.0,126.5,ASK
374,1712178396.5936146,53110826.1287032,122.3,-1.2231770043500648e-16,126.5,ASK
375,1712178396.5963736,53112461.45167933,122.3,-2.294652192654941e-07,126.5,ASK
376,1712178408.015313,53112461.45167948,122.3,-2.195445905243706e-17,126.5,ASK
377,1712178408.0170977,53112504.30987948,122.1,-6.013776118601469e-09,126.5,ASK
378,1712178408.0189686,53115864.84613594,121.9,-4.715436645813081e-07,126.5,ASK
379,1712178420.3288682,53115864.84613594,121.9,-0.0,126.5,ASK
380,1712178431.2727983,53116074.31383389,121.9,-2.9389548884021723e-08,126.5,ASK
381,1712178450.2760952,53116074.31383389,121.9,-0.0,126.5,ASK
382,1712178480.4208825,53116074.31383389,121.9,-0.0,126.5,ASK
383,1712178508.8315532,53116893.98596489,122.0,-1.1500440447090373e-07,126.5,ASK
384,1712178510.4112916,53116893.98596489,122.0,-0.0,126.5,ASK
385,1712178517.0519786,53116893.98596503,122.0,-1.986149470524632e-17,126.5,ASK
386,1712178517.0559146,53132316.957575,121.9,-2.16389543130374e-06,126.5,ASK
387,1712178517.0596845,53132972.905072,121.9,-9.203166729695997e-08,126.5,ASK
388,1712178517.0628593,53133571.18892512,121.8,-8.394126171757525e-08,126.5,ASK
389,1712178540.2819214,53133571.18892512,121.8,-0.0,126.5,ASK
390,1712178570.2900813,53133571.18892512,121.8,-0.0,126.5,ASK
391,1712178599.3997252,53134228.00337504,121.8,-9.212702712904765e-08,126.5,ASK
392,1712178600.292424,53134228.00337504,121.8,-0.0,126.5,ASK
393,1712178630.2826712,53134228.00337504,121.8,-0.0,126.5,ASK
394,1712178660.2817378,53134228.00337504,121.8,-0.0,126.5,ASK
395,1712178690.2915175,53134228.00337504,121.8,-0.0,126.5,ASK
396,1712178720.4181216,53134228.00337504,121.8,-0.0,126.5,ASK
397,1712178728.527887,53141690.55652404,122.1,1.048314984297579e-06,126.5,BID
398,1712178728.6090636,53157450.00337504,122.1,2.2138353922958724e-06,126.5,BID
399,1712178729.6284823,53161804.36134504,122.3,6.116859224724811e-07,126.5,BID
400,1712178729.6324985,53161804.36134568,122.3,9.001044827354077e-17,126.5,BID
401,1712178747.349646,53161888.89219944,122.3,1.1874617019957922e-08,126.5,BID
402,1712178747.4276855,53162957.96339207,122.3,-1.50179613885194e-07,126.5,ASK
403,1712178747.4477496,53163439.68432196,122.3,-6.767057587014264e-08,126.5,ASK
404,1712178750.427919,53163439.68432196,122.3,-0.0,126.5,ASK
405,1712178758.0879564,53164259.3564531,122.0,-1.150871687234215e-07,126.5,ASK
406,1712178758.0921128,53168234.7322305,122.0,-5.581679862637797e-07,126.5,ASK
407,1712178780.3014202,53168234.7322305,122.0,-0.0,126.5,ASK
408,1712178780.4478476,53191456.7322305,121.8,-3.260248375760816e-06,126.5,ASK
409,1712178780.4554453,53203603.11585493,122.0,-1.705289272366978e-06,126.5,ASK
410,1712178780.4585996,53203849.29818248,121.8,-3.4562722140545133e-08,126.5,ASK
411,1712178780.4608934,53282001.19768389,121.8,-1.097212141125246e-05,126.5,ASK
412,1712178780.4627004,53292816.15115875,121.9,-1.5183633838743885e-06,126.5,ASK
413,1712178780.552079,53293513.30973249,121.8,9.787744844031756e-08,126.5,BID
414,1712178780.5556872,53327646.95209483,121.8,4.792186378030478e-06,126.5,BID
415,1712178810.2871654,53327646.95209483,121.8,0.0,126.5,BID
416,1712178840.4167802,53327646.95209483,121.8,0.0,126.5,BID
417,1712178870.406739,53327646.95209483,121.8,0.0,126.5,BID
418,1712178900.316471,53327646.95209483,121.8,0.0,126.5,BID
419,1712178927.6276398,53330106.35281776,121.8,3.446726605644725e-07,126.5,BID
420,1712178927.629554,53334901.83217647,121.8,6.72062349921031e-07,126.5,BID
421,1712178927.631417,53338024.93559422,121.8,4.37687260225584e-07,126.5,BID
422,1712178928.962523,53340061.93559422,121.8,2.854753204812676e-07,126.5,BID
423,1712178930.2858562,53340061.93559422,121.8,0.0,126.5,BID
424,1712178944.425685,53340207.72087169,121.8,2.0426745697699013e-08,126.5,BID
425,1712178944.435528,53341896.04403811,121.8,2.3655988160178082e-07,126.5,BID
426,1712178944.5456245,53347342.9936737,121.8,7.632009004625517e-07,126.5,BID
427,1712178944.576597,53352798.65196166,121.8,7.644211157721656e-07,126.5,BID
428,1712178944.655611,53355487.78384438,121.8,3.767884800963127e-07,126.5,BID
429,1712178946.424328,53357502.5497999,121.8,2.822995060251939e-07,126.5,BID
430,1712178946.6985135,53359004.22646347,121.8,2.1040785366407426e-07,126.5,BID
431,1712178949.4859357,53363429.72087169,121.8,6.200794101855419e-07,126.5,BID
432,1712178949.565719,53390063.70281795,121.8,-3.7318279705547215e-06,126.5,ASK
433,1712178954.1256435,53391776.85083855,121.8,-2.4003822311983106e-07,126.5,ASK
434,1712178960.3955376,53391776.85083855,121.8,-0.0,126.5,ASK
435,1712178962.2153096,53402976.60808855,121.8,-1.56787342246928e-06,126.5,ASK
436,1712178963.775065,53404495.86997691,121.9,2.1268410407034255e-07,126.5,BID
437,1712178970.2263074,53404495.8699771,121.8,-2.7118511858535253e-17,126.5,ASK
438,1712178970.229828,53411335.96890518,121.7,-9.575573003059797e-07,126.5,ASK
439,1712178971.286623,53416837.73249224,121.9,7.702014170757262e-07,126.5,BID
440,1712178971.567803,53419003.84606948,121.9,3.0323799275222304e-07,126.5,BID
441,1712178971.808704,53422560.27088262,121.9,4.978700715622082e-07,126.5,BID
442,1712178982.212469,53424339.21774985,121.9,2.490378542008305e-07,126.5,BID
443,1712178987.985517,53459081.34601782,121.7,-4.863610731505585e-06,126.5,ASK
444,1712178989.6953762,53469835.58777282,121.7,-1.5055049364091232e-06,126.5,ASK
445,1712178990.398506,53469835.58777282,121.7,-0.0,126.5,ASK
446,1712178994.985274,53470005.58777282,121.7,-2.3766973786051983e-08,126.5,ASK
447,1712178995.0454276,53474359.94574382,121.7,-6.087641867762688e-07,126.5,ASK
448,1712178995.105443,53479108.14010995,121.7,-6.638247707695654e-07,126.5,ASK
449,1712179020.278367,53479108.14010995,121.7,-0.0,126.5,ASK
450,1712179021.847953,53483057.0336185,121.6,-5.519908466897414e-07,126.5,ASK
451,1712179044.7648013,53483466.534028,122.1,5.724147214135533e-08,126.5,BID
452,1712179050.290856,53483466.534028,122.1,0.0,126.5,BID
453,1712179063.4447825,53486741.20126657,121.6,-4.5771109935922514e-07,126.5,ASK
454,1712179079.0646095,53490183.74947298,121.6,-4.811763789597648e-07,126.5,ASK
455,1712179080.4147334,53490183.74947298,121.6,-0.0,126.5,ASK
456,1712179110.3969152,53490183.74947298,121.6,-0.0,126.5,ASK
457,1712179128.659518,53506631.11789404,121.6,-2.2986407939657984e-06,126.5,ASK
458,1712179140.275718,53506631.11789404,121.6,-0.0,126.5,ASK
459,1712179170.2772613,53506631.11789404,121.6,-0.0,126.5,ASK
460,1712179196.843675,53513714.35621015,121.6,-9.896580652474247e-07,126.5,ASK
461,1712179200.2957249,53513714.35621015,121.6,-0.0,126.5,ASK
462,1712179204.1737683,53517789.33583525,121.6,-5.694532845713524e-07,126.5,ASK
463,1712179230.2657688,53517789.33583525,121.6,-0.0,126.5,ASK
464,1712179249.1520977,53548658.65351798,121.6,-4.31349817831262e-06,126.5,ASK
465,1712179260.4233768,53548658.65351798,121.6,-0.0,126.5,ASK
466,1712179290.4132178,53548658.65351798,121.6,-0.0,126.5,ASK
467,1712179320.283103,53548658.65351798,121.6,-0.0,126.5,ASK
468,1712179328.182931,53556964.57457062,121.6,-1.1600124505643742e-06,126.5,ASK
469,1712179344.0384474,53558499.96322808,121.6,-2.1443376933376657e-07,126.5,ASK
470,1712179350.294036,53558499.96322808,121.6,-0.0,126.5,ASK
471,1712179369.0628314,53564957.90928523,121.7,-9.017718748575232e-07,126.5,ASK
472,1712179369.1432507,53565364.72632798,121.7,5.6806942039139945e-08,126.5,BID
473,1712179369.1525054,53566799.05936613,121.7,2.002867756305513e-07,126.5,BID
474,1712179380.306516,53566799.05936613,121.7,0.0,126.5,BID
475,1712179410.2850735,53566799.05936613,121.7,0.0,126.5,BID
476,1712179429.7396758,53574632.57831569,121.7,-1.0936992779817758e-06,126.5,ASK
477,1712179440.4027858,53574632.57831569,121.7,-0.0,126.5,ASK
478,1712179470.4324498,53574632.57831569,121.7,-0.0,126.5,ASK
479,1712179500.2750554,53574632.57831569,121.7,-0.0,126.5,ASK
480,1712179530.283606,53574632.57831569,121.7,-0.0,126.5,ASK
481,1712179554.186651,53575451.57913469,122.1,1.1451706728936757e-07,126.5,BID
482,1712179560.4020414,53575451.57913469,122.1,0.0,126.5,BID
483,1712179567.1722684,53576440.57913469,122.2,1.3828532685082134e-07,126.5,BID
484,1712179567.1913867,53585857.03220005,122.2,1.3166403335889728e-06,126.5,BID
485,1712179590.4013977,53585857.03220005,122.2,0.0,126.5,BID
486,1712179620.2745397,53585857.03220005,122.2,0.0,126.5,BID
487,1712179627.3212883,53586418.61263432,122.5,7.85081186415232e-08,126.5,BID
488,1712179650.2853644,53586418.61263432,122.5,0.0,126.5,BID
489,1712179654.8914351,53588391.61263432,122.5,2.758198451440931e-07,126.5,BID
490,1712179656.1210752,53590012.61263432,122.5,2.2661123617768618e-07,126.5,BID
491,1712179656.1911893,53593769.72318565,122.5,5.252334771699848e-07,126.5,BID
492,1712179656.3611,53595602.72318565,122.5,2.562482393051812e-07,126.5,BID
493,1712179658.841207,53597222.75937145,122.5,2.264764976662276e-07,126.5,BID
494,1712179680.399512,53597222.75937145,122.5,0.0,126.5,BID
495,1712179705.4353757,53598240.94331678,122.5,1.4231291780608094e-07,126.5,BID
496,1712179705.4508238,53599253.05878062,122.5,1.4146471811538737e-07,126.5,BID
497,1712179705.7308054,53600179.10064259,122.5,1.2943409684740188e-07,126.5,BID
498,1712179705.8309617,53604203.11318064,122.5,5.624415590181495e-07,126.5,BID
499,1712179705.871013,53609608.3298431,122.5,7.554942877839206e-07,126.5,BID
500,1712179705.9912553,53612623.98694903,122.5,4.215023855137587e-07,126.5,BID
501,1712179705.996324,53615586.04603944,122.5,4.140109199373867e-07,126.5,BID
502,1712179706.0510726,53618617.79180232,122.5,4.237511183917589e-07,126.5,BID
503,1712179706.1213837,53621652.72679816,122.5,4.241968817052473e-07,126.5,BID
504,1712179706.2512434,53621666.76985965,122.6,-1.962817292856627e-09,126.5,ASK
505,1712179706.871161,53622603.3375948,122.6,1.3090531207438917e-07,126.5,BID
506,1712179710.401806,53622603.3375948,122.6,0.0,126.5,BID
507,1712179740.2802503,53622603.3375948,122.6,0.0,126.5,BID
508,1712179742.9709938,53623259.2850918,122.7,9.164282386515517e-08,126.5,BID
509,1712179743.0406897,53623418.99827995,122.7,-2.231362668104267e-08,126.5,ASK
510,1712179759.210722,53623578.63150069,122.3,-2.2302454385629483e-08,126.5,ASK
511,1712179768.120893,53624376.69976622,122.3,-1.114986028977795e-07,126.5,ASK
512,1712179770.2708187,53624376.69976622,122.3,-0.0,126.5,ASK
513,1712179772.2505894,53624536.31341933,122.4,-2.2299043885921733e-08,126.5,ASK
514,1712179777.8107867,53625758.84411839,122.7,1.707953247062389e-07,126.5,BID
515,1712179777.8158493,53625812.08801839,122.7,7.438511929641186e-09,126.5,BID
516,1712179778.2409472,53626791.12204326,122.7,1.367772885417985e-07,126.5,BID
517,1712179791.0812552,53627725.49418609,122.7,1.305377391780276e-07,126.5,BID
518,1712179792.4032338,53628734.72965754,122.7,1.4099662297555996e-07,126.5,BID
519,1712179800.380887,53628734.72965754,122.7,0.0,126.5,BID
520,1712179830.2805085,53628734.72965754,122.7,0.0,126.5,BID
521,1712179846.4757433,53632125.72965754,122.7,4.749694912111131e-07,126.5,BID
522,1712179846.7372055,53632250.51901453,122.7,1.7478955293095055e-08,126.5,BID
523,1712179846.7414732,53633153.72965754,122.7,1.2651061620941873e-07,126.5,BID
524,1712179847.3702357,53634579.72965754,122.7,1.997365067729423e-07,126.5,BID
525,1712179849.1202316,53635576.72965754,122.7,1.3964747352918894e-07,126.5,BID
526,1712179849.4401965,53636573.72965754,122.7,1.3964747352918894e-07,126.5,BID
527,1712179850.3203442,53637437.72965754,122.7,1.2101847254685985e-07,126.5,BID
528,1712179858.5904524,53644909.70494731,122.7,1.046582218143266e-06,126.5,BID
529,1712179858.630468,53646343.17650737,122.7,2.0078303083095346e-07,126.5,BID
530,1712179860.068111,53651483.15417963,122.7,7.199447301184618e-07,126.5,BID
531,1712179860.0730295,53651529.67052259,122.7,6.515436080464292e-09,126.5,BID
532,1712179860.0788813,53669393.40187337,122.7,2.502131344975454e-06,126.5,BID
533,1712179860.084896,53669393.4018742,122.7,1.1583799196805116e-16,126.5,BID
534,1712179860.4100728,53669393.4018742,122.7,0.0,126.5,BID
535,1712179863.3704607,53669761.58851962,122.8,5.1535036707759697e-08,126.5,BID
536,1712179863.3730843,53670183.4018742,122.8,5.9041160190594586e-08,126.5,BID
537,1712179864.4027717,53670981.4018742,122.8,1.11695955854287e-07,126.5,BID
538,1712179865.1300683,53673701.4018742,122.8,3.807180450171186e-07,126.5,BID
539,1712179865.439909,53674689.4018742,122.8,1.3829023105768865e-07,126.5,BID
540,1712179866.423839,53676942.4018742,122.8,3.153521159645471e-07,126.5,BID
541,1712179866.6265678,53678586.10678151,122.8,2.3006916135928133e-07,126.5,BID
542,1712179867.9901032,53681448.10678151,122.8,4.00593766484924e-07,126.5,BID
543,1712179868.6904404,53682469.10678151,122.8,1.4290923675091105e-07,126.5,BID
544,1712179870.27061,53684272.10678151,122.8,2.523656746933327e-07,126.5,BID
545,1712179870.3300226,53686075.10678151,122.8,2.523656746933327e-07,126.5,BID
546,1712179871.7005208,53687197.8696608,122.8,1.571529736841767e-07,126.5,BID
547,1712179873.4600546,53691184.80985667,122.8,5.580514988861192e-07,126.5,BID
548,1712179873.470168,53691590.83034313,122.8,5.6830634500596224e-08,126.5,BID
549,1712179874.5701437,53693005.35763474,122.8,1.979912003990579e-07,126.5,BID
550,1712179874.718159,53697652.95218535,122.8,6.505232026986383e-07,126.5,BID
551,1712179874.7969038,53699898.15715286,122.8,3.1426104628475426e-07,126.5,BID
552,1712179875.3704364,53702041.7180323,122.8,3.00033936542366e-07,126.5,BID
553,1712179875.5754194,53704569.59036852,122.8,3.538259609915864e-07,126.5,BID
554,1712179877.520218,53706019.58299762,122.8,2.029552790593618e-07,126.5,BID
555,1712179878.6043077,53707427.46929638,122.8,1.970616614965397e-07,126.5,BID
556,1712179878.6402972,53708494.18150526,122.8,1.4930756866229318e-07,126.5,BID
557,1712179878.6443148,53709242.54229756,122.8,1.047479624300326e-07,126.5,BID
558,1712179878.7803288,53711420.91762448,122.8,3.049069102132506e-07,126.5,BID
559,1712179878.900282,53713046.66751104,122.8,2.2755599944741122e-07,126.5,BID
560,1712179880.2903063,53714259.9858318,122.8,1.698280070083393e-07,126.5,BID
561,1712179883.5202956,53717829.40551155,122.8,4.996112067357997e-07,126.5,BID
562,1712179883.524264,53717918.71947766,122.8,1.2501264180241597e-08,126.5,BID
563,1712179883.5478103,53720604.07192106,122.8,3.758684310412006e-07,126.5,BID
564,1712179883.724327,53722479.67143129,122.8,2.625274186653963e-07,126.5,BID
565,1712179883.940703,53723910.21343061,122.8,2.0023277694777706e-07,126.5,BID
566,1712179884.1003246,53725152.54524353,122.8,1.738890217194061e-07,126.5,BID
567,1712179884.3438172,53726844.18334606,122.8,2.3677836443832174e-07,126.5,BID
568,1712179884.4401555,53727956.37850672,122.8,1.5567381148635914e-07,126.5,BID
569,1712179884.466822,53729061.73892609,122.8,1.547171536404183e-07,126.5,BID
570,1712179884.9801412,53734260.74649905,122.8,7.277044114724811e-07,126.5,BID
571,1712179885.150354,53741891.74671491,122.8,1.0681101043049956e-06,126.5,BID
572,1712179886.4905026,53744127.20055774,122.8,3.128961826348497e-07,126.5,BID
573,1712179887.157447,53746160.66241432,122.8,2.846233906818021e-07,126.5,BID
574,1712179887.1754,53748162.99870319,122.8,2.802667490313173e-07,126.5,BID
575,1712179887.230102,53749769.5963213,122.8,2.248752589324193e-07,126.5,BID
576,1712179887.2790866,53750963.24168108,122.8,1.670743852272139e-07,126.5,BID
577,1712179888.120017,53757562.47156477,122.8,9.236933455655168e-07,126.5,BID
578,1712179889.500581,53758778.10728642,122.8,1.701523733091804e-07,126.5,BID
579,1712179890.3911867,53758778.10728642,122.8,0.0,126.5,BID
580,1712179920.270071,53758778.10728642,122.8,0.0,126.5,BID
581,1712179940.2667265,53766112.90165132,122.8,1.0250753138846076e-06,126.5,BID
582,1712179950.2901435,53766112.90165132,122.8,0.0,126.5,BID
583,1712179976.3798623,53777843.55311711,122.8,1.6392126558413531e-06,126.5,BID
584,1712179980.3230393,53777843.55311711,122.8,0.0,126.5,BID
585,1712179998.3399158,53777942.93579175,122.4,-1.3884697898726489e-08,126.5,ASK
586,1712180000.2899678,53785853.87410452,122.4,-1.1052327678243072e-06,126.5,ASK
587,1712180000.2932389,53811232.4771825,122.4,-3.5456304441300046e-06,126.5,ASK
588,1712180004.099737,53811282.16851982,122.4,-6.9423489488427865e-09,126.5,ASK
589,1712180008.9195297,53827568.81347096,122.8,2.275398058517085e-06,126.5,BID
590,1712180009.8199515,53846816.50550055,122.4,-2.6890842900082503e-06,126.5,ASK
591,1712180010.28353,53846816.50550055,122.4,-0.0,126.5,ASK
592,1712180030.4095128,53848943.29924653,122.4,-2.967828490799701e-07,126.5,ASK
593,1712180040.4294188,53848943.29924653,122.4,-0.0,126.5,ASK
594,1712180070.4032257,53848943.29924653,122.4,-0.0,126.5,ASK
595,1712180100.2493422,53848943.29924653,122.4,-0.0,126.5,ASK
596,1712180130.269287,53848943.29924653,122.4,-0.0,126.5,ASK
597,1712180153.3696258,53853693.29924653,122.5,-6.647743572217108e-07,126.5,ASK
598,1712180160.3264627,53853693.29924653,122.5,-0.0,126.5,ASK
599,1712180190.2791142,53853693.29924653,122.5,-0.0,126.5,ASK
600,1712180211.5790908,53856499.79900122,122.5,-3.92744663307855e-07,126.5,ASK
601,1712180220.3960404,53856499.79900122,122.5,-0.0,126.5,ASK
602,1712180236.7786803,53857106.56455265,122.5,-8.49073538184089e-08,126.5,ASK
603,1712180236.842289,53857106.56455323,122.5,8.132219825157093e-17,126.5,BID
604,1712180236.8465943,53864847.04441023,122.5,1.083159154949126e-06,126.5,BID
605,1712180250.409533,53864847.04441023,122.5,0.0,126.5,BID
606,1712180279.310008,53878683.77425377,122.8,1.935957030019253e-06,126.5,BID
607,1712180280.274524,53878683.77425377,122.8,0.0,126.5,BID
608,1712180310.2640195,53878683.77425377,122.8,0.0,126.5,BID
609,1712180340.401952,53878683.77425377,122.8,0.0,126.5,BID
610,1712180353.492367,53881348.80685564,122.7,3.727876731517195e-07,126.5,BID
611,1712180370.4136982,53881348.80685564,122.7,0.0,126.5,BID
612,1712180382.9127414,53886992.80685564,122.6,7.894527783285685e-07,126.5,BID
613,1712180385.5031242,53888021.93686869,122.6,1.4394924664467961e-07,126.5,BID
614,1712180385.6627858,53896895.93686869,122.6,1.2412480430346769e-06,126.5,BID
615,1712180400.3067849,53896895.93686869,122.6,0.0,126.5,BID
616,1712180430.3043392,53896895.93686869,122.6,0.0,126.5,BID
617,1712180460.4078195,53896895.93686869,122.6,0.0,126.5,BID
618,1712180490.4152317,53896895.93686869,122.6,0.0,126.5,BID
619,1712180520.2969446,53896895.93686869,122.6,0.0,126.5,BID
620,1712180550.2980886,53896895.93686869,122.6,0.0,126.5,BID
621,1712180555.5065238,53896942.43768435,122.6,6.503314335980866e-09,126.5,BID
622,1712180580.4184906,53896942.43768435,122.6,0.0,126.5,BID
623,1712180602.047373,53897759.4311484,122.4,-1.1425952417340261e-07,126.5,ASK
624,1712180602.0535698,53898185.18830572,122.3,-5.954369569530877e-08,126.5,ASK
625,1712180610.4114647,53898185.18830572,122.3,-0.0,126.5,ASK
626,1712180640.2898307,53898185.18830572,122.3,-0.0,126.5,ASK
627,1712180655.008423,53900073.43822628,122.3,-2.640730416419804e-07,126.5,ASK
628,1712180655.013948,53900341.36640446,122.3,-3.746993879472852e-08,126.5,ASK
629,1712180656.1979966,53900341.36640541,122.3,1.3337200480023946e-16,126.5,BID
630,1712180656.2027822,53926218.87737841,122.3,3.6189875918173127e-06,126.5,BID
631,1712180663.378615,53928930.08796575,122.1,-3.7916465322404313e-07,126.5,ASK
632,1712180663.3845434,54005317.08796575,122.2,-1.0682774145650804e-05,126.5,ASK
633,1712180670.2615144,54005317.08796575,122.2,-0.0,126.5,ASK
634,1712180700.2918494,54005317.08796575,122.2,-0.0,126.5,ASK
635,1712180726.3066375,54005726.25326853,122.2,-5.713537238424236e-08,126.5,ASK
636,1712180726.459054,54012848.27978403,122.1,-9.94511593054187e-07,126.5,ASK
637,1712180726.4655674,54014486.28142203,122.1,-2.2872866520266485e-07,126.5,ASK
638,1712180730.2793148,54014486.28142203,122.1,-0.0,126.5,ASK
639,1712180730.596583,54015554.26309653,122.1,-1.4910842141561268e-07,126.5,ASK
640,1712180760.4241126,54015554.26309653,122.1,-0.0,126.5,ASK
641,1712180788.069743,54015600.90644152,122.1,-6.512086383305673e-09,126.5,ASK
642,1712180790.409791,54015600.90644152,122.1,-0.0,126.5,ASK
643,1712180820.2937365,54015600.90644152,122.1,-0.0,126.5,ASK
644,1712180835.2603135,54026649.05765052,122.1,1.5424806661677536e-06,126.5,BID
645,1712180835.4202924,54028650.02653745,122.1,2.793640097152451e-07,126.5,BID
646,1712180835.42473,54037364.95772352,122.1,1.2167296235539914e-06,126.5,BID
647,1712180835.43991,54051872.02653745,122.1,2.0253952670389936e-06,126.5,BID
648,1712180850.280559,54051872.02653745,122.1,0.0,126.5,BID
649,1712180874.2707498,54055963.67956527,122.2,5.709005641378837e-07,126.5,BID
650,1712180880.405519,54055963.67956527,122.2,0.0,126.5,BID
651,1712180910.4211664,54055963.67956527,122.2,0.0,126.5,BID
652,1712180940.2914336,54055963.67956527,122.2,0.0,126.5,BID
653,1712180970.2682817,54055963.67956527,122.2,0.0,126.5,BID
654,1712180989.4717531,54060963.67956527,122.2,-6.975918225461376e-07,126.5,ASK
655,1712181000.383806,54060963.67956527,122.2,-0.0,126.5,ASK
656,1712181030.2737713,54060963.67956527,122.2,-0.0,126.5,ASK
657,1712181060.4022424,54060963.67956527,122.2,-0.0,126.5,ASK
658,1712181076.4034512,54062165.67956527,122.7,1.68023217133043e-07,126.5,BID
659,1712181090.3860054,54062165.67956527,122.7,0.0,126.5,BID
660,1712181120.3063035,54062165.67956527,122.7,0.0,126.5,BID
661,1712181122.2781658,54063374.67956527,122.7,1.689982375818293e-07,126.5,BID
662,1712181124.2595267,54064609.67956527,122.7,1.726326082825138e-07,126.5,BID
663,1712181125.2224886,54065849.67956527,122.7,1.7333152572495316e-07,126.5,BID
664,1712181126.18316,54067001.67956527,122.7,1.6103057873802098e-07,126.5,BID
665,1712181129.8725774,54068152.67956527,122.7,1.608907952495331e-07,126.5,BID
666,1712181131.9828067,54069362.67956527,122.7,1.6913802107031717e-07,126.5,BID
667,1712181136.582791,54072910.67956527,122.7,4.959518171549465e-07,126.5,BID
668,1712181145.8129427,54074029.59767968,122.7,1.564062773643337e-07,126.5,BID
669,1712181146.3926969,54075289.42234234,122.7,1.761026862290469e-07,126.5,BID
670,1712181148.3632798,54076707.16452066,122.6,1.9817694746207866e-07,126.5,BID
671,1712181148.5910225,54079610.16452066,122.6,4.057914670802733e-07,126.5,BID
672,1712181148.622843,54083158.16452066,122.6,4.959518171549465e-07,126.5,BID
673,1712181150.4722123,54083158.16452066,122.6,0.0,126.5,BID
674,1712181169.7133696,54083842.24522741,122.6,9.558878125375562e-08,126.5,BID
675,1712181169.7185757,54085355.16452066,122.7,2.114050432196171e-07,126.5,BID
676,1712181175.9928668,54086567.16452066,122.7,1.693566296138952e-07,126.5,BID
677,1712181177.2628803,54094717.12377086,122.7,1.1388198268194575e-06,126.5,BID
678,1712181180.4065125,54094717.12377086,122.7,0.0,126.5,BID
679,1712181180.58027,54096274.12377086,122.7,2.175214744832392e-07,126.5,BID
680,1712181205.4630065,54098068.72201664,122.7,2.5071525788470697e-07,126.5,BID
681,1712181205.603293,54099483.10411523,122.7,1.9759696825215666e-07,126.5,BID
682,1712181205.6689694,54100552.39902124,122.7,1.493863870338353e-07,126.5,BID
683,1712181205.9232671,54103691.39902124,122.7,4.385355866428309e-07,126.5,BID
684,1712181206.4282186,54105330.39902124,122.7,2.289773260616757e-07,126.5,BID
685,1712181206.6230536,54106737.39902124,122.7,1.9656564842512365e-07,126.5,BID
686,1712181209.5930696,54106737.39902174,122.7,6.973943838942746e-17,126.5,BID
687,1712181209.597828,54110823.85147374,122.7,5.708999118596973e-07,126.5,BID
688,1712181210.4175851,54110823.85147374,122.7,0.0,126.5,BID
689,1712181210.693129,54112119.85147374,122.7,1.8100836084891777e-07,126.5,BID
690,1712181216.2598877,54113459.85147374,122.8,1.871537064332946e-07,126.5,BID
691,1712181217.8032372,54114674.85147374,122.8,1.6969533829586042e-07,126.5,BID
692,1712181220.83448,54116217.85147374,122.8,2.1550609628848775e-07,126.5,BID
693,1712181221.7930098,54117613.85147374,122.8,1.9497505535886525e-07,126.5,BID
694,1712181228.9432447,54119461.85147374,122.8,2.581045145438272e-07,126.5,BID
695,1712181229.165532,54122015.85147374,122.8,3.567093777840556e-07,126.5,BID
696,1712181240.2963972,54122015.85147374,122.8,0.0,126.5,BID
697,1712181270.2837317,54122015.85147374,122.8,0.0,126.5,BID
698,1712181300.354371,54122015.85147374,122.8,0.0,126.5,BID
699,1712181319.4436116,54122577.43190801,122.4,-7.843402106119733e-08,126.5,ASK
700,1712181326.2888093,54125131.43190801,122.8,3.5670845628840813e-07,126.5,BID
701,1712181330.273908,54125131.43190801,122.8,0.0,126.5,BID
702,1712181360.413946,54125131.43190801,122.8,0.0,126.5,BID
703,1712181390.4507096,54125131.43190801,122.8,0.0,126.5,BID
704,1712181406.2639842,54127328.43190801,122.8,3.0683109964956973e-07,126.5,BID
705,1712181407.6441224,54132848.43190801,122.7,7.70918375086766e-07,126.5,BID
706,1712181408.994016,54135788.43190801,122.7,4.105978302092558e-07,126.5,BID
707,1712181414.3640068,54135881.25479308,122.7,1.2963562993868685e-08,126.5,BID
708,1712181414.3740315,54138231.50423934,122.8,3.282337833629517e-07,126.5,BID
709,1712181420.2740643,54138231.50423934,122.8,0.0,126.5,BID
710,1712181441.9041383,54141471.27686117,122.8,4.52362235226046e-07,126.5,BID
711,1712181450.2732306,54141471.27686117,122.8,0.0,126.5,BID
712,1712181480.418078,54141471.27686117,122.8,0.0,126.5,BID
713,1712181510.4143777,54141471.27686117,122.8,0.0,126.5,BID
714,1712181540.3066592,54141471.27686117,122.8,0.0,126.5,BID
715,1712181570.3100865,54141471.27686117,122.8,0.0,126.5,BID
716,1712181584.228294,54142174.94108813,122.4,-9.824561118485017e-08,126.5,ASK
717,1712181600.444827,54142174.94108813,122.4,-0.0,126.5,ASK
718,1712181630.2750452,54142174.94108813,122.4,-0.0,126.5,ASK
719,1712181660.4310262,54142174.94108813,122.4,-0.0,126.5,ASK
720,1712181671.7205305,54144672.5117454,122.8,3.49176234579538e-07,126.5,BID
721,1712181676.805137,54146707.7100706,122.8,2.845336470255737e-07,126.5,BID
722,1712181677.4689367,54148227.33157621,122.8,2.124527343284849e-07,126.5,BID
723,1712181682.8251386,54151301.33157621,122.8,4.297647163550301e-07,126.5,BID
724,1712181690.4182482,54151301.33157621,122.8,0.0,126.5,BID
725,1712181719.015201,54153277.33157621,122.8,2.762140670305156e-07,126.5,BID
726,1712181720.286804,54153277.33157621,122.8,0.0,126.5,BID
727,1712181733.9570951,54155253.33157621,122.8,2.7620469841920094e-07,126.5,BID
728,1712181734.084956,54162296.19922076,122.8,9.84449966482208e-07,126.5,BID
729,1712181750.3185222,54162296.19922076,122.8,0.0,126.5,BID
730,1712181780.4152825,54162296.19922076,122.8,0.0,126.5,BID
731,1712181802.955325,54168581.19922076,122.8,8.783794696705415e-07,126.5,BID
732,1712181810.4152906,54168581.19922076,122.8,0.0,126.5,BID
733,1712181823.8250587,54172006.30697276,122.8,4.786348208641958e-07,126.5,BID
734,1712181831.8953648,54172089.70980845,122.7,-1.1654962182298413e-08,126.5,ASK
735,1712181835.0254045,54172089.7098091,122.8,9.162264837926843e-17,126.5,BID
736,1712181835.4253435,54177920.7098091,122.9,8.148414130426267e-07,126.5,BID
737,1712181835.485466,54179657.21058102,122.9,2.426638214266487e-07,126.5,BID
738,1712181835.6055317,54180959.34176597,122.9,1.8196371372181648e-07,126.5,BID
739,1712181835.6117022,54196040.66208062,122.9,2.10750889311276e-06,126.5,BID
740,1712181836.5453691,54198594.66208062,122.9,3.5690361325859524e-07,126.5,BID
741,1712181837.5152972,54201569.66208062,122.9,4.157354148176667e-07,126.5,BID
742,1712181840.3156238,54201569.66208062,122.9,0.0,126.5,BID
743,1712181870.2868557,54201569.66208062,122.9,0.0,126.5,BID
744,1712181900.4258077,54201569.66208062,122.9,0.0,126.5,BID
745,1712181918.4158862,54207200.66208062,122.8,7.871452597650168e-07,126.5,BID
746,1712181930.4055026,54207200.66208062,122.8,0.0,126.5,BID
747,1712181960.268489,54207200.66208062,122.8,0.0,126.5,BID
748,1712181990.3058274,54207200.66208062,122.8,0.0,126.5,BID
749,1712181991.4860332,54208136.19785044,122.7,1.307638735047838e-07,126.5,BID
750,1712181991.4928603,54211176.66208062,122.8,4.249788119458596e-07,126.5,BID
751,1712182020.4159913,54211176.66208062,122.8,0.0,126.5,BID
752,1712182033.675641,54213573.66208062,122.8,3.350161796212471e-07,126.5,BID
753,1712182045.6757915,54222366.66208062,122.8,1.2289517177345123e-06,126.5,BID
754,1712182050.427643,54222366.66208062,122.8,0.0,126.5,BID
755,1712182052.97561,54226441.64170572,122.7,5.694292722548675e-07,126.5,BID
756,1712182055.526579,54233667.58913552,122.8,1.009739033039398e-06,126.5,BID
757,1712182055.5329394,54254115.81764706,122.7,2.85739339861054e-06,126.5,BID
758,1712182064.0758264,54254385.39463552,122.5,-3.7670133958265246e-08,126.5,ASK
759,1712182080.2781515,54254385.39463552,122.5,-0.0,126.5,ASK
760,1712182110.3058574,54254385.39463552,122.5,-0.0,126.5,ASK
761,1712182110.8563538,54255448.21240969,122.5,-1.4843446733590366e-07,126.5,ASK
762,1712182110.8638904,54257625.16725735,122.5,-3.0403625257384817e-07,126.5,ASK
763,1712182140.4162064,54257625.16725735,122.5,-0.0,126.5,ASK
764,1712182166.086051,54259354.16725735,122.8,2.414609314191232e-07,126.5,BID
765,1712182170.4158983,54259354.16725735,122.8,0.0,126.5,BID
766,1712182200.3258388,54259354.16725735,122.8,0.0,126.5,BID
767,1712182207.070498,54260578.16725735,122.8,1.7143045496136442e-07,126.5,BID
768,1712182207.1857457,54261817.20034865,122.8,1.7353595306667797e-07,126.5,BID
769,1712182207.2257578,54263017.55181973,122.8,1.681182996729952e-07,126.5,BID
770,1712182207.2659583,54282868.55181973,122.8,2.780282648233697e-06,126.5,BID
771,1712182207.5258064,54285744.55181973,122.8,4.028055461347092e-07,126.5,BID
772,1712182221.9813118,54287373.21631484,122.8,2.2810677726815025e-07,126.5,BID
773,1712182222.7058897,54289736.21631484,122.8,3.3095601721707855e-07,126.5,BID
774,1712182222.9460073,54292723.21631484,122.8,4.183519354326761e-07,126.5,BID
775,1712182223.6262124,54293790.21631484,122.8,1.494414178462221e-07,126.5,BID
776,1712182225.166146,54296679.21631484,122.8,4.046262944308675e-07,126.5,BID
777,1712182225.484032,54297487.5078906,122.8,1.1320734687411342e-07,126.5,BID
778,1712182225.487403,54312779.27192884,122.8,2.1417271782987954e-06,126.5,BID
779,1712182225.4969416,54312779.27192968,122.8,1.1791664675215453e-16,126.5,BID
780,1712182225.555975,54316536.38248036,122.9,5.262117410482753e-07,126.5,BID
781,1712182225.5658972,54331044.53762287,122.9,2.031976827394021e-06,126.5,BID
782,1712182225.575807,54331858.61821726,122.9,1.1401814270555865e-07,126.5,BID
783,1712182225.676329,54332018.23187037,123.0,2.2355098995450744e-08,126.5,BID
784,1712182225.682195,54332078.23187041,123.0,8.403453680837749e-09,126.5,BID
785,1712182225.6872923,54340367.9268243,123.0,1.1610344586895907e-06,126.5,BID
786,1712182230.296031,54340367.9268243,123.0,0.0,126.5,BID
787,1712182237.9362755,54340487.9268243,123.3,1.6783513367399075e-08,126.5,BID
788,1712182238.0573788,54342806.95121454,123.3,-3.243448071070228e-07,126.5,ASK
789,1712182260.4213183,54342806.95121454,123.3,-0.0,126.5,ASK
790,1712182261.9595895,54347806.95121454,123.3,6.992836443203448e-07,126.5,BID
791,1712182261.9668174,54364056.95121454,123.4,2.2726718440411207e-06,126.5,BID
792,1712182290.4162543,54364056.95121454,123.4,0.0,126.5,BID
793,1712182301.4966924,54370414.33808209,123.4,8.887974366153009e-07,126.5,BID
794,1712182301.5054502,54414172.78540445,123.4,6.117670140365432e-06,126.5,BID
795,1712182301.556146,54424068.89769639,123.4,-1.383530595318097e-06,126.5,ASK
796,1712182301.6560135,54429938.40402286,123.4,-8.205890699819825e-07,126.5,ASK
797,1712182301.67619,54431376.49018395,123.4,-2.010523065906191e-07,126.5,ASK
798,1712182301.7560525,54438235.54253014,123.4,-9.58933012873636e-07,126.5,ASK
799,1712182320.285804,54438235.54253014,123.4,-0.0,126.5,ASK
800,1712182326.8456256,54438731.97040696,123.4,6.931462697778405e-08,126.5,BID
801,1712182345.0858002,54439178.73053661,123.4,-6.237967926802422e-08,126.5,ASK
802,1712182350.2992067,54439178.73053661,123.4,-0.0,126.5,ASK
803,1712182380.414434,54439178.73053661,123.4,-0.0,126.5,ASK
804,1712182391.8643324,54440394.28969383,123.4,-1.6972185539585833e-07,126.5,ASK
805,1712182392.5839033,54440799.47607955,123.4,-5.657395179584535e-08,126.5,ASK
806,1712182410.463638,54440799.47607955,123.4,-0.0,126.5,ASK
807,1712182440.2936502,54440799.47607955,123.4,-0.0,126.5,ASK
808,1712182442.0128317,54442762.47607955,123.3,2.740752655681467e-07,126.5,BID
809,1712182442.232962,54445673.47607955,123.3,4.064356077783368e-07,126.5,BID
810,1712182470.2852578,54445673.47607955,123.3,0.0,126.5,BID
811,1712182478.8223157,54467738.64170957,123.1,-3.0804935015520232e-06,126.5,ASK
812,1712182478.8288016,54490960.64170957,123.1,-3.2419978754075453e-06,126.5,ASK
813,1712182478.9620175,54514978.06739457,123.1,3.3530463803081337e-06,126.5,BID
814,1712182478.9826329,54514978.06739515,123.1,8.113305418701313e-17,126.5,BID
815,1712182479.1824012,54517634.7939177,123.2,-3.7090266736912987e-07,126.5,ASK
816,1712182500.3256671,54517634.7939177,123.2,-0.0,126.5,ASK
817,1712182503.791764,54519066.7939177,123.2,2.001683303596536e-07,126.5,BID
818,1712182519.0826175,54520388.38180417,123.2,1.847346652637976e-07,126.5,BID
819,1712182519.0880446,54521029.7939177,123.3,8.965809485910747e-08,126.5,BID
820,1712182530.2844982,54521029.7939177,123.3,0.0,126.5,BID
821,1712182535.281572,54521975.82037684,122.9,-1.3223007289051208e-07,126.5,ASK
822,1712182535.289756,54529166.49041893,122.9,-1.0050700111062214e-06,126.5,ASK
823,1712182560.4256246,54529166.49041893,122.9,-0.0,126.5,ASK
824,1712182590.4205103,54529166.49041893,122.9,-0.0,126.5,ASK
825,1712182599.3003492,54531196.37538552,122.9,-2.836858553971e-07,126.5,ASK
826,1712182620.283715,54531196.37538552,122.9,-0.0,126.5,ASK
827,1712182627.7799833,54532020.72099676,122.8,-1.1520211275052013e-07,126.5,ASK
828,1712182627.788159,54532439.1260069,122.9,-5.847200554797222e-08,126.5,ASK
829,1712182650.3034742,54532439.1260069,122.9,-0.0,126.5,ASK
830,1712182680.4089124,54532439.1260069,122.9,-0.0,126.5,ASK
831,1712182710.4134145,54532439.1260069,122.9,-0.0,126.5,ASK
832,1712182740.2781136,54532439.1260069,122.9,-0.0,126.5,ASK
833,1712182742.198359,54532547.1603069,123.4,1.5097446919472528e-08,126.5,BID
834,1712182742.2057836,54532628.5935069,123.4,1.1380028514228133e-08,126.5,BID
835,1712182742.2978797,54534066.46530714,123.4,-2.0093797230306405e-07,126.5,ASK
836,1712182764.1794906,54534451.05023354,123.1,-5.3744509960658064e-08,126.5,ASK
837,1712182770.301144,54534451.05023354,123.1,-0.0,126.5,ASK
838,1712182800.3551114,54534451.05023354,123.1,-0.0,126.5,ASK
839,1712182830.277147,54534451.05023354,123.1,-0.0,126.5,ASK
840,1712182860.3169713,54534451.05023354,123.1,-0.0,126.5,ASK
841,1712182869.146533,54542430.96087529,123.1,-1.1152699650744209e-06,126.5,ASK
842,1712182869.4364862,54545141.96087529,123.1,3.788885629245211e-07,126.5,BID
843,1712182875.2365458,54545182.57825953,123.1,5.6766736792543445e-09,126.5,BID
844,1712182890.2959144,54545182.57825953,123.1,0.0,126.5,BID
845,1712182895.3563502,54547145.57825953,123.1,2.742976593497537e-07,126.5,BID
846,1712182896.0664124,54548770.27362914,123.1,2.270250316047121e-07,126.5,BID
847,1712182912.1767216,54549176.44747154,122.9,-5.67562579009177e-08,126.5,ASK
848,1712182912.183975,54553239.20826718,122.7,-5.677054389931129e-07,126.5,ASK
849,1712182912.190725,54556552.39445314,122.5,-4.629644502280535e-07,126.5,ASK
850,1712182912.1940672,54579774.39445314,122.7,-3.24490078727457e-06,126.5,ASK
851,1712182912.1972132,54587911.09095436,122.9,-1.1369723918112134e-06,126.5,ASK
852,1712182912.2003686,54611133.09095436,122.6,-3.24490078727457e-06,126.5,ASK
853,1712182912.2035394,54615201.43920497,122.9,-5.684861959045657e-07,126.5,ASK
854,1712182912.206686,54618220.25408386,122.5,-4.218307973964881e-07,126.5,ASK
855,1712182912.2098448,54620667.23613932,122.6,-3.419263628549781e-07,126.5,ASK
856,1712182912.8062043,54621480.90578944,122.9,-1.1369723918112137e-07,126.5,ASK
857,1712182920.4060717,54621480.90578944,122.9,-0.0,126.5,ASK
858,1712182924.5061245,54623843.90578944,123.0,3.297598297846967e-07,126.5,BID
859,1712182926.4259715,54626490.90578944,123.0,3.693924119509488e-07,126.5,BID
860,1712182926.4658816,54641545.54529408,123.0,2.100895201235921e-06,126.5,BID
861,1712182926.545748,54642524.36711886,123.0,1.3659590280451486e-07,126.5,BID
862,1712182926.9060352,54644874.36711886,123.1,3.27945662291171e-07,126.5,BID
863,1712182945.8158205,54647245.36711886,123.1,3.308762405499432e-07,126.5,BID
864,1712182946.0558825,54649208.36711886,123.1,2.739392915223697e-07,126.5,BID
865,1712182946.275639,54663326.36711886,123.1,1.9701858979688305e-06,126.5,BID
866,1712182950.405633,54663326.36711886,123.1,0.0,126.5,BID
867,1712182970.3556182,54664547.26763529,123.1,1.7025597086389249e-07,126.5,BID
868,1712182980.263776,54664547.26763529,123.1,0.0,126.5,BID
869,1712182981.6556036,54667220.26763529,123.1,3.727450894616487e-07,126.5,BID
870,1712182981.6628315,54669091.26763529,123.1,2.609076178012513e-07,126.5,BID
871,1712183005.4960132,54672002.26763529,123.1,4.059337655902954e-07,126.5,BID
872,1712183010.2787635,54672002.26763529,123.1,0.0,126.5,BID
873,1712183033.674965,54672051.00849637,123.1,6.795956570941907e-09,126.5,BID
874,1712183040.4094062,54672051.00849637,123.1,0.0,126.5,BID
875,1712183070.4047225,54672051.00849637,123.1,0.0,126.5,BID
876,1712183086.0346873,54674017.00849637,123.1,2.74119889285142e-07,126.5,BID
877,1712183086.054329,54676222.00849637,123.1,3.074437211972217e-07,126.5,BID
878,1712183100.2845252,54676222.00849637,123.1,0.0,126.5,BID
879,1712183130.2945647,54676222.00849637,123.1,0.0,126.5,BID
880,1712183160.3377285,54676222.00849637,123.1,0.0,126.5,BID
881,1712183190.246252,54676222.00849637,123.1,0.0,126.5,BID
882,1712183201.2945306,54688746.00849637,122.9,1.748235364010782e-06,126.5,BID
883,1712183206.1336958,54690272.00849637,122.9,2.130155833184649e-07,126.5,BID
884,1712183220.4035523,54690272.00849637,122.9,0.0,126.5,BID
885,1712183250.4136865,54690272.00849637,122.9,0.0,126.5,BID
886,1712183277.9332526,54690555.98223892,122.7,-3.963057362835014e-08,126.5,ASK
887,1712183278.0963004,54691085.6781465,122.7,7.392286511154854e-08,126.5,BID
888,1712183280.2934976,54691085.6781465,122.7,0.0,126.5,BID
889,1712183286.0830886,54692963.6781465,122.9,2.620847252940412e-07,126.5,BID
890,1712183310.2657597,54692963.6781465,122.9,0.0,126.5,BID
891,1712183311.7531564,54697027.95804885,122.9,5.671732550448283e-07,126.5,BID
892,1712183340.4128058,54697027.95804885,122.9,0.0,126.5,BID
893,1712183370.3926234,54697027.95804885,122.9,0.0,126.5,BID
894,1712183392.8926864,54702122.44674885,122.6,-7.108900988264574e-07,126.5,ASK
895,1712183392.90091,54705518.95723224,122.6,-4.739525034567045e-07,126.5,ASK
896,1712183399.5055797,54705722.37464477,122.9,2.8385071204398125e-08,126.5,BID
897,1712183400.4823842,54705722.37464477,122.9,0.0,126.5,BID
898,1712183422.932377,54705756.43298051,122.9,4.767077599203688e-09,126.5,BID
899,1712183423.0922432,54706536.04429489,122.9,-1.0912064704585712e-07,126.5,ASK
900,1712183430.2423282,54706698.77822491,122.9,-2.27775449288036e-08,126.5,ASK
901,1712183430.3921592,54706698.77822491,122.9,-0.0,126.5,ASK
902,1712183460.3021178,54706698.77822491,122.9,-0.0,126.5,ASK
903,1712183484.507735,54706943.35414249,122.6,-3.4232230385437484e-08,126.5,ASK
904,1712183484.5138528,54707228.47413249,122.6,-3.99070083513848e-08,126.5,ASK
905,1712183484.6321163,54713727.85050503,122.6,-9.09689521145634e-07,126.5,ASK
906,1712183490.2921402,54713727.85050503,122.6,-0.0,126.5,ASK
907,1712183520.402325,54713727.85050503,122.6,-0.0,126.5,ASK
908,1712183531.1721616,54717266.58352323,122.5,-4.95241377294538e-07,126.5,ASK
909,1712183544.7723837,54719049.57289049,122.5,-2.495271910605972e-07,126.5,ASK
910,1712183544.8718247,54721737.47743949,122.5,3.76168968961245e-07,126.5,BID
911,1712183544.8783395,54721737.47744018,122.5,9.592837084038712e-17,126.5,BID
912,1712183550.4064326,54721737.47744018,122.5,0.0,126.5,BID
913,1712183577.141416,54723729.40355418,122.5,2.7872936069482485e-07,126.5,BID
914,1712183577.161302,54723729.40355504,122.5,1.2093655684856998e-16,126.5,BID
915,1712183580.2946446,54723729.40355504,122.5,0.0,126.5,BID
916,1712183580.6816983,54723830.31636394,122.5,1.4120203633022242e-08,126.5,BID
917,1712183610.2661457,54723830.31636394,122.5,0.0,126.5,BID
918,1712183640.3974729,54723830.31636394,122.5,0.0,126.5,BID
919,1712183641.3510702,54723992.64801804,122.5,-2.27141833856786e-08,126.5,ASK
920,1712183659.3110273,54733204.14975902,122.6,1.2889152208791402e-06,126.5,BID
921,1712183670.39103,54733204.14975902,122.6,0.0,126.5,BID
922,1712183700.263182,54733204.14975902,122.6,0.0,126.5,BID
923,1712183730.2908578,54733204.14975902,122.6,0.0,126.5,BID
924,1712183735.490562,54734204.14975902,122.6,-1.400878708717885e-07,126.5,ASK
1125,1712183735.5967774,54734244.93279327,122.6,-5.7132084357933664e-09,126.5,ASK
925,1712183735.5967774,54734244.93279327,122.6,-5.713208435793366e-09,126.5,ASK
926,1712183748.59064,54734326.49886178,122.6,1.1426416873674204e-08,126.5,BID
927,1712183760.390472,54738769.51988568,122.6,6.22413355476649e-07,126.5,BID
928,1712183760.404413,54738769.51988568,122.6,0.0,126.5,BID
929,1712183790.4005182,54738769.51988568,122.6,0.0,126.5,BID
930,1712183796.081003,54740138.9284839,122.5,-1.918192000380603e-07,126.5,ASK
931,1712183796.180262,54747967.89297086,122.5,1.0966381450827731e-06,126.5,BID
932,1712183800.350583,54750769.51988486,122.5,3.924364387274761e-07,126.5,BID
933,1712183820.2945385,54750769.51988486,122.5,0.0,126.5,BID
934,1712183837.220295,54750769.51988568,122.5,1.1477635040634314e-16,126.5,BID
935,1712183850.271587,54750769.51988568,122.5,0.0,126.5,BID
936,1712183880.425066,54750769.51988568,122.5,0.0,126.5,BID
937,1712183910.421122,54750769.51988568,122.5,0.0,126.5,BID
938,1712183940.309903,54750769.51988568,122.5,0.0,126.5,BID
939,1712183970.2845092,54750769.51988568,122.5,0.0,126.5,BID
940,1712184000.3036528,54750769.51988568,122.5,0.0,126.5,BID
941,1712184016.6200404,54762657.53557578,122.6,1.6676194396121647e-06,126.5,BID
942,1712184016.6271503,54762738.64119068,122.6,1.1377281423223892e-08,126.5,BID
943,1712184016.6993213,54774072.62550058,122.6,1.5899013810355636e-06,126.5,BID
944,1712184030.265752,54774072.62550058,122.6,0.0,126.5,BID
945,1712184060.409582,54774072.62550058,122.6,0.0,126.5,BID
946,1712184085.2497509,54774113.41669144,122.6,-5.719788204149991e-09,126.5,ASK
947,1712184085.2537885,54774521.24703401,122.6,-5.718644476549937e-08,126.5,ASK
948,1712184085.2573347,54784872.62550058,122.5,-1.4514823227382657e-06,126.5,ASK
949,1712184090.4043431,54784872.62550058,122.5,-0.0,126.5,ASK
950,1712184097.5693412,54808094.62550058,122.5,-3.255611859602925e-06,126.5,ASK
951,1712184107.8092306,54809727.2785618,122.5,-2.288900468831351e-07,126.5,ASK
952,1712184107.816021,54811467.46780117,122.5,-2.439660979088512e-07,126.5,ASK
953,1712184118.4945118,54811467.467802,122.5,1.1698795271098687e-16,126.5,BID
954,1712184118.5010662,54827801.699758,122.5,2.289980159910904e-06,126.5,BID
955,1712184120.259029,54827801.699758,122.5,0.0,126.5,BID
956,1712184150.2788334,54827801.699758,122.5,0.0,126.5,BID
957,1712184180.4092932,54827801.699758,122.5,0.0,126.5,BID
958,1712184210.3884552,54827801.699758,122.5,0.0,126.5,BID
959,1712184212.0888565,54831989.70047563,122.6,5.867048504135727e-07,126.5,BID
960,1712184222.6087968,54832465.081868,122.6,6.659706802912277e-08,126.5,BID
961,1712184222.6168156,54847901.699758,122.6,2.1625446604899377e-06,126.5,BID
962,1712184223.1739538,54851658.810258,122.6,-5.263406342337338e-07,126.5,ASK
963,1712184223.9684544,54855415.920758,122.5,-5.263406342337338e-07,126.5,ASK
964,1712184232.3783777,54856778.534548,122.6,1.9089111338170565e-07,126.5,BID
965,1712184232.45841,54870253.306968,122.6,1.887706060734532e-06,126.5,BID
966,1712184233.4885228,54871615.920758,122.6,1.9089111338170565e-07,126.5,BID
967,1712184233.4959545,54885895.920758,122.6,2.0005118978685573e-06,126.5,BID
968,1712184240.2835708,54885895.920758,122.6,0.0,126.5,BID
969,1712184252.8086066,54919276.889258,122.6,-4.671741145666968e-06,126.5,ASK
970,1712184270.29241,54919276.889258,122.6,-0.0,126.5,ASK
971,1712184279.788279,54919276.88932754,122.6,-9.727227617370582e-15,126.5,ASK
972,1712184279.7921417,54920908.210658,122.6,-2.2817637681815625e-07,126.5,ASK
973,1712184280.308228,54920908.21069785,122.6,-5.574345460179478e-15,126.5,ASK
974,1712184300.2982285,54920908.21069785,122.6,-0.0,126.5,ASK
975,1712184330.303134,54920908.21069785,122.6,-0.0,126.5,ASK
976,1712184360.4081724,54920908.21069785,122.6,-0.0,126.5,ASK
977,1712184384.5689335,54922539.532058,122.6,2.285817764737237e-07,126.5,BID
978,1712184384.5773666,54922945.97986587,122.6,5.695172284049703e-08,126.5,BID
979,1712184390.4087198,54922945.97986587,122.6,0.0,126.5,BID
980,1712184420.2898972,54922945.97986587,122.6,0.0,126.5,BID
981,1712184450.279354,54922945.97986587,122.6,0.0,126.5,BID
982,1712184480.3949296,54922945.97986587,122.6,0.0,126.5,BID
983,1712184505.8498175,54924166.8803823,122.6,1.710673608938924e-07,126.5,BID
984,1712184505.859366,54930192.9917022,122.7,8.443529559345357e-07,126.5,BID
985,1712184510.3962588,54930192.9917022,122.7,0.0,126.5,BID
986,1712184540.2749429,54930192.9917022,122.7,0.0,126.5,BID
987,1712184569.3103757,54930623.2509022,122.7,-6.027857050324896e-08,126.5,ASK
988,1712184570.280496,54930623.2509022,122.7,-0.0,126.5,ASK
989,1712184600.3310804,54930623.2509022,122.7,-0.0,126.5,ASK
990,1712184601.8404744,54931091.97334619,122.7,-6.590513890208705e-08,126.5,ASK
991,1712184630.2765038,54931091.97334619,122.7,-0.0,126.5,ASK
992,1712184643.2304056,54931256.54870646,122.7,2.3140078757387813e-08,126.5,BID
993,1712184660.4206586,54931256.54870646,122.7,0.0,126.5,BID
994,1712184690.3907835,54931256.54870646,122.7,0.0,126.5,BID
995,1712184720.261272,54931256.54870646,122.7,0.0,126.5,BID
996,1712184750.27132,54931256.54870646,122.7,0.0,126.5,BID
997,1712184780.4013307,54931256.54870646,122.7,0.0,126.5,BID
998,1712184810.4016063,54931256.54870646,122.7,0.0,126.5,BID
999,1712184812.2113097,54934892.38610483,123.0,5.112145872352925e-07,126.5,BID
1000,1712184840.285395,54934892.38610483,123.0,0.0,126.5,BID
1201,1712184853.7319992,54937255.96933502,123.0,3.323092098880055e-07,126.5,BID
1202,1712184853.733471,54939810.71386059,123.1,3.591856313384568e-07,126.5,BID
1203,1712184853.734645,54941006.71386059,123.1,1.681522401875009e-07,126.5,BID
1204,1712184853.7358656,54941049.54342117,123.1,6.0216442798226164e-09,126.5,BID
1205,1712184853.8916194,54945587.70042617,123.3,6.38044537385341e-07,126.5,BID
1206,1712184853.9122314,54945587.70042696,123.3,1.1103693370856904e-16,126.5,BID
1207,1712184853.9148042,54946532.98339701,123.3,1.329025493517955e-07,126.5,BID
1208,1712184853.9927795,54948599.34289701,123.3,2.905208854169787e-07,126.5,BID
1209,1712184853.9954202,54949371.01363801,123.5,1.0849344798175417e-07,126.5,BID
1210,1712184853.9979491,54949491.01363801,123.7,1.6871462226170662e-08,126.5,BID
1211,1712184854.000673,54949611.01363801,123.5,1.6871462226170662e-08,126.5,BID
1212,1712184854.003355,54951697.88866796,123.3,2.934052769880224e-07,126.5,BID
1213,1712184854.004565,54951817.88866796,123.5,1.6871462226170662e-08,126.5,BID
1214,1712184854.0057578,54951937.88866796,123.6,1.6871462226170662e-08,126.5,BID
1215,1712184854.031974,54954000.21936796,123.7,-2.8995445419033697e-07,126.5,ASK
1216,1712184854.0346453,54954043.04892854,123.7,-6.021644278775098e-09,126.5,ASK
1217,1712184854.0516243,54962431.98339701,123.7,-1.179446591688511e-06,126.5,ASK
1218,1712184854.5519629,54966252.66530624,123.0,-5.371707542486979e-07,126.5,ASK
1219,1712184854.554712,54969323.66530624,123.3,-4.317688374714175e-07,126.5,ASK
1220,1712184854.5573814,54972926.07809701,123.0,-5.064830943542815e-07,126.5,ASK
1221,1712184870.268705,54972926.07809701,123.0,-0.0,126.5,ASK
1222,1712184900.3816488,54972926.07809701,123.0,-0.0,126.5,ASK
1223,1712184930.4073164,54972926.07809701,123.0,-0.0,126.5,ASK
1224,1712184960.272004,54972926.07809701,123.0,-0.0,126.5,ASK
1225,1712184990.292425,54972926.07809701,123.0,-0.0,126.5,ASK
1226,1712185013.3230915,54973145.6848928,123.5,-3.095614519394887e-08,126.5,ASK
1227,1712185013.326109,54973956.05766427,123.4,-1.142315158500778e-07,126.5,ASK
1228,1712185013.3289914,54990561.57001804,123.2,-2.3407410940163622e-06,126.5,ASK
1229,1712185013.3317091,54994657.79680991,123.3,-5.774110535030975e-07,126.5,ASK
1230,1712185020.3922555,54994657.79680991,123.3,-0.0,126.5,ASK
1231,1712185038.5627923,54994738.63755364,123.7,1.1391147819670122e-08,126.5,BID
1232,1712185050.423769,54994738.63755364,123.7,0.0,126.5,BID
1233,1712185079.6733396,54995534.0051542,123.8,1.1207389646166969e-07,126.5,BID
1234,1712185079.6763792,54996342.16755364,123.8,1.1387678982067305e-07,126.5,BID
1235,1712185079.6790907,54996835.63755364,123.6,6.953401879565425e-08,126.5,BID
1236,1712185080.2730987,54996835.63755364,123.6,0.0,126.5,BID
1237,1712185083.963694,54996848.02439572,123.8,1.745345037449321e-09,126.5,BID
1238,1712185083.9665213,54997655.77883837,123.8,1.1381514343372909e-07,126.5,BID
1239,1712185083.9693563,54998441.75293497,123.9,1.1074622411894809e-07,126.5,BID
1240,1712185083.9721725,54999682.63755364,123.8,1.748445485418465e-07,126.5,BID
1241,1712185110.263115,54999682.63755364,123.8,0.0,126.5,BID
1242,1712185125.8427632,54999896.97245364,123.6,-3.01989619528233e-08,126.5,ASK
1243,1712185140.393253,54999896.97245364,123.6,-0.0,126.5,ASK
1244,1712185160.6629736,54999896.97250509,123.6,-7.249602462119573e-15,126.5,ASK
1245,1712185160.9501932,54999975.05846211,123.8,1.1001969549869214e-08,126.5,BID
1246,1712185160.9542792,55002781.97250509,123.8,3.954819023585094e-07,126.5,BID
1247,1712185170.4030905,55002781.97250509,123.8,0.0,126.5,BID
1248,1712185200.023877,55003892.86175327,123.7,1.5651155644921796e-07,126.5,BID
1249,1712185200.4086957,55003892.86175327,123.7,0.0,126.5,BID
1250,1712185230.2734025,55003892.86175327,123.7,0.0,126.5,BID
1251,1712185234.7631357,55005156.40444166,123.7,1.7876510168897329e-07,126.5,BID
1252,1712185234.7830334,55007817.25697454,123.7,3.76455483450814e-07,126.5,BID
1253,1712185234.78455,55012267.01030952,123.7,6.295478694354297e-07,126.5,BID
1254,1712185234.843728,55015173.0150199,123.9,4.111394354404042e-07,126.5,BID
1255,1712185234.846733,55023685.63610321,123.9,1.2043594471148469e-06,126.5,BID
1256,1712185234.8496163,55033883.56486244,123.7,1.4427955528590629e-06,126.5,BID
1257,1712185234.8519385,55034283.56486244,123.9,5.65917094313473e-08,126.5,BID
1258,1712185234.8542483,55042487.01030952,123.8,1.160617502692628e-06,126.5,BID
1259,1712185234.9431949,55045063.98309568,123.8,-3.645882378179576e-07,126.5,ASK
1260,1712185260.392789,55045063.98309568,123.8,-0.0,126.5,ASK
1261,1712185288.342499,55045532.3295676,124.0,6.621357717264947e-08,126.5,BID
1262,1712185290.4128847,55045532.3295676,124.0,0.0,126.5,BID
1263,1712185320.2584488,55045532.3295676,124.0,0.0,126.5,BID
1264,1712185338.9427958,55049995.2797676,123.6,-6.309548357135684e-07,126.5,ASK
1265,1712185350.2914732,55049995.2797676,123.6,-0.0,126.5,ASK
1266,1712185355.1229742,55051109.3350676,123.6,-1.5748859694616585e-07,126.5,ASK
1267,1712185380.412902,55051109.3350676,123.6,-0.0,126.5,ASK
1268,1712185404.0533268,55053428.07149605,123.8,3.277821474437703e-07,126.5,BID
1269,1712185404.056363,55053908.3350676,123.9,6.789121130428153e-08,126.5,BID
1270,1712185404.0593133,55054908.3350676,123.8,1.41362400410165e-07,126.5,BID
1271,1712185410.4083734,55054908.3350676,123.8,0.0,126.5,BID
1272,1712185440.2730284,55054908.3350676,123.8,0.0,126.5,BID
1273,1712185470.2797723,55054908.3350676,123.8,0.0,126.5,BID
1274,1712185500.4029715,55054908.3350676,123.8,0.0,126.5,BID
1275,1712185505.982828,55061975.00596605,123.7,-1.00076112611717e-06,126.5,ASK
1276,1712185509.1730149,55062782.76040869,123.8,1.1439180588121557e-07,126.5,BID
1277,1712185513.39413,55063591.16784603,123.8,1.1448428106797424e-07,126.5,BID
1278,1712185526.373109,55068292.538098,123.8,6.65794212757827e-07,126.5,BID
1279,1712185530.4133503,55068292.538098,123.8,0.0,126.5,BID
1280,1712185560.2766204,55068292.538098,123.8,0.0,126.5,BID
1281,1712185564.4036634,55068373.31354226,123.9,1.1436498107603473e-08,126.5,BID
1282,1712185590.283494,55068373.31354226,123.9,0.0,126.5,BID
1283,1712185620.421605,55068373.31354226,123.9,0.0,126.5,BID
1284,1712185650.4072845,55068373.31354226,123.9,0.0,126.5,BID
1285,1712185655.2875612,55070827.81946189,123.8,-3.4751789712215737e-07,126.5,ASK
1286,1712185680.2862098,55070827.81946189,123.8,-0.0,126.5,ASK
1287,1712185710.276523,55070827.81946189,123.8,-0.0,126.5,ASK
1288,1712185740.3991115,55070827.81946189,123.8,-0.0,126.5,ASK
1289,1712185741.4408193,55093962.38914689,123.8,-3.275335809790049e-06,126.5,ASK
1290,1712185763.3538249,55094042.38914689,123.7,-1.1326204392430464e-08,126.5,ASK
1291,1712185763.3570538,55132158.17148423,123.7,-5.396339266627031e-06,126.5,ASK
1292,1712185763.360203,55132158.17148471,123.8,-6.750943894642867e-17,126.5,ASK
1293,1712185763.4535942,55132239.07763297,123.6,-1.1454494647791764e-08,126.5,ASK
1294,1712185763.456728,55143929.97666431,123.6,-1.6551688995029544e-06,126.5,ASK
1295,1712185763.5533402,55218578.46618431,123.5,-1.0568550623621322e-05,126.5,ASK
1296,1712185763.5736282,55218578.46618473,123.5,-5.907075907812511e-17,126.5,ASK
1297,1712185769.0936792,55231928.66308655,123.5,1.8900882348651504e-06,126.5,BID
1298,1712185770.3933382,55231928.66308655,123.5,0.0,126.5,BID
1299,1712185785.6433702,55234915.27447639,123.3,-4.216484892860321e-07,126.5,ASK
1300,1712185793.4134097,55235648.63309646,123.3,-1.0353524911526153e-07,126.5,ASK
1301,1712185797.4433606,55236102.56153878,123.3,-6.408541887978456e-08,126.5,ASK
1302,1712185800.2935593,55236102.56153878,123.3,-0.0,126.5,ASK
1303,1712185801.88367,55237364.56153878,123.3,1.7850307609261845e-07,126.5,BID
1304,1712185817.0334268,55251869.23325867,123.3,2.0516073848769066e-06,126.5,BID
1305,1712185817.153588,55255626.34375949,123.3,-5.314229648306219e-07,126.5,ASK
1306,1712185830.2838123,55255626.34375949,123.3,-0.0,126.5,ASK
1307,1712185831.3635032,55261361.49193149,123.3,-8.109295785940264e-07,126.5,ASK
1308,1712185831.5634997,55261361.4919323,123.3,-1.1482993364382962e-16,126.5,ASK
1309,1712185860.409166,55261361.4919323,123.3,-0.0,126.5,ASK
1310,1712185870.256262,55261604.80093473,123.3,3.4399589105692746e-08,126.5,BID
1311,1712185871.6034007,55275149.37847835,123.3,1.9149636777047875e-06,126.5,BID
1312,1712185890.4092095,55275149.37847835,123.3,0.0,126.5,BID
1313,1712185904.1133876,55282583.80854956,123.4,1.0508443288655034e-06,126.5,BID
1314,1712185920.2680006,55282583.80854956,123.4,0.0,126.5,BID
1315,1712185950.283673,55282583.80854956,123.4,0.0,126.5,BID
1316,1712185961.6979842,55284904.36832503,123.4,3.279647371586935e-07,126.5,BID
1317,1712185961.7011514,55305435.75180462,123.5,2.9017006403201305e-06,126.5,BID
1318,1712185980.4134777,55305435.75180462,123.5,0.0,126.5,BID
1319,1712186010.3833046,55305435.75180462,123.5,0.0,126.5,BID
1320,1712186028.1036608,55328657.75180462,123.3,-3.280657073743109e-06,126.5,ASK
1321,1712186028.2643576,55350938.39647831,123.3,3.147668355710037e-06,126.5,BID
1322,1712186029.1433833,55399535.20107682,123.3,6.865448745474737e-06,126.5,BID
1323,1712186030.019949,55401043.20107682,123.3,2.1304068845080561e-07,126.5,BID
1324,1712186039.8840156,55422777.11979989,123.3,3.0704303763239405e-06,126.5,BID
1325,1712186040.145927,55424255.63488989,123.3,2.0887524712153442e-07,126.5,BID
1326,1712186040.1673577,55424255.63489013,123.3,3.3682266731604604e-17,126.5,BID
1327,1712186040.29664,55424255.63489013,123.3,0.0,126.5,BID
1328,1712186040.5256946,55428063.63489013,123.5,5.368589680476939e-07,126.5,BID
1329,1712186054.3332176,55428873.35148932,123.5,1.1415536183076625e-07,126.5,BID
1330,1712186057.2037158,55436022.17347897,123.6,1.007854305703548e-06,126.5,BID
1331,1712186057.2072632,55444691.49417323,123.5,1.2222170592424112e-06,126.5,BID
1332,1712186070.296299,55444691.49417323,123.5,0.0,126.5,BID
1333,1712186081.343578,55453674.32950891,123.5,1.2659663639933103e-06,126.5,BID
1334,1712186095.6137328,55454284.04084757,123.5,8.592766288669352e-08,126.5,BID
1335,1712186095.7734249,55455096.14757043,123.5,1.1445159091717661e-07,126.5,BID
1336,1712186100.3066154,55455096.14757043,123.5,0.0,126.5,BID
1337,1712186111.3834429,55456242.62102834,123.5,-1.6186294788967604e-07,126.5,ASK
1338,1712186112.773394,55458332.62384352,123.5,-2.950735705468037e-07,126.5,ASK
1339,1712186130.3235817,55458332.62384352,123.5,-0.0,126.5,ASK
1340,1712186143.7238362,55458800.97031544,123.3,-6.611898629598374e-08,126.5,ASK
1341,1712186160.39881,55458800.97031544,123.3,-0.0,126.5,ASK
1342,1712186181.10365,55460377.97031544,123.5,2.2263174293355738e-07,126.5,BID
1343,1712186190.4182734,55460377.97031544,123.5,0.0,126.5,BID
1344,1712186193.1935785,55465404.7029207,123.5,7.096255371314953e-07,126.5,BID
1345,1712186193.1964529,55466783.92160515,123.5,1.947047668203163e-07,126.5,BID
1346,1712186193.2289531,55473029.734543,123.5,8.817235188150342e-07,126.5,BID
1347,1712186193.2305496,55474509.76565421,123.5,2.0893649110371386e-07,126.5,BID
1348,1712186193.2383068,55479519.59791242,123.5,7.072397094404038e-07,126.5,BID
1349,1712186193.3176513,55485765.41085027,123.5,8.817235188139824e-07,126.5,BID
1350,1712186193.321154,55526999.97498571,123.5,5.821097325208423e-06,126.5,BID
1351,1712186193.4211783,55530328.78651659,123.6,4.69929446444131e-07,126.5,BID
1352,1712186193.4373033,55535002.20490107,123.6,6.597480494302243e-07,126.5,BID
1353,1712186193.4401834,55545214.96857584,123.6,1.4417392921855493e-06,126.5,BID
1354,1712186193.4536762,55548562.54111531,123.7,4.72577944352877e-07,126.5,BID
1355,1712186196.1434834,55549028.90453828,123.7,6.58366817007594e-08,126.5,BID
1356,1712186220.278697,55549028.90453828,123.7,0.0,126.5,BID
1357,1712186228.533708,55549888.75963171,123.6,-1.2119866610655574e-07,126.5,ASK
1358,1712186250.2684865,55549888.75963171,123.6,-0.0,126.5,ASK
1359,1712186280.3933263,55549888.75963171,123.6,-0.0,126.5,ASK
1360,1712186300.613557,55550697.16706905,123.7,1.1394528697093078e-07,126.5,BID
1361,1712186310.4232624,55550697.16706905,123.7,0.0,126.5,BID
1362,1712186337.383302,55550745.67151529,123.7,6.836620856622229e-09,126.5,BID
1363,1712186340.293556,55550745.67151529,123.7,0.0,126.5,BID
1364,1712186341.933461,55554787.70870203,123.7,5.697179228560109e-07,126.5,BID
1365,1712186347.093311,55554949.39018949,123.7,2.2788716913400323e-08,126.5,BID
1366,1712186363.453406,55557374.61250153,123.7,3.4183075371360653e-07,126.5,BID
1367,1712186370.289459,55557374.61250153,123.7,0.0,126.5,BID
1368,1712186373.8071527,55558991.42737622,123.7,2.2786083354775898e-07,126.5,BID
1369,1712186385.6831691,55563033.46456296,123.7,5.696520838730725e-07,126.5,BID
1370,1712186387.134992,55566897.46456296,123.7,5.445609603260045e-07,126.5,BID
1371,1712186387.2132213,55570333.06683411,123.7,4.841860434974254e-07,126.5,BID
1372,1712186400.3721702,55570333.06683411,123.7,0.0,126.5,BID
1373,1712186408.643591,55570413.90757784,123.7,1.1468475964867853e-08,126.5,BID
1374,1712186412.503086,55570818.11129651,123.7,5.734237982328229e-08,126.5,BID
1375,1712186430.2885072,55570818.11129651,123.7,0.0,126.5,BID
1376,1712186439.3149538,55573243.33360855,123.7,3.440513504111907e-07,126.5,BID
1377,1712186444.697772,55579068.68526578,123.7,8.264067563367086e-07,126.5,BID
1378,1712186460.4043765,55579068.68526578,123.7,0.0,126.5,BID
1379,1712186483.5250962,55582275.90089761,123.7,4.549220595361098e-07,126.5,BID
1380,1712186483.5289564,55595236.83401274,123.7,1.838421566586585e-06,126.5,BID
1381,1712186490.4149666,55595236.83401274,123.7,0.0,126.5,BID
1382,1712186492.9034832,55605825.32421742,123.6,-1.5014804774330102e-06,126.5,ASK
1383,1712186492.9053235,55606388.47911956,123.6,-7.985709718731426e-08,126.5,ASK
1384,1712186520.2919664,55606388.47911956,123.6,-0.0,126.5,ASK
1385,1712186550.3028572,55606388.47911956,123.6,-0.0,126.5,ASK
1386,1712186580.4551463,55606388.47911956,123.6,-0.0,126.5,ASK
1387,1712186606.827752,55616388.47911956,123.6,-1.4177536517602007e-06,126.5,ASK
1388,1712186610.4104817,55616388.47911956,123.6,-0.0,126.5,ASK
1389,1712186639.2182653,55625599.98086054,123.6,-1.3057352134834032e-06,126.5,ASK
1390,1712186639.2785592,55630600.39954986,123.6,-7.088119775039429e-07,126.5,ASK
1391,1712186639.282434,55647364.80533305,123.6,-2.3763633313839675e-06,126.5,ASK
1392,1712186639.2879465,55650800.4076042,123.6,-4.869984277388994e-07,126.5,ASK
1393,1712186639.3381062,55652171.4076042,123.5,-1.943399706176295e-07,126.5,ASK
1394,1712186640.2882652,55652171.4076042,123.5,-0.0,126.5,ASK
1395,1712186670.2950315,55652171.4076042,123.5,-0.0,126.5,ASK
1396,1712186691.0191188,55663323.05271102,123.3,-1.5797611864318103e-06,126.5,ASK
1397,1712186700.419376,55663323.05271102,123.3,-0.0,126.5,ASK
1398,1712186730.4202397,55663323.05271102,123.3,-0.0,126.5,ASK
1399,1712186740.8501112,55711919.85730953,123.6,6.916715022418315e-06,126.5,BID
1400,1712186740.8541448,55716980.98488579,123.6,7.203431877119431e-07,126.5,BID
1401,1712186740.9701338,55728062.41442079,123.6,-1.577204319663532e-06,126.5,ASK
1402,1712186740.97403,55728062.41442175,123.6,-1.367955582356519e-16,126.5,ASK
1403,1712186760.305946,55728062.41442175,123.6,-0.0,126.5,ASK
1404,1712186784.960751,55728303.52930848,123.6,3.4278504369463674e-08,126.5,BID
1405,1712186784.9647837,55751525.52930848,123.6,3.301394780140888e-06,126.5,BID
1406,1712186790.3003876,55751525.52930848,123.6,0.0,126.5,BID
1407,1712186793.190253,55751576.75705928,123.6,7.279878142536412e-09,126.5,BID
1408,1712186794.1301522,55752064.25263402,123.3,-6.927706806638123e-08,126.5,ASK
1409,1712186820.4409933,55752064.25263402,123.3,-0.0,126.5,ASK
1410,1712186850.4216993,55752064.25263402,123.3,-0.0,126.5,ASK
1411,1712186880.307213,55752064.25263402,123.3,-0.0,126.5,ASK
1412,1712186910.293725,55752064.25263402,123.3,-0.0,126.5,ASK
1413,1712186940.326505,55752064.25263402,123.3,-0.0,126.5,ASK
1414,1712186970.3273644,55752064.25263402,123.3,-0.0,126.5,ASK
1415,1712186983.402745,55756105.51476994,123.6,5.742906464156558e-07,126.5,BID
1416,1712187000.108349,55761569.67589326,123.6,7.764942035650379e-07,126.5,BID
1417,1712187000.3780637,55761569.67589326,123.6,0.0,126.5,BID
1418,1712187006.6729546,55762378.73738193,123.6,1.1527378712822228e-07,126.5,BID
1419,1712187027.6832054,55762582.15479446,123.4,-2.898258765144332e-08,126.5,ASK
1420,1712187030.3173542,55762582.15479446,123.4,-0.0,126.5,ASK
1421,1712187034.2833476,55763037.50156345,123.4,-6.487592312960818e-08,126.5,ASK
1422,1712187060.3987136,55763037.50156345,123.4,-0.0,126.5,ASK
1423,1712187071.993642,55764055.21324527,123.6,1.4499818767366116e-07,126.5,BID
1424,1712187073.4838223,55767951.21324527,123.6,5.550815120507259e-07,126.5,BID
1425,1712187077.85379,55787008.14773661,123.6,2.715131420046871e-06,126.5,BID
1426,1712187077.8581548,55806166.50241127,123.6,2.7295812323445025e-06,126.5,BID
1427,1712187077.9551475,55837878.30674655,123.6,4.518130467218861e-06,126.5,BID
1428,1712187090.423686,55837878.30674655,123.6,0.0,126.5,BID
1429,1712187120.3691475,55837878.30674655,123.6,0.0,126.5,BID
1430,1712187150.2744272,55837878.30674655,123.6,0.0,126.5,BID
1431,1712187155.1045194,55838278.30674655,123.7,5.691487806242232e-08,126.5,BID
1432,1712187157.034291,55841926.67666861,123.7,5.191163231011791e-07,126.5,BID
1433,1712187158.0943017,55845968.71385534,123.6,-5.751301340169092e-07,126.5,ASK
1434,1712187177.074577,55846009.24783593,123.6,-5.767466406039982e-09,126.5,ASK
1435,1712187180.4346592,55846009.24783593,123.6,-0.0,126.5,ASK
1436,1712187210.4110491,55846009.24783593,123.6,-0.0,126.5,ASK
1437,1712187240.2379856,55847377.24426507,123.6,-1.9462053364018738e-07,126.5,ASK
1438,1712187240.248258,55851025.42906571,123.5,-5.190157354154152e-07,126.5,ASK
1439,1712187240.298384,55851025.42906571,123.5,-0.0,126.5,ASK
1440,1712187268.355687,55857709.81743263,123.7,9.5088300874548e-07,126.5,BID
1441,1712187268.3600447,55858542.27230762,123.9,1.1842028809928061e-07,126.5,BID
1442,1712187270.30586,55858542.27230762,123.9,0.0,126.5,BID
1443,1712187300.4054997,55858542.27230762,123.9,0.0,126.5,BID
1444,1712187326.235988,55858761.54927123,123.8,3.1332644086106265e-08,126.5,BID
1445,1712187326.355796,55858817.54927123,123.8,8.001880543691117e-09,126.5,BID
1446,1712187330.415818,55858817.54927123,123.8,0.0,126.5,BID
1447,1712187360.2965472,55858817.54927123,123.8,0.0,126.5,BID
1448,1712187390.296858,55858817.54927123,123.8,0.0,126.5,BID
1449,1712187420.4173107,55858817.54927123,123.8,0.0,126.5,BID
1450,1712187420.431717,55938565.01671099,123.8,1.1395117869366055e-05,126.5,BID
1451,1712187420.4344578,55939133.04200144,123.8,8.11651497568938e-08,126.5,BID
1452,1712187450.413711,55939133.04200144,123.8,0.0,126.5,BID
1453,1712187480.2977762,55939133.04200144,123.8,0.0,126.5,BID
1454,1712187492.5178852,55939294.98532127,123.5,-2.3107255579790084e-08,126.5,ASK
1455,1712187492.5223162,55940014.97796227,123.5,-1.0273380827897148e-07,126.5,ASK
1456,1712187510.2926314,55940014.97796227,123.5,-0.0,126.5,ASK
1457,1712187540.4374013,55940014.97796227,123.5,-0.0,126.5,ASK
1458,1712187570.4177125,55940014.97796227,123.5,-0.0,126.5,ASK
1459,1712187600.3379426,55940014.97796227,123.5,-0.0,126.5,ASK
1460,1712187630.2938292,55940014.97796227,123.5,-0.0,126.5,ASK
1461,1712187634.4285517,55949006.09513867,123.5,-1.2897758558116976e-06,126.5,ASK
1462,1712187639.0810792,55963562.20393868,123.5,-2.088073964167773e-06,126.5,ASK
1463,1712187639.088502,55967221.48361058,123.5,-5.249237083538465e-07,126.5,ASK
1464,1712187660.4181943,55967221.48361058,123.5,-0.0,126.5,ASK
1465,1712187665.1377947,55967277.48361058,123.3,-8.029330525922725e-09,126.5,ASK
1466,1712187690.408092,55967277.48361058,123.3,-0.0,126.5,ASK
1467,1712187693.148081,55967383.6896122,123.3,-1.5227897261265356e-08,126.5,ASK
1468,1712187693.152523,55967887.19494924,123.3,-7.219297803914547e-08,126.5,ASK
1469,1712187706.4382193,55974806.49151348,123.7,9.920940021176578e-07,126.5,BID
1470,1712187706.4419837,55975625.49233248,123.7,1.1742896011363513e-07,126.5,BID
1471,1712187720.2636073,55975625.49233248,123.7,0.0,126.5,BID
1472,1712187750.2836452,55975625.49233248,123.7,0.0,126.5,BID
1473,1712187758.798337,55976190.30235673,123.6,8.097090482228329e-08,126.5,BID
1474,1712187769.978456,55977765.65607594,123.6,2.258419832932489e-07,126.5,BID
1475,1712187770.0583231,55978616.273837,123.6,-1.21944170277178e-07,126.5,ASK
1476,1712187780.4289234,55978616.273837,123.6,-0.0,126.5,ASK
1477,1712187810.4453163,55978616.273837,123.6,-0.0,126.5,ASK
1478,1712187840.2821558,55978616.273837,123.6,-0.0,126.5,ASK
1479,1712187870.3091714,55978616.273837,123.6,-0.0,126.5,ASK
1480,1712187877.1298993,55981116.48318166,123.4,-3.584098658960737e-07,126.5,ASK
1481,1712187879.3958926,55992151.27575106,123.4,-1.5818589485044757e-06,126.5,ASK
1482,1712187900.3300428,55992151.27575106,123.4,-0.0,126.5,ASK
1483,1712187902.848994,55992986.09816511,123.5,-1.2073102286158778e-07,126.5,ASK
1484,1712187903.4091184,56002145.36372731,123.5,-1.3246020727009442e-06,126.5,ASK
1485,1712187918.9294505,56004217.18433947,123.4,-2.996242284382351e-07,126.5,ASK
1486,1712187930.3026855,56004217.18433947,123.4,-0.0,126.5,ASK
1487,1712187936.377118,56005345.65733228,123.6,1.631632625306167e-07,126.5,BID
1488,1712187936.3855388,56007221.18433947,123.5,2.711780498143995e-07,126.5,BID
1489,1712187960.4387984,56007221.18433947,123.5,0.0,126.5,BID
1490,1712187967.5093668,56007972.52451212,123.4,-1.0862868411122968e-07,126.5,ASK
1491,1712187990.4096432,56007972.52451212,123.4,-0.0,126.5,ASK
1492,1712187991.0592954,56008781.58600079,123.6,1.1697245799588225e-07,126.5,BID
1493,1712188020.3400924,56008781.58600079,123.6,0.0,126.5,BID
1494,1712188049.3593698,56008866.6062437,123.5,1.2291875401798637e-08,126.5,BID
1495,1712188050.2997255,56008866.6062437,123.5,0.0,126.5,BID
1496,1712188058.1898224,56008916.6062437,123.5,7.228782418098494e-09,126.5,BID
1497,1712188080.4256568,56008916.6062437,123.5,0.0,126.5,BID
1498,1712188081.0906253,56012965.18923965,123.5,5.853259890344018e-07,126.5,BID
1499,1712188081.0952497,56041319.25017608,123.5,4.099303083907167e-06,126.5,BID
1500,1712188084.779781,56058413.08677909,123.5,-2.4713503035640625e-06,126.5,ASK
1501,1712188110.430278,56058413.08677909,123.5,-0.0,126.5,ASK
1502,1712188118.0600405,56058576.4854719,123.5,-2.3602591756430592e-08,126.5,ASK
1503,1712188130.020028,56058654.6104719,123.5,-1.1284989183640912e-08,126.5,ASK
1504,1712188140.3056664,56058654.6104719,123.5,-0.0,126.5,ASK
1505,1712188170.31735,56058654.6104719,123.5,-0.0,126.5,ASK
1506,1712188171.1813345,56061648.52249289,123.7,4.324623257893462e-07,126.5,BID
1507,1712188171.1836932,56070639.63966929,123.6,1.298742053300574e-06,126.5,BID
1508,1712188200.305873,56070639.63966929,123.6,0.0,126.5,BID
1509,1712188202.0713308,56071639.63966929,123.6,-1.4619929104111984e-07,126.5,ASK
1510,1712188224.1706524,56071704.36458838,123.6,9.462737283386469e-09,126.5,BID
1511,1712188230.2936935,56071704.36458838,123.6,0.0,126.5,BID
1512,1712188230.9114046,56131292.38560666,123.5,-8.711558818534151e-06,126.5,ASK
1513,1712188230.9161758,56136481.6925236,123.5,-7.586583957949423e-07,126.5,ASK
1514,1712188260.4304612,56136481.6925236,123.5,-0.0,126.5,ASK
1515,1712188290.4308324,56136481.6925236,123.5,-0.0,126.5,ASK
1516,1712188302.571848,56136563.32517666,123.5,-1.1920464548513376e-08,126.5,ASK
1517,1712188314.9614532,56136663.32517666,123.5,-1.46025690712489e-08,126.5,ASK
1518,1712188314.9663131,56144347.8511937,123.5,-1.12213821943636e-06,126.5,ASK
1519,1712188320.324926,56144347.8511937,123.5,-0.0,126.5,ASK
1520,1712188350.3022249,56144347.8511937,123.5,-0.0,126.5,ASK
1521,1712188354.4013555,56145810.33791794,123.4,-2.1353034272144565e-07,126.5,ASK
1522,1712188367.4476488,56145860.33791794,123.4,-7.300248924759375e-09,126.5,ASK
1523,1712188367.4515457,56155448.55404642,123.4,-1.399927289646431e-06,126.5,ASK
1524,1712188367.4552925,56162129.60839055,123.4,-9.75467195839163e-07,126.5,ASK
1525,1712188380.4418492,56162129.60839055,123.4,-0.0,126.5,ASK
1526,1712188410.4316676,56162129.60839055,123.4,-0.0,126.5,ASK
1527,1712188419.2656648,56163779.85730755,123.4,-2.4086738994793815e-07,126.5,ASK
1528,1712188420.891704,56163779.85730831,123.4,-1.1092229306463727e-16,126.5,ASK
1529,1712188440.3056073,56163779.85730831,123.4,-0.0,126.5,ASK
1530,1712188465.291497,56187001.85730831,123.3,-3.3893409795180703e-06,126.5,ASK
1531,1712188466.117929,56188683.85730831,123.3,2.454944245779603e-07,126.5,BID
1532,1712188466.5715544,56191186.85730831,123.3,3.65322559285752e-07,126.5,BID
1533,1712188470.2915628,56191186.85730831,123.3,0.0,126.5,BID
1534,1712188489.4708571,56200177.97448471,123.1,-1.311641501837848e-06,126.5,ASK
1535,1712188489.6312044,56200594.99122802,123.5,6.08352062102119e-08,126.5,BID
1536,1712188489.642197,56206263.00742235,123.5,8.268611261218513e-07,126.5,BID
1537,1712188489.6458983,56262674.43747525,123.8,8.229408135134774e-06,126.5,BID
1538,1712188489.6497388,56268165.43747525,123.7,8.010376625384447e-07,126.5,BID
1539,1712188489.6534767,56269247.5186546,123.3,1.5785608788633398e-07,126.5,BID
1540,1712188489.6575816,56273317.97689269,123.4,5.93806292569303e-07,126.5,BID
1541,1712188489.661369,56296539.97689269,123.6,3.387670114636271e-06,126.5,BID
1542,1712188489.6636915,56311959.97689269,123.7,2.2494993182194168e-06,126.5,BID
1543,1712188489.6658554,56366549.01974248,123.9,7.963554777747225e-06,126.5,BID
1544,1712188489.6680222,56387191.30465888,123.8,3.011336306480856e-06,126.5,BID
1545,1712188489.670194,56402718.9322127,123.9,2.265200233196141e-06,126.5,BID
1546,1712188491.480906,56403606.02898689,124.0,1.2941138707759684e-07,126.5,BID
1547,1712188491.7263474,56403863.48896658,124.0,3.755875802633301e-08,126.5,BID
1548,1712188491.7302349,56404027.34142558,124.0,2.3903112504708028e-08,126.5,BID
1549,1712188491.734006,56404089.89995463,124.0,9.126158783715353e-09,126.5,BID
1550,1712188500.4278708,56404089.89995463,124.0,0.0,126.5,BID
1551,1712188524.9398098,56412160.9249748,123.9,1.1777183209054513e-06,126.5,BID
1552,1712188530.4268038,56412160.9249748,123.9,0.0,126.5,BID
1553,1712188540.0951772,56419569.89995463,123.9,1.080954710326491e-06,126.5,BID
1554,1712188540.1560647,56432699.55519368,123.9,-1.915590579566189e-06,126.5,ASK
1555,1712188540.1599562,56452516.05007568,123.9,-2.8911871808406167e-06,126.5,ASK
1556,1712188541.379701,56476211.44959141,123.8,3.4571116503052224e-06,126.5,BID
