,time,acc_trade_volume,trade_price,dev,high,ask_bid
0,1712173460.296761,20926.90555438,167350.0,0.0,173000.0,BID
1,1712173470.7625413,20926.90555438,167350.0,0.0,173000.0,BID
2,1712173500.5623777,20926.90555438,167350.0,0.0,173000.0,BID
3,1712173530.5322163,20926.90555438,167350.0,0.0,173000.0,BID
4,1712173560.773688,20926.90555438,167350.0,0.0,173000.0,BID
5,1712173577.5425625,20926.95221906,167150.0,-1.1676934195459539e-11,173000.0,ASK
6,1712173590.7728028,20926.95221906,167150.0,-0.0,173000.0,ASK
7,1712173620.5348625,20926.95221906,167150.0,-0.0,173000.0,ASK
8,1712173650.5352387,20926.95221906,167150.0,-0.0,173000.0,ASK
9,1712173680.7637837,20926.95221906,167150.0,-0.0,173000.0,ASK
10,1712173710.7720823,20926.95221906,167150.0,-0.0,173000.0,ASK
11,1712173740.5224085,20926.95221906,167150.0,-0.0,173000.0,ASK
12,1712173770.5422173,20926.95221906,167150.0,-0.0,173000.0,ASK
13,1712173800.55196,20926.95221906,167150.0,-0.0,173000.0,ASK
14,1712173830.493213,20926.95221906,167150.0,-0.0,173000.0,ASK
15,1712173860.782574,20926.95221906,167150.0,-0.0,173000.0,ASK
16,1712173890.7734363,20926.95221906,167150.0,-0.0,173000.0,ASK
17,1712173920.5130808,20926.95221906,167150.0,-0.0,173000.0,ASK
18,1712173950.5278037,20926.95221906,167150.0,-0.0,173000.0,ASK
19,1712173980.7717996,20926.95221906,167150.0,-0.0,173000.0,ASK
20,1712174010.782015,20926.95221906,167150.0,-0.0,173000.0,ASK
21,1712174040.5137608,20926.95221906,167150.0,-0.0,173000.0,ASK
22,1712174070.5368123,20926.95221906,167150.0,-0.0,173000.0,ASK
23,1712174100.792305,20926.95221906,167150.0,-0.0,173000.0,ASK
24,1712174130.7619808,20926.95221906,167150.0,-0.0,173000.0,ASK
25,1712174160.562426,20926.95221906,167150.0,-0.0,173000.0,ASK
26,1712174190.572043,20926.95221906,167150.0,-0.0,173000.0,ASK
27,1712174220.5724983,20926.95221906,167150.0,-0.0,173000.0,ASK
28,1712174250.565388,20926.95221906,167150.0,-0.0,173000.0,ASK
29,1712174280.7726402,20926.95221906,167150.0,-0.0,173000.0,ASK
30,1712174310.7854648,20926.95221906,167150.0,-0.0,173000.0,ASK
31,1712174340.4847393,20926.95221906,167150.0,-0.0,173000.0,ASK
32,1712174370.5754116,20926.95221906,167150.0,-0.0,173000.0,ASK
33,1712174400.604072,20926.95221906,167150.0,-0.0,173000.0,ASK
34,1712174430.513323,20926.95221906,167150.0,-0.0,173000.0,ASK
35,1712174435.7529216,20928.77270658,167250.0,-4.5739651324348784e-10,173000.0,ASK
36,1712174460.7548363,20928.77270658,167250.0,-0.0,173000.0,ASK
37,1712174490.7629218,20928.77270658,167250.0,-0.0,173000.0,ASK
38,1712174520.5232117,20928.77270658,167250.0,-0.0,173000.0,ASK
39,1712174550.5054426,20928.77270658,167250.0,-0.0,173000.0,ASK
40,1712174557.423279,20931.12304611,167150.0,-5.90476375459346e-10,173000.0,ASK
41,1712174557.4249897,20934.06770658,167150.0,-7.397877706995941e-10,173000.0,ASK
42,1712174578.9631877,20935.60170658,167150.0,-3.8538719550644414e-10,173000.0,ASK
43,1712174580.745106,20935.60170658,167150.0,-0.0,173000.0,ASK
44,1712174587.7430973,20936.36870658,167150.0,-1.9263835463616927e-10,173000.0,ASK
45,1712174598.5544977,20936.40404611,167150.0,-8.875813445851343e-12,173000.0,ASK
46,1712174598.5717072,20936.75270658,167150.0,-8.756894298173436e-11,173000.0,ASK
47,1712174605.8231864,20936.86875885,167150.0,-2.914748154472989e-11,173000.0,ASK
48,1712174610.7754583,20936.86875885,167150.0,-0.0,173000.0,ASK
49,1712174613.073563,20937.00275885,167150.0,-3.365341136187465e-11,173000.0,ASK
50,1712174618.2733164,20937.01649956,167150.0,-3.450908701038788e-12,173000.0,ASK
51,1712174618.2741678,20937.06975885,167150.0,-1.3375796979441706e-11,173000.0,ASK
52,1712174618.5142918,20937.07691236,167150.0,-1.79656727384614e-12,173000.0,ASK
53,1712174640.4879167,20937.07691236,167150.0,-0.0,173000.0,ASK
54,1712174669.9038005,20937.13670309,167100.0,-1.5016003358718692e-11,173000.0,ASK
55,1712174670.514931,20937.13670309,167100.0,-0.0,173000.0,ASK
56,1712174700.7632668,20937.13670309,167100.0,-0.0,173000.0,ASK
57,1712174730.787778,20937.13670309,167100.0,-0.0,173000.0,ASK
58,1712174760.523458,20937.13670309,167100.0,-0.0,173000.0,ASK
59,1712174790.51499,20937.13670309,167100.0,-0.0,173000.0,ASK
60,1712174820.786054,20937.13670309,167100.0,-0.0,173000.0,ASK
61,1712174850.776846,20937.13670309,167100.0,-0.0,173000.0,ASK
62,1712174880.514548,20937.13670309,167100.0,-0.0,173000.0,ASK
63,1712174899.2437062,20937.18663256,166650.0,-1.2617971175480602e-11,173000.0,ASK
64,1712174910.503875,20937.18663256,166650.0,-0.0,173000.0,ASK
65,1712174927.217085,20937.2579132,166550.0,-1.8013713537291143e-11,173000.0,ASK
66,1712174940.7933943,20937.2579132,166550.0,-0.0,173000.0,ASK
67,1712174970.755346,20937.2579132,166550.0,-0.0,173000.0,ASK
68,1712175000.5795782,20937.2579132,166550.0,-0.0,173000.0,ASK
69,1712175030.5755937,20937.2579132,166550.0,-0.0,173000.0,ASK
70,1712175060.7735178,20937.2579132,166550.0,-0.0,173000.0,ASK
71,1712175084.0435278,20943.16458774,166950.0,-1.4939737748300067e-09,173000.0,ASK
72,1712175090.7685893,20943.16458774,166950.0,-0.0,173000.0,ASK
73,1712175120.5364852,20943.16458774,166950.0,-0.0,173000.0,ASK
74,1712175150.5235968,20943.16458774,166950.0,-0.0,173000.0,ASK
75,1712175180.7635555,20943.16458774,166950.0,-0.0,173000.0,ASK
76,1712175205.8239243,20944.62417084,167200.0,-3.690799479149327e-10,173000.0,ASK
77,1712175205.833419,20953.32417084,167150.0,-2.199940206801188e-09,173000.0,ASK
78,1712175205.8349664,20961.97663439,166950.0,-2.187919822015988e-09,173000.0,ASK
79,1712175210.7871044,20961.97663439,166950.0,-0.0,173000.0,ASK
80,1712175240.5263045,20961.97663439,166950.0,-0.0,173000.0,ASK
81,1712175254.3534236,20962.01603497,167000.0,-9.955182848571697e-12,173000.0,ASK
82,1712175270.5349507,20962.01603497,167000.0,-0.0,173000.0,ASK
83,1712175300.5640802,20962.01603497,167000.0,-0.0,173000.0,ASK
84,1712175330.5237114,20962.01603497,167000.0,-0.0,173000.0,ASK
85,1712175360.787213,20962.01603497,167000.0,-0.0,173000.0,ASK
86,1712175389.4238434,20973.75603497,167000.0,-2.966423318610197e-09,173000.0,ASK
87,1712175389.425777,20974.3550167,166950.0,-1.5134866876428858e-10,173000.0,ASK
88,1712175389.4277108,21183.93713086,166900.0,-5.2956496644629766e-08,173000.0,ASK
89,1712175390.77499,21183.93713086,166900.0,-0.0,173000.0,ASK
90,1712175392.5134568,21183.99390998,166850.0,-1.421372746854088e-11,173000.0,ASK
91,1712175393.380577,21184.09390998,167300.0,-2.5033370486541788e-11,173000.0,ASK
92,1712175405.183407,21184.94099546,167300.0,2.1205404654142327e-10,173000.0,BID
93,1712175407.1734097,21185.69495354,167300.0,1.8874111947557296e-10,173000.0,BID
94,1712175410.1859386,21187.68575354,167300.0,4.983643396350901e-10,173000.0,BID
95,1712175410.446524,21188.86346327,167300.0,2.9482043996053084e-10,173000.0,BID
96,1712175420.525548,21188.86346327,167300.0,0.0,173000.0,BID
97,1712175450.533522,21188.86346327,167300.0,0.0,173000.0,BID
98,1712175480.753348,21188.86346327,167300.0,0.0,173000.0,BID
99,1712175510.7657337,21188.86346327,167300.0,0.0,173000.0,BID
100,1712175540.5117328,21188.86346327,167300.0,0.0,173000.0,BID
101,1712175548.343287,21189.06346327,167300.0,5.0056413707999115e-11,173000.0,BID
102,1712175570.5838373,21189.06346327,167300.0,0.0,173000.0,BID
103,1712175600.568445,21189.06346327,167300.0,0.0,173000.0,BID
104,1712175625.223256,21190.16373272,167200.0,2.756260605326646e-10,173000.0,BID
105,1712175630.4858966,21190.16373272,167200.0,0.0,173000.0,BID
106,1712175660.7737842,21190.16373272,167200.0,0.0,173000.0,BID
107,1712175690.776032,21190.16373272,167200.0,0.0,173000.0,BID
108,1712175695.923293,21191.48943271,167000.0,3.3208286137819434e-10,173000.0,BID
109,1712175699.9034276,21192.47910834,167000.0,2.47910023026175e-10,173000.0,BID
110,1712175720.5231996,21192.47910834,167000.0,0.0,173000.0,BID
111,1712175750.505821,21192.47910834,167000.0,0.0,173000.0,BID
112,1712175752.7838602,21193.47896834,167050.0,2.5043691238466715e-10,173000.0,BID
113,1712175780.7632592,21193.47896834,167050.0,0.0,173000.0,BID
114,1712175810.7575257,21193.47896834,167050.0,0.0,173000.0,BID
115,1712175840.5334136,21193.47896834,167050.0,0.0,173000.0,BID
116,1712175870.5548615,21193.47896834,167050.0,0.0,173000.0,BID
117,1712175900.7730243,21193.47896834,167050.0,0.0,173000.0,BID
118,1712175930.7793052,21193.47896834,167050.0,0.0,173000.0,BID
119,1712175960.510211,21193.47896834,167050.0,0.0,173000.0,BID
120,1712175990.533352,21193.47896834,167050.0,0.0,173000.0,BID
121,1712176020.771534,21193.47896834,167050.0,0.0,173000.0,BID
122,1712176050.7734094,21193.47896834,167050.0,0.0,173000.0,BID
123,1712176080.5321305,21193.47896834,167050.0,0.0,173000.0,BID
124,1712176098.893294,21194.76835723,167350.0,3.2302356151140366e-10,173000.0,BID
125,1712176104.4729152,21196.17349603,167350.0,3.5202175473450527e-10,173000.0,BID
126,1712176110.5629814,21196.17349603,167350.0,0.0,173000.0,BID
127,1712176117.1229472,21196.47227105,167350.0,7.484202032007308e-11,173000.0,BID
128,1712176128.2433114,21197.30233811,167350.0,2.0792868082266877e-10,173000.0,BID
129,1712176140.783996,21197.30233811,167350.0,0.0,173000.0,BID
130,1712176170.7746167,21197.30233811,167350.0,0.0,173000.0,BID
131,1712176200.8687046,21197.30233811,167350.0,0.0,173000.0,BID
132,1712176227.714851,21197.37083538,167050.0,-1.7209363054433546e-11,173000.0,ASK
133,1712176230.7680054,21197.37083538,167050.0,-0.0,173000.0,ASK
134,1712176236.34864,21198.25183538,167050.0,-2.2134320483993142e-10,173000.0,ASK
135,1712176237.7552192,21198.49958444,167050.0,-6.224468891746748e-11,173000.0,ASK
136,1712176248.1657922,21198.53359764,166950.0,-8.54550589611184e-12,173000.0,ASK
137,1712176248.1679254,21198.84558444,166950.0,-7.838383448392538e-11,173000.0,ASK
138,1712176249.225277,21199.1322208,166950.0,-7.201476792881085e-11,173000.0,ASK
139,1712176256.0584414,21202.3742208,166950.0,8.145228945408702e-10,173000.0,BID
140,1712176260.5353374,21202.3742208,166950.0,0.0,173000.0,BID
141,1712176262.8795187,21203.64133651,166950.0,3.182844451349622e-10,173000.0,BID
142,1712176264.2263014,21204.66095711,166950.0,2.5611660747137115e-10,173000.0,BID
143,1712176270.3661225,21205.74408704,166950.0,2.720693982855413e-10,173000.0,BID
144,1712176270.3687904,21207.06813874,166950.0,3.325860908665584e-10,173000.0,BID
145,1712176270.5356183,21209.44744674,166950.0,5.976539637286208e-10,173000.0,BID
146,1712176270.5491977,21211.72450395,166950.0,5.719697774288004e-10,173000.0,BID
147,1712176271.4760706,21212.92153794,166950.0,3.0068074786511764e-10,173000.0,BID
148,1712176274.1470416,21213.98074899,166950.0,2.6606125918034145e-10,173000.0,BID
149,1712176290.5446303,21213.98074899,166950.0,0.0,173000.0,BID
150,1712176307.01657,21214.1604435,166950.0,4.5115171799429206e-11,173000.0,BID
151,1712176320.7787888,21214.1604435,166950.0,0.0,173000.0,BID
152,1712176350.7836058,21214.1604435,166950.0,0.0,173000.0,BID
153,1712176380.562755,21214.1604435,166950.0,0.0,173000.0,BID
154,1712176405.7085822,21214.22048552,166550.0,-1.507439289564553e-11,173000.0,ASK
155,1712176405.7112966,21217.93208355,166350.0,-9.318488447909191e-10,173000.0,ASK
156,1712176410.5452971,21217.93208355,166350.0,-0.0,173000.0,ASK
157,1712176440.7788,21217.93208355,166350.0,-0.0,173000.0,ASK
158,1712176470.7627783,21217.93208355,166350.0,-0.0,173000.0,ASK
159,1712176500.5236332,21217.93208355,166350.0,-0.0,173000.0,ASK
160,1712176530.5396168,21217.93208355,166350.0,-0.0,173000.0,ASK
161,1712176530.63454,21229.73208355,166250.0,-2.962225790609788e-09,173000.0,ASK
162,1712176530.6367354,21231.13608233,166200.0,-3.5245435560147313e-10,173000.0,ASK
163,1712176530.647639,21231.1962508,166200.0,-1.510445708640734e-11,173000.0,ASK
164,1712176538.290306,21231.7376008,166250.0,-1.3589838404620842e-10,173000.0,ASK
165,1712176538.292612,21233.49875604,166200.0,-4.421135146779304e-10,173000.0,ASK
166,1712176556.150313,21234.91613246,166400.0,3.5581262595952004e-10,173000.0,BID
167,1712176558.3804598,21235.73299723,166400.0,2.0506253297761406e-10,173000.0,BID
168,1712176560.780533,21235.73299723,166400.0,0.0,173000.0,BID
169,1712176590.8012435,21235.73299723,166400.0,0.0,173000.0,BID
170,1712176592.6586697,21237.1622803,166500.0,3.585352472898081e-10,173000.0,BID
171,1712176620.5813322,21237.1622803,166500.0,0.0,173000.0,BID
172,1712176646.4912412,21265.1622803,166500.0,7.023372683855638e-09,173000.0,BID
173,1712176650.5269208,21265.1622803,166500.0,0.0,173000.0,BID
174,1712176674.38164,21265.20126302,166500.0,9.76679917330878e-12,173000.0,BID
175,1712176674.391492,21265.22232138,166650.0,5.275998519714346e-12,173000.0,BID
176,1712176680.7818294,21265.22232138,166650.0,0.0,173000.0,BID
177,1712176710.792472,21265.22232138,166650.0,0.0,173000.0,BID
178,1712176740.5312536,21265.22232138,166650.0,0.0,173000.0,BID
179,1712176770.5428903,21265.22232138,166650.0,0.0,173000.0,BID
180,1712176800.5831869,21265.22232138,166650.0,0.0,173000.0,BID
181,1712176814.5828896,21265.28291543,166650.0,1.519214300535874e-11,173000.0,BID
182,1712176830.5142868,21265.28291543,166650.0,0.0,173000.0,BID
183,1712176860.775124,21265.28291543,166650.0,0.0,173000.0,BID
184,1712176890.7949305,21265.28291543,166650.0,0.0,173000.0,BID
185,1712176920.5130694,21265.28291543,166650.0,0.0,173000.0,BID
186,1712176950.5638244,21265.28291543,166650.0,0.0,173000.0,BID
187,1712176970.5708294,21265.31902737,166150.0,-9.053964335387959e-12,173000.0,ASK
188,1712176973.0740602,21265.43943676,166100.0,-3.018897137113985e-11,173000.0,ASK
189,1712176973.6939335,21265.77872476,166100.0,8.506608760683016e-11,173000.0,BID
190,1712176980.5585804,21265.77872476,166100.0,0.0,173000.0,BID
191,1712176995.6646614,21265.77872496,166100.0,5.014322870544548e-17,173000.0,BID
192,1712177006.094306,21266.35793135,166100.0,1.4521528666648108e-10,173000.0,BID
193,1712177007.9442718,21278.31716435,166100.0,2.998349946387206e-09,173000.0,BID
194,1712177010.5442362,21278.31716435,166100.0,0.0,173000.0,BID
195,1712177011.1230116,21279.03743142,166100.0,1.8048696648376847e-10,173000.0,BID
196,1712177011.1750169,21286.12272342,166100.0,1.775456511883941e-09,173000.0,BID
197,1712177040.7745888,21286.12272342,166100.0,0.0,173000.0,BID
198,1712177070.7913852,21286.12272342,166100.0,0.0,173000.0,BID
199,1712177100.575093,21286.12272342,166100.0,0.0,173000.0,BID
200,1712177130.5462563,21286.12272342,166100.0,0.0,173000.0,BID
201,1712177139.6355834,21286.1227241,166100.0,1.708936513634492e-16,173000.0,BID
202,1712177155.4950807,21300.75849318,166200.0,-3.678176039862451e-09,173000.0,ASK
203,1712177160.5652738,21300.75849318,166200.0,-0.0,173000.0,ASK
204,1712177190.5225525,21300.75849318,166200.0,-0.0,173000.0,ASK
205,1712177211.9953506,21301.47702008,166550.0,1.804656646780428e-10,173000.0,BID
206,1712177220.7769468,21301.47702008,166550.0,0.0,173000.0,BID
207,1712177250.7756276,21301.47702008,166550.0,0.0,173000.0,BID
208,1712177280.580417,21301.47702008,166550.0,0.0,173000.0,BID
209,1712177310.5425613,21301.47702008,166550.0,0.0,173000.0,BID
210,1712177340.8163283,21301.47702008,166550.0,0.0,173000.0,BID
211,1712177370.8006558,21301.47702008,166550.0,0.0,173000.0,BID
212,1712177391.6465597,21302.07618125,166900.0,1.5048117048173068e-10,173000.0,BID
213,1712177400.5664213,21302.07618125,166900.0,0.0,173000.0,BID
214,1712177430.54573,21302.07618125,166900.0,0.0,173000.0,BID
215,1712177460.8068385,21302.07618125,166900.0,0.0,173000.0,BID
216,1712177490.8017206,21302.07618125,166900.0,0.0,173000.0,BID
217,1712177520.5470216,21302.07618125,166900.0,0.0,173000.0,BID
218,1712177550.570883,21302.07618125,166900.0,0.0,173000.0,BID
219,1712177568.6768937,21307.9516219,166200.0,-1.477666678735165e-09,173000.0,ASK
220,1712177580.787947,21307.9516219,166200.0,-0.0,173000.0,ASK
221,1712177610.8021142,21307.9516219,166200.0,-0.0,173000.0,ASK
222,1712177640.5478446,21307.9516219,166200.0,-0.0,173000.0,ASK
223,1712177670.5476863,21307.9516219,166200.0,-0.0,173000.0,ASK
224,1712177700.7773235,21307.9516219,166200.0,-0.0,173000.0,ASK
225,1712177730.8274894,21307.9516219,166200.0,-0.0,173000.0,ASK
226,1712177760.5527723,21307.9516219,166200.0,-0.0,173000.0,ASK
227,1712177790.5315218,21307.9516219,166200.0,-0.0,173000.0,ASK
228,1712177814.0052028,21309.02279906,166750.0,2.704981451434653e-10,173000.0,BID
229,1712177814.157536,21309.97771579,166750.0,2.41139574177696e-10,173000.0,BID
230,1712177820.5881166,21309.97771579,166750.0,0.0,173000.0,BID
231,1712177830.677765,21315.83380027,166750.0,1.47867683825591e-09,173000.0,BID
232,1712177850.557403,21315.83380027,166750.0,0.0,173000.0,BID
233,1712177880.7877662,21315.83380027,166750.0,0.0,173000.0,BID
234,1712177910.7946637,21315.83380027,166750.0,0.0,173000.0,BID
235,1712177940.5236585,21315.83380027,166750.0,0.0,173000.0,BID
236,1712177970.5226662,21315.83380027,166750.0,0.0,173000.0,BID
237,1712178000.6982408,21315.83380027,166750.0,0.0,173000.0,BID
238,1712178030.5612533,21315.83380027,166750.0,0.0,173000.0,BID
239,1712178060.7803507,21315.83380027,166750.0,0.0,173000.0,BID
240,1712178090.7939284,21315.83380027,166750.0,0.0,173000.0,BID
241,1712178106.9088542,21316.37483027,166350.0,-1.3692566036108144e-10,173000.0,ASK
242,1712178106.911681,21316.42080027,166300.0,-1.1634239518488374e-11,173000.0,ASK
243,1712178120.56898,21316.42080027,166300.0,-0.0,173000.0,ASK
244,1712178143.1671104,21316.54987972,166200.0,-3.2667046500169914e-11,173000.0,ASK
245,1712178143.1684568,21317.13780027,166300.0,-1.4878919878363322e-10,173000.0,ASK
246,1712178148.7785923,21317.52780027,166200.0,-9.870004973573643e-11,173000.0,ASK
247,1712178150.5666063,21317.52780027,166200.0,-0.0,173000.0,ASK
248,1712178154.4195282,21317.72280027,166200.0,-4.934772640596333e-11,173000.0,ASK
249,1712178160.047297,21317.81980027,166200.0,-2.4547330571605848e-11,173000.0,ASK
250,1712178180.7987316,21317.81980027,166200.0,-0.0,173000.0,ASK
251,1712178190.6544344,21317.85455866,166200.0,-8.796033101197799e-12,173000.0,ASK
252,1712178190.8190649,21318.38771154,166100.0,-1.34920817115896e-10,173000.0,ASK
253,1712178190.820428,21318.45055866,166150.0,-1.5904227665027016e-11,173000.0,ASK
254,1712178195.0900936,21318.87806164,166050.0,-1.0818482567596607e-10,173000.0,ASK
255,1712178195.098408,21319.47355866,166100.0,-1.506977595784466e-10,173000.0,ASK
256,1712178199.3450265,21325.62873727,166000.0,-1.557642767602705e-09,173000.0,ASK
257,1712178199.3516047,21326.65267963,166050.0,-2.5912106090707633e-10,173000.0,ASK
258,1712178210.7781084,21326.65267963,166050.0,-0.0,173000.0,ASK
259,1712178226.7347486,21330.49750102,166000.0,-9.72617845325757e-10,173000.0,ASK
260,1712178226.7364855,21331.56867963,166000.0,-2.7097420814573216e-10,173000.0,ASK
261,1712178240.5552986,21331.56867963,166000.0,-0.0,173000.0,ASK
262,1712178244.3417597,21331.62892059,166000.0,-1.5235906657850808e-11,173000.0,ASK
263,1712178244.3470762,21333.55774198,166000.0,-4.878299193418844e-10,173000.0,ASK
264,1712178244.3493323,21335.76438026,166000.0,-5.58094274425954e-10,173000.0,ASK
265,1712178245.195017,21336.36376607,166000.0,-1.5159430150629509e-10,173000.0,ASK
266,1712178246.4180143,21337.88305931,166000.0,3.8425367043717804e-10,173000.0,BID
267,1712178247.695438,21337.9313826,165950.0,-1.222173643735106e-11,173000.0,ASK
268,1712178247.6968372,21338.00363778,165950.0,-1.8274495924669065e-11,173000.0,ASK
269,1712178251.740739,21338.06363778,165900.0,-1.5174964002837443e-11,173000.0,ASK
270,1712178251.7429216,21339.69423333,165900.0,-4.124038128980956e-10,173000.0,ASK
271,1712178256.8072274,21341.06363778,165900.0,-3.4634438722721457e-10,173000.0,ASK
272,1712178256.8097515,21342.01660643,165900.0,-2.4102108265421953e-10,173000.0,ASK
273,1712178256.8127515,21344.67532478,165850.0,-6.72432587567908e-10,173000.0,ASK
274,1712178256.8157165,21344.97532478,165850.0,-7.587482001234701e-11,173000.0,ASK
275,1712178261.2677464,21351.49363025,165950.0,1.64858418107628e-09,173000.0,BID
276,1712178261.275865,21351.91408178,165950.0,1.0633894720932608e-10,173000.0,BID
277,1712178261.3465009,21351.91408226,165950.0,1.2139934827274502e-16,173000.0,BID
278,1712178270.534067,21351.91408226,165950.0,0.0,173000.0,BID
279,1712178300.777351,21351.91408226,165950.0,0.0,173000.0,BID
280,1712178302.2860394,21352.11408226,166000.0,-5.0568353201109397e-11,173000.0,ASK
281,1712178306.7058082,21352.14826626,165900.0,-8.643142929126369e-12,173000.0,ASK
282,1712178307.722343,21362.33954791,165850.0,-2.5767816502367395e-09,173000.0,ASK
283,1712178320.3553283,21362.87554791,165800.0,-1.355231865784949e-10,173000.0,ASK
284,1712178330.8004353,21362.87554791,165800.0,-0.0,173000.0,ASK
285,1712178337.8547542,21363.14354791,165800.0,-6.773046049372419e-11,173000.0,ASK
286,1712178340.1514869,21363.29214157,165800.0,-3.755342170992356e-11,173000.0,ASK
287,1712178344.804584,21363.35214157,165750.0,-1.5163535931760134e-11,173000.0,ASK
288,1712178344.8062174,21363.41247339,165750.0,-1.5247395338977967e-11,173000.0,ASK
289,1712178344.8202243,21365.13214157,165700.0,-4.346041706264592e-10,173000.0,ASK
290,1712178352.004649,21365.40713129,165700.0,-6.949694166682121e-11,173000.0,ASK
291,1712178352.007217,21366.8860147,165700.0,-3.737516954321527e-10,173000.0,ASK
292,1712178355.275406,21366.9199147,165600.0,-8.567397800888232e-12,173000.0,ASK
293,1712178355.2786052,21366.9799147,165700.0,-1.5163535931760134e-11,173000.0,ASK
294,1712178355.2887564,21367.25125427,165600.0,-6.857445532126246e-11,173000.0,ASK
295,1712178355.291148,21367.2780147,165700.0,-6.763045698048796e-12,173000.0,ASK
296,1712178360.5398042,21367.2780147,165700.0,-0.0,173000.0,ASK
297,1712178364.743997,21369.08578812,165950.0,4.56786404825873e-10,173000.0,BID
298,1712178383.524113,21369.42016817,165700.0,8.449082124764363e-11,173000.0,BID
299,1712178383.783558,21369.75287841,165700.0,8.406889530352546e-11,173000.0,BID
300,1712178384.7439418,21370.11211369,165600.0,-9.077121625025096e-11,173000.0,ASK
301,1712178390.5861492,21370.11211369,165600.0,-0.0,173000.0,ASK
302,1712178393.4758978,21370.14219792,166200.0,7.600750856093861e-12,173000.0,BID
303,1712178420.5538158,21370.14219792,166200.0,0.0,173000.0,BID
304,1712178450.512524,21370.14219792,166200.0,0.0,173000.0,BID
305,1712178480.7831192,21370.14219792,166200.0,0.0,173000.0,BID
306,1712178510.7876194,21370.14219792,166200.0,0.0,173000.0,BID
307,1712178540.532404,21370.14219792,166200.0,0.0,173000.0,BID
308,1712178556.5803711,21371.08361608,165750.0,2.378480634808773e-10,173000.0,BID
309,1712178561.690735,21374.09385087,165750.0,7.605318718556773e-10,173000.0,BID
310,1712178570.5463138,21374.09385087,165750.0,0.0,173000.0,BID
311,1712178600.5528336,21374.09385087,165750.0,0.0,173000.0,BID
312,1712178608.2286649,21374.12385387,166650.0,7.593233979160967e-12,173000.0,BID
313,1712178630.535754,21374.12385387,166650.0,0.0,173000.0,BID
314,1712178660.5216618,21374.12385387,166650.0,0.0,173000.0,BID
315,1712178690.5574777,21374.12385387,166650.0,0.0,173000.0,BID
316,1712178720.7920086,21374.12385387,166650.0,0.0,173000.0,BID
317,1712178735.4084568,21376.58231507,166100.0,-6.22192697258386e-10,173000.0,ASK
318,1712178735.4117875,21377.58231507,166100.0,-2.5308217077349785e-10,173000.0,ASK
319,1712178750.8011253,21377.58231507,166100.0,-0.0,173000.0,ASK
320,1712178780.545864,21377.58231507,166100.0,-0.0,173000.0,ASK
321,1712178806.5767744,21378.46579072,166500.0,2.2355943355162688e-10,173000.0,BID
322,1712178810.5528474,21378.46579072,166500.0,0.0,173000.0,BID
323,1712178840.7689698,21378.46579072,166500.0,0.0,173000.0,BID
324,1712178870.7889633,21378.46579072,166500.0,0.0,173000.0,BID
325,1712178900.5481274,21378.46579072,166500.0,0.0,173000.0,BID
326,1712178930.5515034,21378.46579072,166500.0,0.0,173000.0,BID
327,1712178960.767843,21378.46579072,166500.0,0.0,173000.0,BID
328,1712178990.7611897,21378.46579072,166500.0,0.0,173000.0,BID
329,1712179020.5447388,21378.46579072,166500.0,0.0,173000.0,BID
330,1712179050.5620887,21378.46579072,166500.0,0.0,173000.0,BID
331,1712179080.784338,21378.46579072,166500.0,0.0,173000.0,BID
332,1712179110.7642176,21378.46579072,166500.0,0.0,173000.0,BID
333,1712179140.5343654,21378.46579072,166500.0,0.0,173000.0,BID
334,1712179170.548359,21378.46579072,166500.0,0.0,173000.0,BID
335,1712179200.558457,21378.46579072,166500.0,0.0,173000.0,BID
336,1712179230.5137472,21378.46579072,166500.0,0.0,173000.0,BID
337,1712179260.7932074,21378.46579072,166500.0,0.0,173000.0,BID
338,1712179290.793171,21378.46579072,166500.0,0.0,173000.0,BID
339,1712179320.5429933,21378.46579072,166500.0,0.0,173000.0,BID
340,1712179350.528084,21378.46579072,166500.0,0.0,173000.0,BID
341,1712179380.566219,21378.46579072,166500.0,0.0,173000.0,BID
342,1712179410.5672283,21378.46579072,166500.0,0.0,173000.0,BID
343,1712179440.7752566,21378.46579072,166500.0,0.0,173000.0,BID
344,1712179470.7920778,21378.46579072,166500.0,0.0,173000.0,BID
345,1712179499.6458032,21380.46579072,166100.0,-5.06759495384308e-10,173000.0,ASK
346,1712179500.5220342,21380.46579072,166100.0,-0.0,173000.0,ASK
347,1712179510.8720725,21390.76014815,166150.0,-2.617986280346946e-09,173000.0,ASK
348,1712179530.5447078,21390.76014815,166150.0,-0.0,173000.0,ASK
349,1712179560.7822633,21390.76014815,166150.0,-0.0,173000.0,ASK
350,1712179590.7615485,21390.76014815,166150.0,-0.0,173000.0,ASK
351,1712179620.5170074,21390.76014815,166150.0,-0.0,173000.0,ASK
352,1712179643.5111787,21391.76014815,166700.0,2.5420217101734857e-10,173000.0,BID
353,1712179650.5445971,21391.76014815,166700.0,0.0,173000.0,BID
354,1712179680.7510386,21391.76014815,166700.0,0.0,173000.0,BID
355,1712179704.3755782,21392.36002817,166800.0,1.5248434183329662e-10,173000.0,BID
356,1712179710.754297,21392.36002817,166800.0,0.0,173000.0,BID
357,1712179740.5208375,21392.36002817,166800.0,0.0,173000.0,BID
358,1712179770.5596125,21392.36002817,166800.0,0.0,173000.0,BID
359,1712179800.6403854,21392.36002817,166800.0,0.0,173000.0,BID
360,1712179830.5529125,21392.36002817,166800.0,0.0,173000.0,BID
361,1712179860.7904031,21392.36002817,166800.0,0.0,173000.0,BID
362,1712179890.7441146,21392.36002817,166800.0,0.0,173000.0,BID
363,1712179920.5331666,21392.36002817,166800.0,0.0,173000.0,BID
364,1712179943.619985,21392.95954855,166800.0,1.5278853134574387e-10,173000.0,BID
365,1712179950.5604477,21392.95954855,166800.0,0.0,173000.0,BID
366,1712179952.2900283,21393.00954855,166500.0,-1.2742238854942562e-11,173000.0,ASK
367,1712179952.369866,21394.27221793,166500.0,3.2178469670062567e-10,173000.0,BID
368,1712179956.8698628,21395.47125869,166800.0,3.055692752187658e-10,173000.0,BID
369,1712179980.5357473,21395.47125869,166800.0,0.0,173000.0,BID
370,1712180010.54977,21395.47125869,166800.0,0.0,173000.0,BID
371,1712180040.803946,21395.47125869,166800.0,0.0,173000.0,BID
372,1712180045.959516,21395.71106684,166400.0,-6.110733635561907e-11,173000.0,ASK
373,1712180070.7694623,21395.71106684,166400.0,-0.0,173000.0,ASK
374,1712180100.5060182,21395.71106684,166400.0,-0.0,173000.0,ASK
375,1712180130.5315337,21395.71106684,166400.0,-0.0,173000.0,ASK
376,1712180157.1890123,21401.01106684,166900.0,-1.3507187472169271e-09,173000.0,ASK
377,1712180160.5989594,21401.01106684,166900.0,-0.0,173000.0,ASK
378,1712180185.8190916,21410.69896228,166850.0,2.468428811338311e-09,173000.0,BID
379,1712180190.556327,21410.69896228,166850.0,0.0,173000.0,BID
380,1712180220.768999,21410.69896228,166850.0,0.0,173000.0,BID
381,1712180230.361615,21411.69896228,166950.0,2.546902580252634e-10,173000.0,BID
382,1712180250.7941113,21411.69896228,166950.0,0.0,173000.0,BID
383,1712180256.2044053,21414.05696228,167150.0,6.0053409339053e-10,173000.0,BID
384,1712180280.5400617,21414.05696228,167150.0,0.0,173000.0,BID
385,1712180310.5149114,21414.05696228,167150.0,0.0,173000.0,BID
386,1712180340.7656507,21414.05696228,167150.0,0.0,173000.0,BID
387,1712180370.7929575,21414.05696228,167150.0,0.0,173000.0,BID
388,1712180400.578674,21414.05696228,167150.0,0.0,173000.0,BID
389,1712180430.5614002,21414.05696228,167150.0,0.0,173000.0,BID
390,1712180460.7747324,21414.05696228,167150.0,0.0,173000.0,BID
391,1712180490.7951949,21414.05696228,167150.0,0.0,173000.0,BID
392,1712180520.5501716,21414.05696228,167150.0,0.0,173000.0,BID
393,1712180539.8865304,21429.88429754,166750.0,-4.040404368671095e-09,173000.0,ASK
394,1712180539.8887186,21430.38429754,167150.0,-1.2764007024233847e-10,173000.0,ASK
395,1712180550.5324066,21430.38429754,167150.0,-0.0,173000.0,ASK
396,1712180580.7821813,21430.38429754,167150.0,-0.0,173000.0,ASK
397,1712180610.777815,21430.38429754,167150.0,-0.0,173000.0,ASK
398,1712180640.557848,21430.38429754,167150.0,-0.0,173000.0,ASK
399,1712180670.511793,21430.38429754,167150.0,-0.0,173000.0,ASK
400,1712180700.541964,21430.38429754,167150.0,-0.0,173000.0,ASK
401,1712180730.5354333,21430.38429754,167150.0,-0.0,173000.0,ASK
402,1712180746.949175,21430.98256257,167150.0,-1.5300598982514254e-10,173000.0,ASK
403,1712180751.049183,21432.17909263,167150.0,3.060119796502851e-10,173000.0,BID
404,1712180753.709241,21433.1406541,167150.0,2.4591887728330616e-10,173000.0,BID
405,1712180760.7594414,21433.1406541,167150.0,0.0,173000.0,BID
406,1712180790.7794583,21433.1406541,167150.0,0.0,173000.0,BID
407,1712180820.5648985,21433.1406541,167150.0,0.0,173000.0,BID
408,1712180850.5734026,21433.1406541,167150.0,0.0,173000.0,BID
409,1712180880.7807732,21433.1406541,167150.0,0.0,173000.0,BID
410,1712180910.7952113,21433.1406541,167150.0,0.0,173000.0,BID
411,1712180940.5412693,21433.1406541,167150.0,0.0,173000.0,BID
412,1712180970.5016203,21433.1406541,167150.0,0.0,173000.0,BID
413,1712181000.671614,21433.1406541,167150.0,0.0,173000.0,BID
414,1712181030.5122068,21433.1406541,167150.0,0.0,173000.0,BID
415,1712181060.792206,21433.1406541,167150.0,0.0,173000.0,BID
416,1712181090.7626302,21433.1406541,167150.0,0.0,173000.0,BID
417,1712181107.4425492,21433.1706541,167150.0,7.690500936783545e-12,173000.0,BID
418,1712181120.5633469,21433.1706541,167150.0,0.0,173000.0,BID
419,1712181150.5971217,21433.1706541,167150.0,0.0,173000.0,BID
420,1712181180.776771,21433.1706541,167150.0,0.0,173000.0,BID
421,1712181182.4060605,21434.0380511,167150.0,2.2235696221194302e-10,173000.0,BID
422,1712181182.9928062,21434.03805165,167150.0,1.4099247692923372e-16,173000.0,BID
423,1712181183.962927,21435.03805165,167200.0,2.563497017069245e-10,173000.0,BID
424,1712181210.7929463,21435.03805165,167200.0,0.0,173000.0,BID
425,1712181238.7033615,21439.8837865,167650.0,1.242103279486844e-09,173000.0,BID
426,1712181238.7134492,21441.00419589,167450.0,2.8719362919522296e-10,173000.0,BID
427,1712181240.5374105,21441.00419589,167450.0,0.0,173000.0,BID
428,1712181270.553489,21441.00419589,167450.0,0.0,173000.0,BID
429,1712181300.6140008,21441.00419589,167450.0,0.0,173000.0,BID
430,1712181306.3013244,21442.00419589,167650.0,2.5635797186098524e-10,173000.0,BID
431,1712181323.6550236,21443.00419589,167850.0,2.5635797186098524e-10,173000.0,BID
432,1712181330.5443804,21443.00419589,167850.0,0.0,173000.0,BID
433,1712181360.7882822,21443.00419589,167850.0,0.0,173000.0,BID
434,1712181362.9937985,21445.75436797,168200.0,7.04967903747644e-10,173000.0,BID
435,1712181369.4240706,21452.90419589,168200.0,1.8327577527155679e-09,173000.0,BID
436,1712181369.428192,21453.90419589,168200.0,2.5633592489523624e-10,173000.0,BID
437,1712181379.9443731,21453.97619589,168300.0,1.845618659248685e-11,173000.0,BID
438,1712181390.8146071,21453.97619589,168300.0,0.0,173000.0,BID
439,1712181400.973981,21454.97619589,168550.0,2.5621471808157364e-10,173000.0,BID
440,1712181402.0243208,21455.0059112,168600.0,7.613499774363918e-12,173000.0,BID
441,1712181410.794418,21455.12534983,168800.0,3.060193491288527e-11,173000.0,BID
442,1712181410.7986572,21455.62794911,168800.0,1.2877333283323787e-10,173000.0,BID
443,1712181420.5627337,21455.62794911,168800.0,0.0,173000.0,BID
444,1712181423.2444158,21455.69994911,168850.0,1.844614317904574e-11,173000.0,BID
445,1712181423.249338,21457.73064343,168850.0,5.202566413827291e-10,173000.0,BID
446,1712181423.254137,21462.46485328,168800.0,1.2128876768411475e-09,173000.0,BID
447,1712181438.474327,21462.52421661,169000.0,1.52086733998371e-11,173000.0,BID
448,1712181438.4785676,21462.62421661,169000.0,2.561964330381596e-11,173000.0,BID
449,1712181450.51677,21462.62421661,169000.0,0.0,173000.0,BID
450,1712181452.024116,21462.68357994,169150.0,1.5204072717515238e-11,173000.0,BID
451,1712181455.714427,21463.11054077,169150.0,-1.093527520563791e-10,173000.0,ASK
452,1712181466.8844032,21463.17024226,169200.0,1.5290681894831458e-11,173000.0,BID
453,1712181466.888806,21463.24224226,169200.0,1.844056314963757e-11,173000.0,BID
454,1712181471.314463,21468.3962724,169200.0,-1.3200446982178586e-09,173000.0,ASK
455,1712181471.5098948,21473.36623003,169200.0,-1.2729002434283155e-09,173000.0,ASK
456,1712181473.7841675,21477.56538406,169200.0,-1.07548284812714e-09,173000.0,ASK
457,1712181475.1149793,21482.60436885,169200.0,-1.2905794059710824e-09,173000.0,ASK
458,1712181475.1346416,21486.80352288,169200.0,-1.07548284812714e-09,173000.0,ASK
459,1712181480.804245,21486.80352288,169200.0,-0.0,173000.0,ASK
460,1712181510.7788243,21486.80352288,169200.0,-0.0,173000.0,ASK
461,1712181540.5646534,21486.80352288,169200.0,-0.0,173000.0,ASK
462,1712181540.6848474,21487.86488363,168650.0,-2.715500490758953e-10,173000.0,ASK
463,1712181570.5963268,21487.86488363,168650.0,-0.0,173000.0,ASK
464,1712181600.728849,21487.86488363,168650.0,-0.0,173000.0,ASK
465,1712181630.5250113,21487.86488363,168650.0,-0.0,173000.0,ASK
466,1712181636.0453837,21488.26488363,168600.0,-1.0258840559751244e-10,173000.0,ASK
467,1712181637.32513,21488.56488363,168600.0,-7.694130419836759e-11,173000.0,ASK
468,1712181638.314869,21488.76488363,168600.0,-5.1294202799222735e-11,173000.0,ASK
469,1712181660.7986214,21488.76488363,168600.0,-0.0,173000.0,ASK
470,1712181667.5240312,21490.82542863,168600.0,-5.28449499910263e-10,173000.0,ASK
471,1712181690.795202,21490.82542863,168600.0,-0.0,173000.0,ASK
472,1712181720.5377867,21490.82542863,168600.0,-0.0,173000.0,ASK
473,1712181737.0652397,21490.94705063,168850.0,3.1188525003496867e-11,173000.0,BID
474,1712181737.2451673,21490.94705083,168850.0,5.12880276407786e-17,173000.0,BID
475,1712181750.5917354,21490.94705083,168850.0,0.0,173000.0,BID
476,1712181780.7920308,21490.94705083,168850.0,0.0,173000.0,BID
477,1712181810.7987382,21490.94705083,168850.0,0.0,173000.0,BID
478,1712181840.5716622,21490.94705083,168850.0,0.0,173000.0,BID
479,1712181870.5353086,21490.94705083,168850.0,0.0,173000.0,BID
480,1712181900.8023405,21490.94705083,168850.0,0.0,173000.0,BID
481,1712181910.866,21492.94705083,169050.0,5.130880359973695e-10,173000.0,BID
482,1712181930.7690408,21492.94705083,169050.0,0.0,173000.0,BID
483,1712181960.5737996,21492.94705083,169050.0,0.0,173000.0,BID
484,1712181990.566301,21492.94705083,169050.0,0.0,173000.0,BID
485,1712182020.7896624,21492.94705083,169050.0,0.0,173000.0,BID
486,1712182023.4937615,21493.04705083,169250.0,2.565217679297725e-11,173000.0,BID
487,1712182040.4277055,21498.04705049,169300.0,1.2826087524505815e-09,173000.0,BID
488,1712182040.43161,21498.10641383,169300.0,1.5227988926859793e-11,173000.0,BID
489,1712182050.8051398,21498.10641383,169300.0,0.0,173000.0,BID
490,1712182052.4290192,21498.10641417,169300.0,8.719834043929742e-17,173000.0,BID
491,1712182080.5488894,21498.10641417,169300.0,0.0,173000.0,BID
492,1712182101.8460937,21498.17841417,169350.0,1.8465429827210992e-11,173000.0,BID
493,1712182101.8515515,21500.17841417,169350.0,5.12928606310587e-10,173000.0,BID
494,1712182110.5807538,21500.17841417,169350.0,0.0,173000.0,BID
495,1712182118.4060843,21500.20798915,169400.0,7.584244118130446e-12,173000.0,BID
496,1712182140.7960358,21500.20798915,169400.0,0.0,173000.0,BID
497,1712182155.3112123,21501.20798915,169400.0,-2.5644089613640446e-10,173000.0,ASK
498,1712182155.3147848,21501.80798915,169000.0,-1.5386453768146952e-10,173000.0,ASK
499,1712182170.8073125,21501.80798915,169000.0,-0.0,173000.0,ASK
500,1712182200.6063278,21501.80798915,169000.0,-0.0,173000.0,ASK
501,1712182211.7961304,21502.97080296,169600.0,2.987117295630964e-10,173000.0,BID
502,1712182230.5654244,21502.97080296,169600.0,0.0,173000.0,BID
503,1712182238.9763167,21506.97536713,169550.0,1.0286682875012288e-09,173000.0,BID
504,1712182260.8063145,21506.97536713,169550.0,0.0,173000.0,BID
505,1712182279.926768,21507.03434679,169550.0,1.5147697360711363e-11,173000.0,BID
506,1712182279.9314363,21510.51414625,169550.0,8.937140210080736e-10,173000.0,BID
507,1712182290.774192,21510.51414625,169550.0,0.0,173000.0,BID
508,1712182293.9762084,21513.71708031,169500.0,8.224801668751807e-10,173000.0,BID
509,1712182320.539579,21513.71708031,169500.0,0.0,173000.0,BID
510,1712182350.5551748,21513.71708031,169500.0,0.0,173000.0,BID
511,1712182380.779679,21513.71708031,169500.0,0.0,173000.0,BID
512,1712182410.8371696,21513.71708031,169500.0,0.0,173000.0,BID
513,1712182440.5589163,21513.71708031,169500.0,0.0,173000.0,BID
514,1712182470.5326836,21513.71708031,169500.0,0.0,173000.0,BID
515,1712182500.5921285,21513.71708031,169500.0,0.0,173000.0,BID
516,1712182530.5584338,21513.71708031,169500.0,0.0,173000.0,BID
517,1712182560.784524,21513.71708031,169500.0,0.0,173000.0,BID
518,1712182562.890794,21514.30705082,169500.0,1.5192930552697618e-10,173000.0,BID
519,1712182567.3109846,21514.88872681,169500.0,1.4979329933423678e-10,173000.0,BID
520,1712182567.316186,21514.89702133,169500.0,2.136006193676269e-12,173000.0,BID
521,1712182576.440296,21515.64573255,169150.0,-1.928082400171929e-10,173000.0,ASK
522,1712182590.8034666,21515.64573255,169150.0,-0.0,173000.0,ASK
523,1712182597.940462,21516.23692381,169150.0,-1.5223086798615368e-10,173000.0,ASK
524,1712182597.9452138,21524.77940385,169150.0,-2.199675873500952e-09,173000.0,ASK
525,1712182598.0199628,21544.16427503,169150.0,4.991575426095577e-09,173000.0,BID
526,1712182620.5231912,21544.16427503,169150.0,0.0,173000.0,BID
527,1712182650.579062,21544.16427503,169150.0,0.0,173000.0,BID
528,1712182680.7894602,21544.16427503,169150.0,0.0,173000.0,BID
529,1712182687.2508726,21544.46427503,169100.0,-7.71537162119149e-11,173000.0,ASK
530,1712182688.3719602,21544.66427503,169100.0,-5.143581080825514e-11,173000.0,ASK
531,1712182710.786126,21544.66427503,169100.0,-0.0,173000.0,ASK
532,1712182740.553348,21544.66427503,169100.0,-0.0,173000.0,ASK
533,1712182759.108076,21544.75564109,169100.0,-2.3496925953058142e-11,173000.0,ASK
534,1712182759.1137064,21550.66930164,169100.0,-1.5208365563505934e-09,173000.0,ASK
535,1712182770.539594,21551.66930164,169000.0,-2.57173461934821e-10,173000.0,ASK
536,1712182770.551278,21551.66930164,169000.0,-0.0,173000.0,ASK
537,1712182789.7999794,21560.33330164,169100.0,2.227569151665863e-09,173000.0,BID
538,1712182800.6785922,21560.33330164,169100.0,0.0,173000.0,BID
539,1712182830.5300665,21560.33330164,169100.0,0.0,173000.0,BID
540,1712182860.5835605,21560.33330164,169100.0,0.0,173000.0,BID
541,1712182890.560711,21560.33330164,169100.0,0.0,173000.0,BID
542,1712182920.786086,21560.33330164,169100.0,0.0,173000.0,BID
543,1712182950.776344,21560.33330164,169100.0,0.0,173000.0,BID
544,1712182974.205584,21620.75843201,169350.0,1.556410531641098e-08,173000.0,BID
545,1712182974.21025,21629.45843201,169350.0,2.240917237971137e-09,173000.0,BID
546,1712182980.5108695,21629.45843201,169350.0,0.0,173000.0,BID
547,1712183010.5416102,21629.45843201,169350.0,0.0,173000.0,BID
548,1712183035.38063,21629.76626998,168600.0,-7.905351806887062e-11,173000.0,ASK
549,1712183035.3844965,21629.82558196,168600.0,-1.5231456609836696e-11,173000.0,ASK
550,1712183040.7808638,21629.82558196,168600.0,-0.0,173000.0,ASK
551,1712183070.7883313,21629.82558196,168600.0,-0.0,173000.0,ASK
552,1712183100.5502238,21629.82558196,168600.0,-0.0,173000.0,ASK
553,1712183130.5578406,21629.82558196,168600.0,-0.0,173000.0,ASK
554,1712183160.6259024,21629.82558196,168600.0,-0.0,173000.0,ASK
555,1712183190.4805512,21629.82558196,168600.0,-0.0,173000.0,ASK
556,1712183197.82437,21630.1108638,168600.0,-7.333862529837877e-11,173000.0,ASK
557,1712183197.8283176,21630.70451176,168450.0,-1.5261162539358174e-10,173000.0,ASK
558,1712183197.832251,21635.44947024,168600.0,-1.2198068128790607e-09,173000.0,ASK
559,1712183197.8359706,21635.7917262,168400.0,-8.798520651264628e-11,173000.0,ASK
560,1712183220.774573,21635.7917262,168400.0,-0.0,173000.0,ASK
561,1712183250.8055935,21635.7917262,168400.0,-0.0,173000.0,ASK
562,1712183280.5575376,21635.7917262,168400.0,-0.0,173000.0,ASK
563,1712183283.6236365,21636.34372016,168800.0,-1.4186677365293004e-10,173000.0,ASK
564,1712183310.5118098,21636.34372016,168800.0,-0.0,173000.0,ASK
565,1712183340.7862697,21636.34372016,168800.0,-0.0,173000.0,ASK
566,1712183370.7575731,21636.34372016,168800.0,-0.0,173000.0,ASK
567,1712183400.862719,21636.34372016,168800.0,-0.0,173000.0,ASK
568,1712183430.7600029,21636.34372016,168800.0,-0.0,173000.0,ASK
569,1712183460.552693,21636.34372016,168800.0,-0.0,173000.0,ASK
570,1712183490.557956,21636.34372016,168800.0,-0.0,173000.0,ASK
571,1712183512.7919898,21636.37372016,168800.0,-7.735180587338145e-12,173000.0,ASK
572,1712183512.7963488,21638.84372016,168800.0,-6.368632016376862e-10,173000.0,ASK
573,1712183513.8520076,21639.51681258,168800.0,-1.7354971400846623e-10,173000.0,ASK
574,1712183513.856607,21640.44372016,168800.0,-2.3899325061611237e-10,173000.0,ASK
575,1712183516.621821,21642.24372016,168800.0,-4.6411083520183006e-10,173000.0,ASK
576,1712183520.772012,21642.24372016,168800.0,-0.0,173000.0,ASK
577,1712183522.122032,21642.24656079,168800.0,-7.322381716722669e-13,173000.0,ASK
578,1712183550.772539,21642.24656079,168800.0,-0.0,173000.0,ASK
579,1712183580.5915444,21642.24656079,168800.0,-0.0,173000.0,ASK
580,1712183610.5223312,21642.24656079,168800.0,-0.0,173000.0,ASK
581,1712183613.4429767,21647.82536381,168550.0,-1.43806550572736e-09,173000.0,ASK
582,1712183616.1324,21677.49895431,168500.0,-7.649054246253019e-09,173000.0,ASK
583,1712183640.761281,21677.49895431,168500.0,-0.0,173000.0,ASK
584,1712183670.7840836,21677.49895431,168500.0,-0.0,173000.0,ASK
585,1712183697.5911014,21677.67726431,168250.0,-4.589325236368382e-11,173000.0,ASK
586,1712183697.5962155,21685.34082864,168250.0,-1.972440647165882e-09,173000.0,ASK
587,1712183697.6012373,21685.79695431,168200.0,-1.1739717616797254e-10,173000.0,ASK
588,1712183700.5208485,21685.79695431,168200.0,-0.0,173000.0,ASK
589,1712183730.5569584,21685.79695431,168200.0,-0.0,173000.0,ASK
590,1712183735.5909898,21690.29936662,168200.0,-1.1594526072648312e-09,173000.0,ASK
591,1712183735.6054635,21693.26615744,168200.0,-7.64002298017743e-10,173000.0,ASK
592,1712183737.9279106,21697.00075844,168200.0,9.617273071435842e-10,173000.0,BID
593,1712183737.930965,21697.00075901,168200.0,1.467849286255384e-16,173000.0,BID
594,1712183739.8403342,21698.86805979,168200.0,-4.808637256765625e-10,173000.0,ASK
595,1712183741.692186,21699.80171018,168200.0,-2.404318628387497e-10,173000.0,ASK
596,1712183743.5506473,21700.26853538,168200.0,-1.2021593270706874e-10,173000.0,ASK
597,1712183760.7727163,21700.26853538,168200.0,-0.0,173000.0,ASK
598,1712183790.7702224,21700.26853538,168200.0,-0.0,173000.0,ASK
599,1712183807.390478,21700.32755799,168750.0,1.5189868183338595e-11,173000.0,BID
600,1712183807.3957164,21700.38699466,168750.0,1.5296429326802314e-11,173000.0,BID
601,1712183807.9706087,21703.49455003,168250.0,-7.99750408245519e-10,173000.0,ASK
602,1712183814.800154,21703.61310367,168700.0,3.05105816954814e-11,173000.0,BID
603,1712183820.564322,21703.61310367,168700.0,0.0,173000.0,BID
604,1712183850.5162492,21703.61310367,168700.0,0.0,173000.0,BID
605,1712183880.7971902,21703.61310367,168700.0,0.0,173000.0,BID
606,1712183910.7799895,21703.61310367,168700.0,0.0,173000.0,BID
607,1712183940.5650373,21703.61310367,168700.0,0.0,173000.0,BID
608,1712183970.5332294,21703.61310367,168700.0,0.0,173000.0,BID
609,1712184000.562323,21703.61310367,168700.0,0.0,173000.0,BID
610,1712184030.529286,21703.61310367,168700.0,0.0,173000.0,BID
611,1712184050.0692282,21703.64861713,168950.0,9.143121157473427e-12,173000.0,BID
612,1712184060.7792332,21703.64861713,168950.0,0.0,173000.0,BID
613,1712184080.5194185,21704.41360912,168250.0,-1.9695077992198848e-10,173000.0,ASK
614,1712184090.779318,21704.41360912,168250.0,-0.0,173000.0,ASK
615,1712184120.5106168,21704.41360912,168250.0,-0.0,173000.0,ASK
616,1712184150.546877,21704.41360912,168250.0,-0.0,173000.0,ASK
617,1712184151.058845,21704.4433268,168900.0,7.650702736621461e-12,173000.0,BID
618,1712184180.7938218,21704.4433268,168900.0,0.0,173000.0,BID
619,1712184210.7784991,21704.4433268,168900.0,0.0,173000.0,BID
620,1712184240.5405097,21704.4433268,168900.0,0.0,173000.0,BID
621,1712184266.9583898,21704.47858226,169000.0,9.076371230027689e-12,173000.0,BID
622,1712184266.9617183,21704.50250547,168950.0,6.158930701918015e-12,173000.0,BID
623,1712184270.5411043,21704.50250547,168950.0,0.0,173000.0,BID
624,1712184300.578231,21704.50250547,168950.0,0.0,173000.0,BID
625,1712184306.784378,21713.20250547,168900.0,2.243037128136153e-09,173000.0,BID
626,1712184306.9081175,21718.49408478,168900.0,-1.364276880323133e-09,173000.0,ASK
627,1712184306.9188724,21726.72543037,168900.0,-2.122208479643285e-09,173000.0,ASK
628,1712184306.9282043,21750.83151384,168900.0,-6.2150391077215695e-09,173000.0,ASK
629,1712184323.1683338,21750.89089627,168400.0,-1.5309999454236578e-11,173000.0,ASK
630,1712184330.5786428,21750.89089627,168400.0,-0.0,173000.0,ASK
631,1712184360.7799866,21750.89089627,168400.0,-0.0,173000.0,ASK
632,1712184390.7783782,21750.89089627,168400.0,-0.0,173000.0,ASK
633,1712184420.551224,21750.89089627,168400.0,-0.0,173000.0,ASK
634,1712184432.3098423,21755.65807023,168400.0,-1.2265967609972952e-09,173000.0,ASK
635,1712184432.3153827,21764.35807023,168400.0,-2.238515294430494e-09,173000.0,ASK
636,1712184432.3207235,21805.72837253,168250.0,-1.064460395790778e-08,173000.0,ASK
637,1712184432.3248372,21811.66661481,168400.0,-1.527913352393121e-09,173000.0,ASK
638,1712184432.32729,21822.43760386,168250.0,-2.771382037306942e-09,173000.0,ASK
639,1712184432.329731,22024.95229081,168200.0,-5.2107152193624744e-08,173000.0,ASK
640,1712184450.5352402,22024.95229081,168200.0,-0.0,173000.0,ASK
641,1712184452.02969,22044.58627384,168250.0,-4.992610993379906e-09,173000.0,ASK
642,1712184452.0362875,22045.12119384,168250.0,-1.3602168589570934e-10,173000.0,ASK
643,1712184452.040645,22086.07105088,168200.0,-1.0412900231341964e-08,173000.0,ASK
644,1712184452.089147,22089.80908682,168200.0,9.505233502130122e-10,173000.0,BID
645,1712184480.7597885,22089.80908682,168200.0,0.0,173000.0,BID
646,1712184495.689788,22090.34400682,168600.0,1.3564537574052196e-10,173000.0,BID
647,1712184510.7507875,22090.34400682,168600.0,0.0,173000.0,BID
648,1712184540.5371516,22090.34400682,168600.0,0.0,173000.0,BID
649,1712184543.490669,22096.7814965,168850.0,1.6323856588860275e-09,173000.0,BID
650,1712184570.550702,22096.7814965,168850.0,0.0,173000.0,BID
651,1712184600.588301,22096.7814965,168850.0,0.0,173000.0,BID
652,1712184630.53782,22096.7814965,168850.0,0.0,173000.0,BID
653,1712184660.79409,22096.7814965,168850.0,0.0,173000.0,BID
654,1712184684.0006742,22097.38263867,168600.0,-1.5274266164255515e-10,173000.0,ASK
655,1712184690.7607925,22097.38263867,168600.0,-0.0,173000.0,ASK
656,1712184701.3108156,22113.38263867,168850.0,4.065293991992018e-09,173000.0,BID
657,1712184720.5168526,22113.38263867,168850.0,0.0,173000.0,BID
658,1712184750.5362434,22113.38263867,168850.0,0.0,173000.0,BID
659,1712184773.1312015,22113.43977871,168700.0,-1.4508232520312402e-11,173000.0,ASK
660,1712184780.7719054,22113.43977871,168700.0,-0.0,173000.0,ASK
661,1712184782.8715603,22113.46935575,169050.0,7.509786890736217e-12,173000.0,BID
662,1712184810.7732203,22113.46935575,169050.0,0.0,173000.0,BID
663,1712184812.4154572,22113.49691875,169050.0,6.998401235524065e-12,173000.0,BID
664,1712184840.5459442,22113.49691875,169050.0,0.0,173000.0,BID
665,1712184840.5815475,22114.65243767,169050.0,-2.93392427174424e-10,173000.0,ASK
666,1712184870.5149662,22114.65243767,169050.0,-0.0,173000.0,ASK
667,1712184899.3491344,22116.15914587,169250.0,3.8254228827413244e-10,173000.0,BID
668,1712184899.3547363,22124.85914587,169200.0,2.208866924589736e-09,173000.0,BID
669,1712184899.3576903,22132.38693792,169100.0,1.9112518246477846e-09,173000.0,BID
670,1712184900.7336676,22132.38693792,169100.0,0.0,173000.0,BID
671,1712184912.571833,22133.50844654,169050.0,-2.8531823394970194e-10,173000.0,ASK
672,1712184913.3517616,22153.03697946,169050.0,-4.968170930659471e-09,173000.0,ASK
673,1712184913.9117248,22153.84922432,169050.0,-2.0663975724974646e-10,173000.0,ASK
674,1712184914.3717084,22170.35592232,169050.0,-4.1993987720791825e-09,173000.0,ASK
675,1712184930.7722583,22170.35592232,169050.0,-0.0,173000.0,ASK
676,1712184931.131904,22173.26235246,169050.0,-7.38207069574637e-10,173000.0,ASK
677,1712184933.16223,22185.66561976,169050.0,-3.1503181448172823e-09,173000.0,ASK
678,1712184933.1662817,22209.26235246,169050.0,-5.993357506953986e-09,173000.0,ASK
679,1712184934.722146,22214.59644446,169050.0,-1.3548113095754647e-09,173000.0,ASK
680,1712184934.7892654,22214.5964454,169050.0,-2.3875131604886206e-16,173000.0,ASK
681,1712184960.5439963,22214.5964454,169050.0,-0.0,173000.0,ASK
682,1712184971.3225467,22216.19667234,168900.0,4.05672624463877e-10,173000.0,BID
683,1712184971.32922,22217.41781495,169050.0,3.0957117085094116e-10,173000.0,BID
684,1712184990.5452728,22217.41781495,169050.0,0.0,173000.0,BID
685,1712185020.7442515,22217.41781495,169050.0,0.0,173000.0,BID
686,1712185050.8033285,22217.41781495,169050.0,0.0,173000.0,BID
687,1712185080.5466845,22217.41781495,169050.0,0.0,173000.0,BID
688,1712185110.505391,22217.41781495,169050.0,0.0,173000.0,BID
689,1712185140.7573211,22217.41781495,169050.0,0.0,173000.0,BID
690,1712185170.773045,22217.41781495,169050.0,0.0,173000.0,BID
691,1712185200.7372754,22217.41781495,169050.0,0.0,173000.0,BID
692,1712185217.9834888,22217.44739792,169050.0,-7.503262755149398e-12,173000.0,ASK
693,1712185230.5068915,22217.44739792,169050.0,-0.0,173000.0,ASK
694,1712185243.593129,22217.47888468,169050.0,-7.986119510840881e-12,173000.0,ASK
695,1712185259.5386395,22218.41571041,169050.0,2.376110543236057e-10,173000.0,BID
696,1712185260.1896703,22219.36502479,169050.0,2.4077860320496933e-10,173000.0,BID
697,1712185260.7543435,22219.36502479,169050.0,0.0,173000.0,BID
698,1712185265.8628025,22220.30185052,169000.0,2.375915191152738e-10,173000.0,BID
699,1712185266.4827805,22221.2511649,169000.0,2.407588075763994e-10,173000.0,BID
700,1712185290.7929263,22221.2511649,169000.0,0.0,173000.0,BID
701,1712185320.508891,22221.2511649,169000.0,0.0,173000.0,BID
702,1712185350.5431194,22221.2511649,169000.0,0.0,173000.0,BID
703,1712185380.8429456,22221.2511649,169000.0,0.0,173000.0,BID
704,1712185410.7796435,22221.2511649,169000.0,0.0,173000.0,BID
705,1712185440.524089,22221.2511649,169000.0,0.0,173000.0,BID
706,1712185470.5410583,22221.2511649,169000.0,0.0,173000.0,BID
707,1712185500.7650335,22221.2511649,169000.0,0.0,173000.0,BID
708,1712185516.3631306,22221.84463671,168700.0,-1.505937474080674e-10,173000.0,ASK
709,1712185530.7851372,22221.84463671,168700.0,-0.0,173000.0,ASK
710,1712185560.5384767,22221.84463671,168700.0,-0.0,173000.0,ASK
711,1712185590.5438073,22221.84463671,168700.0,-0.0,173000.0,ASK
712,1712185620.797141,22221.84463671,168700.0,-0.0,173000.0,ASK
713,1712185641.6842785,22226.84463671,169000.0,1.268720090060338e-09,173000.0,BID
714,1712185650.7879436,22226.84463671,169000.0,0.0,173000.0,BID
715,1712185680.548295,22226.84463671,169000.0,0.0,173000.0,BID
716,1712185710.533491,22226.84463671,169000.0,0.0,173000.0,BID
717,1712185740.7766209,22226.84463671,169000.0,0.0,173000.0,BID
718,1712185770.7934215,22226.84463671,169000.0,0.0,173000.0,BID
719,1712185800.557068,22226.84463671,169000.0,0.0,173000.0,BID
720,1712185830.5442567,22226.84463671,169000.0,0.0,173000.0,BID
721,1712185834.2037685,22228.61978463,169000.0,-4.5241601946944835e-10,173000.0,ASK
722,1712185834.309442,22232.83266066,169000.0,1.0736979057008739e-09,173000.0,BID
723,1712185834.3236208,22237.04553666,169000.0,-1.0736978980553555e-09,173000.0,ASK
724,1712185834.3281572,22238.42213285,169000.0,-3.508407168101795e-10,173000.0,ASK
725,1712185860.7961118,22238.42213285,169000.0,-0.0,173000.0,ASK
726,1712185890.803453,22238.42213285,169000.0,-0.0,173000.0,ASK
727,1712185920.5159895,22238.42213285,169000.0,-0.0,173000.0,ASK
728,1712185950.5634992,22238.42213285,169000.0,-0.0,173000.0,ASK
729,1712185980.7857444,22238.42213285,169000.0,-0.0,173000.0,ASK
730,1712186010.756281,22238.42213285,169000.0,-0.0,173000.0,ASK
731,1712186040.5535257,22238.42213285,169000.0,-0.0,173000.0,ASK
732,1712186070.5705185,22238.42213285,169000.0,-0.0,173000.0,ASK
733,1712186100.56342,22238.42213285,169000.0,-0.0,173000.0,ASK
734,1712186102.3397474,22238.47482226,169000.0,-1.3457300494390396e-11,173000.0,ASK
735,1712186125.484408,22238.48130444,169000.0,-1.6556010804889528e-12,173000.0,ASK
736,1712186125.5634627,22238.56116271,169000.0,2.039644657924842e-11,173000.0,BID
737,1712186130.587097,22238.56116271,169000.0,0.0,173000.0,BID
738,1712186160.7675958,22238.56116271,169000.0,0.0,173000.0,BID
739,1712186190.8141875,22238.56116271,169000.0,0.0,173000.0,BID
740,1712186220.515977,22238.56116271,169000.0,0.0,173000.0,BID
741,1712186250.5335095,22238.56116271,169000.0,0.0,173000.0,BID
742,1712186280.7575898,22238.56116271,169000.0,0.0,173000.0,BID
743,1712186305.6230826,22238.5947514,168850.0,-8.578770989853862e-12,173000.0,ASK
744,1712186310.7883,22238.5947514,168850.0,-0.0,173000.0,ASK
745,1712186340.576328,22238.5947514,168850.0,-0.0,173000.0,ASK
746,1712186370.5439084,22238.5947514,168850.0,-0.0,173000.0,ASK
747,1712186400.6643908,22238.5947514,168850.0,-0.0,173000.0,ASK
748,1712186430.5581317,22238.5947514,168850.0,-0.0,173000.0,ASK
749,1712186460.784948,22238.5947514,168850.0,-0.0,173000.0,ASK
750,1712186490.7863736,22238.5947514,168850.0,-0.0,173000.0,ASK
751,1712186520.5598202,22238.5947514,168850.0,-0.0,173000.0,ASK
752,1712186550.536687,22238.5947514,168850.0,-0.0,173000.0,ASK
753,1712186580.811911,22238.5947514,168850.0,-0.0,173000.0,ASK
754,1712186603.617962,22238.683107,168850.0,-2.2620027990602545e-11,173000.0,ASK
755,1712186610.7777288,22238.683107,168850.0,-0.0,173000.0,ASK
756,1712186640.5425663,22238.683107,168850.0,-0.0,173000.0,ASK
757,1712186651.8392825,22239.27534863,168850.0,-1.51619943515377e-10,173000.0,ASK
758,1712186651.8441954,22239.57146944,168850.0,-7.580997047846561e-11,173000.0,ASK
759,1712186651.8490255,22239.631274,168850.0,-1.5310581947625676e-11,173000.0,ASK
760,1712186651.853706,22240.131274,168700.0,-1.2800513830465223e-10,173000.0,ASK
761,1712186651.8568094,22240.631274,168750.0,-1.2800513830465223e-10,173000.0,ASK
762,1712186651.8595982,22241.00932971,168850.0,-9.678614689080107e-11,173000.0,ASK
763,1712186651.8623097,22241.50932971,168800.0,-1.2800513830465223e-10,173000.0,ASK
764,1712186651.865067,22247.42024502,168700.0,-1.513255063527231e-09,173000.0,ASK
765,1712186651.9588675,22262.683107,168700.0,3.907449517349851e-09,173000.0,BID
766,1712186658.938712,22262.78743562,168700.0,-2.670919886450805e-11,173000.0,ASK
767,1712186670.5689013,22262.78743562,168700.0,-0.0,173000.0,ASK
768,1712186700.7942102,22262.78743562,168700.0,-0.0,173000.0,ASK
769,1712186730.8045063,22262.78743562,168700.0,-0.0,173000.0,ASK
770,1712186760.5740588,22262.78743562,168700.0,-0.0,173000.0,ASK
771,1712186779.8700576,22263.28573562,168650.0,-1.2764974466528082e-10,173000.0,ASK
772,1712186790.5673287,22263.28573562,168650.0,-0.0,173000.0,ASK
773,1712186820.811095,22263.28573562,168650.0,-0.0,173000.0,ASK
774,1712186850.7910488,22263.28573562,168650.0,-0.0,173000.0,ASK
775,1712186875.3020256,22263.34502388,168600.0,-1.5187574405754402e-11,173000.0,ASK
776,1712186875.3086402,22263.84502388,168600.0,-1.2808247708649022e-10,173000.0,ASK
777,1712186875.31326,22264.34502388,168550.0,-1.2808247708649022e-10,173000.0,ASK
778,1712186875.3160312,22264.39577639,168450.0,-1.3001014398356204e-11,173000.0,ASK
779,1712186875.3187704,22264.89577639,168500.0,-1.2808247708649022e-10,173000.0,ASK
780,1712186875.3215983,22264.89747639,168650.0,-4.354804222759781e-13,173000.0,ASK
781,1712186880.559038,22264.89747639,168650.0,-0.0,173000.0,ASK
782,1712186909.982063,22265.19394837,168650.0,-7.594044655102847e-11,173000.0,ASK
783,1712186910.16555,22266.5620451,168550.0,3.504340497912766e-10,173000.0,BID
784,1712186910.5576348,22266.5620451,168550.0,0.0,173000.0,BID
785,1712186932.6121097,22346.72323043,168600.0,-2.053158182499561e-08,173000.0,ASK
786,1712186940.59244,22346.72323043,168600.0,-0.0,173000.0,ASK
787,1712186970.6026711,22346.72323043,168600.0,-0.0,173000.0,ASK
788,1712186990.6427157,22352.65442853,168600.0,1.513909593007436e-09,173000.0,BID
789,1712187000.653284,22352.65442853,168600.0,0.0,173000.0,BID
790,1712187030.5848858,22352.65442853,168600.0,0.0,173000.0,BID
791,1712187060.7735534,22352.65442853,168600.0,0.0,173000.0,BID
792,1712187068.27694,22352.73900253,168600.0,2.1637515249652207e-11,173000.0,BID
793,1712187080.7468138,22352.73900275,168600.0,5.628493829928528e-17,173000.0,BID
794,1712187090.813951,22352.73900275,168600.0,0.0,173000.0,BID
795,1712187120.2770195,22352.77454777,168800.0,9.093848068480434e-12,173000.0,BID
796,1712187120.6448517,22352.77454777,168800.0,0.0,173000.0,BID
797,1712187150.5471845,22352.77454777,168800.0,0.0,173000.0,BID
798,1712187171.0647829,22352.85938783,168800.0,2.170547186189636e-11,173000.0,BID
799,1712187171.0712955,22370.53817928,168800.0,4.5229401106863365e-09,173000.0,BID
800,1712187180.8100426,22370.53817928,168800.0,0.0,173000.0,BID
801,1712187197.4347963,22370.88282045,168450.0,-8.810537119461673e-11,173000.0,ASK
802,1712187210.7550282,22370.88282045,168450.0,-0.0,173000.0,ASK
803,1712187240.545034,22370.88282045,168450.0,-0.0,173000.0,ASK
804,1712187270.5755565,22370.88282045,168450.0,-0.0,173000.0,ASK
805,1712187300.770199,22370.88282045,168450.0,-0.0,173000.0,ASK
806,1712187330.7962148,22370.88282045,168450.0,-0.0,173000.0,ASK
807,1712187360.5540338,22370.88282045,168450.0,-0.0,173000.0,ASK
808,1712187362.2367058,22370.98742677,168450.0,-2.675881942945336e-11,173000.0,ASK
809,1712187362.2428193,22371.16552116,168450.0,-4.555743499430597e-11,173000.0,ASK
810,1712187362.3566644,22400.75284418,168450.0,7.568585092039952e-09,173000.0,BID
811,1712187362.376405,22402.11603969,168450.0,3.4871222406869205e-10,173000.0,BID
812,1712187362.3826292,22435.35496769,168450.0,8.50268389492846e-09,173000.0,BID
813,1712187390.54677,22435.35496769,168450.0,0.0,173000.0,BID
814,1712187420.7931638,22435.35496769,168450.0,0.0,173000.0,BID
815,1712187450.7671416,22435.35496769,168450.0,0.0,173000.0,BID
816,1712187472.28441,22436.08957127,168650.0,-1.8739466070544376e-10,173000.0,ASK
817,1712187472.2897463,22436.73182085,168450.0,-1.6383549632613068e-10,173000.0,ASK
818,1712187477.417334,22438.01282085,168450.0,-3.2677836985691927e-10,173000.0,ASK
819,1712187480.545436,22438.01282085,168450.0,-0.0,173000.0,ASK
820,1712187510.5662954,22438.01282085,168450.0,-0.0,173000.0,ASK
821,1712187540.812161,22438.01282085,168450.0,-0.0,173000.0,ASK
822,1712187570.788254,22438.01282085,168450.0,-0.0,173000.0,ASK
823,1712187600.6286073,22438.01282085,168450.0,-0.0,173000.0,ASK
824,1712187630.5456858,22438.01282085,168450.0,-0.0,173000.0,ASK
825,1712187660.7781038,22438.01282085,168450.0,-0.0,173000.0,ASK
826,1712187690.7841744,22438.01282085,168450.0,-0.0,173000.0,ASK
827,1712187701.7280822,22438.04250918,168450.0,-7.638900976826144e-12,173000.0,ASK
828,1712187701.734099,22441.09920706,168450.0,-7.86498008530158e-10,173000.0,ASK
829,1712187720.5403838,22441.09920706,168450.0,-0.0,173000.0,ASK
830,1712187750.542083,22441.09920706,168450.0,-0.0,173000.0,ASK
831,1712187779.2184591,22442.26202087,168450.0,-2.9915564328023533e-10,173000.0,ASK
832,1712187780.798252,22442.26202087,168450.0,-0.0,173000.0,ASK
833,1712187810.814845,22442.26202087,168450.0,-0.0,173000.0,ASK
834,1712187840.5495484,22442.26202087,168450.0,-0.0,173000.0,ASK
835,1712187849.4787526,22442.85566884,168450.0,-1.5271936905223116e-10,173000.0,ASK
836,1712187870.6381507,22442.85566884,168450.0,-0.0,173000.0,ASK
837,1712187900.5951884,22442.85566884,168450.0,-0.0,173000.0,ASK
838,1712187925.9393852,22443.15249283,168450.0,-7.733436394433703e-11,173000.0,ASK
839,1712187930.5523157,22443.15249283,168450.0,-0.0,173000.0,ASK
840,1712187960.808049,22443.15249283,168450.0,-0.0,173000.0,ASK
841,1712187990.7895253,22443.15249283,168450.0,-0.0,173000.0,ASK
842,1712188020.5998976,22443.15249283,168450.0,-0.0,173000.0,ASK
843,1712188050.5599935,22443.15249283,168450.0,-0.0,173000.0,ASK
844,1712188077.0698445,22444.29534997,168450.0,-2.9775551047829787e-10,173000.0,ASK
845,1712188080.8000474,22444.29534997,168450.0,-0.0,173000.0,ASK
846,1712188110.8028443,22444.29534997,168450.0,-0.0,173000.0,ASK
847,1712188133.5500803,22444.952865,168450.0,-1.7129779163754534e-10,173000.0,ASK
848,1712188140.5770144,22444.952865,168450.0,-0.0,173000.0,ASK
849,1712188170.564423,22444.952865,168450.0,-0.0,173000.0,ASK
850,1712188174.5616026,22445.48792202,168450.0,-1.3939064071828443e-10,173000.0,ASK
851,1712188174.5701876,22445.55023656,168500.0,-1.623390280347664e-11,173000.0,ASK
852,1712188200.587679,22445.55023656,168500.0,-0.0,173000.0,ASK
853,1712188215.360524,22447.39560956,168500.0,4.825294637387519e-10,173000.0,BID
854,1712188215.5645022,22448.58576856,168500.0,3.1120363418822385e-10,173000.0,BID
855,1712188215.6576066,22448.58576947,168500.0,2.3794755627319867e-16,173000.0,BID
856,1712188229.1995986,22455.65422901,168450.0,-1.8482659014171422e-09,173000.0,ASK
857,1712188229.2050934,22455.71415779,168500.0,-1.5670220641424427e-11,173000.0,ASK
858,1712188230.557026,22455.71415779,168500.0,-0.0,173000.0,ASK
859,1712188260.8104382,22455.71415779,168500.0,-0.0,173000.0,ASK
860,1712188290.8059926,22455.71415779,168500.0,-0.0,173000.0,ASK
861,1712188320.59211,22455.71415779,168500.0,-0.0,173000.0,ASK
862,1712188344.9714303,22457.25718449,168500.0,-4.032911715336424e-10,173000.0,ASK
863,1712188345.1511862,22458.63718448,168450.0,-3.6068190698399285e-10,173000.0,ASK
864,1712188346.661625,22460.08971318,168450.0,-3.796382791747567e-10,173000.0,ASK
865,1712188346.9218502,22465.23704362,168450.0,-1.3453253423394747e-09,173000.0,ASK
866,1712188346.9413197,22501.23704362,168450.0,-9.40909329384975e-09,173000.0,ASK
867,1712188347.0615816,22507.15101999,168450.0,-1.5456987611932544e-09,173000.0,ASK
868,1712188350.5769255,22507.15101999,168450.0,-0.0,173000.0,ASK
869,1712188354.0918298,22507.65101999,168400.0,-1.3038657574221644e-10,173000.0,ASK
870,1712188354.0990186,22537.65101999,168400.0,-7.823194544532986e-09,173000.0,ASK
871,1712188358.0811937,22541.41581748,168350.0,-9.817581061677694e-10,173000.0,ASK
872,1712188358.0913236,22541.53461759,168350.0,-3.097987908185554e-11,173000.0,ASK
873,1712188358.123601,22545.29941508,168300.0,-9.817581061677694e-10,173000.0,ASK
874,1712188358.1315718,22546.03048591,168250.0,-1.9064364429723816e-10,173000.0,ASK
875,1712188365.7968624,22546.9406039,168250.0,-2.3733433647471163e-10,173000.0,ASK
876,1712188366.6015234,22549.06421257,168250.0,-5.53780125395819e-10,173000.0,ASK
877,1712188380.2118175,22554.72167266,168050.0,1.4753136970672594e-09,173000.0,BID
878,1712188380.815687,22554.72167266,168050.0,0.0,173000.0,BID
879,1712188387.4614666,22556.66693481,168050.0,-5.06215055619327e-10,173000.0,ASK
880,1712188387.5813658,22567.6095312,168050.0,-2.847588969017557e-09,173000.0,ASK
881,1712188395.4722123,22567.7881512,167950.0,-4.648223543246767e-11,173000.0,ASK
882,1712188395.4792528,22572.55294869,167950.0,-1.239941992609246e-09,173000.0,ASK
883,1712188402.3815167,22580.41788404,167850.0,-2.046690049279866e-09,173000.0,ASK
884,1712188402.5014665,22598.51896615,167850.0,4.710439817630615e-09,173000.0,BID
885,1712188403.8017387,22608.51896615,167800.0,-2.6022973593543262e-09,173000.0,ASK
886,1712188404.021366,22619.01896615,167800.0,-2.7324122273220424e-09,173000.0,ASK
887,1712188410.8168297,22619.01896615,167800.0,-0.0,173000.0,ASK
888,1712188411.711954,22628.5457823,167800.0,-2.4722163699401487e-09,173000.0,ASK
889,1712188411.751613,22646.19988663,167800.0,4.581254118277336e-09,173000.0,BID
890,1712188426.1417212,22648.09254923,167650.0,-4.911474503999224e-10,173000.0,ASK
891,1712188426.1464446,22651.85734672,167750.0,-9.769679437223751e-10,173000.0,ASK
892,1712188440.5463498,22651.85734672,167750.0,-0.0,173000.0,ASK
893,1712188470.5592053,22651.85734672,167750.0,-0.0,173000.0,ASK
894,1712188500.8302448,22651.85734672,167750.0,-0.0,173000.0,ASK
895,1712188505.870677,22651.88715894,167750.0,-7.78310275025083e-12,173000.0,ASK
896,1712188505.9703972,22653.63987791,167750.0,4.5758389800415436e-10,173000.0,BID
897,1712188529.0797756,22659.57107591,167750.0,1.548463129072943e-09,173000.0,BID
898,1712188529.089791,22659.57107601,167750.0,2.610728759747341e-17,173000.0,BID
899,1712188530.8143923,22659.57107601,167750.0,0.0,173000.0,BID
900,1712188560.5683696,22659.57107601,167750.0,0.0,173000.0,BID
901,1712188563.3088825,22659.80952608,167750.0,-6.223134853606738e-11,173000.0,ASK
902,1712188564.6488178,22659.88204239,167750.0,-1.8925504035933348e-11,173000.0,ASK
903,1712188567.2185771,22659.91180429,168000.0,7.767341699987191e-12,173000.0,BID
904,1712188590.5437813,22659.91180429,168000.0,0.0,173000.0,BID
905,1712188620.7874887,22659.91180429,168000.0,0.0,173000.0,BID
906,1712188650.8166802,22659.91180429,168000.0,0.0,173000.0,BID
907,1712188668.2163303,22665.86121053,167850.0,1.5526690757225155e-09,173000.0,BID
908,1712188680.5460634,22665.86121053,167850.0,0.0,173000.0,BID
909,1712188710.4523158,22665.92082305,167750.0,-1.5553552185904364e-11,173000.0,ASK
910,1712188710.5615468,22665.92082305,167750.0,-0.0,173000.0,ASK
911,1712188713.4853635,22665.98043557,167750.0,1.5553511605106908e-11,173000.0,BID
912,1712188740.817146,22665.98043557,167750.0,0.0,173000.0,BID
913,1712188749.6586182,22670.58793361,167550.0,-1.2021398736677467e-09,173000.0,ASK
914,1712188749.6661804,22672.4600685,167650.0,-4.884577227412208e-10,173000.0,ASK
915,1712188749.6692865,22672.49584667,167700.0,-9.334863388102851e-12,173000.0,ASK
916,1712188749.6724713,22676.68043557,167600.0,-1.0917988739060155e-09,173000.0,ASK
917,1712188770.8377495,22676.68043557,167600.0,-0.0,173000.0,ASK
918,1712188800.703761,22676.68043557,167600.0,-0.0,173000.0,ASK
919,1712188830.5840075,22676.68043557,167600.0,-0.0,173000.0,ASK
920,1712188834.329838,1.61834119,167700.0,4.2594320140098936e-10,167700.0,BID
921,1712188840.3754325,1.67834119,167500.0,-1.5791844292154107e-11,167700.0,ASK
922,1712188840.3818514,2.86056875,167450.0,-3.111592257568877e-10,167700.0,ASK
923,1712188840.3880537,7.11740214,167600.0,-1.1203875012087079e-09,167700.0,ASK
924,1712188840.3914952,7.16109299,167550.0,-1.1499318336530998e-11,167700.0,ASK
925,1712188856.4705422,7.22074106,167650.0,1.5699217229458388e-11,167700.0,BID
926,1712188860.2029295,7.22074106,167650.0,0.0,167700.0,BID
927,1712188860.83765,7.22074106,167650.0,0.0,167700.0,BID
928,1712188881.322082,10.87406748,167450.0,-9.612398635201511e-10,167700.0,ASK
929,1712188881.542071,10.99350611,167450.0,-3.142592782613531e-11,167700.0,ASK
930,1712188881.5466995,13.61093091,167450.0,-6.8868005983606e-10,167700.0,ASK
931,1712188890.013032,14.79275443,167450.0,-3.1095383999924767e-10,167700.0,ASK
932,1712188890.810141,14.79275443,167450.0,-0.0,167700.0,ASK
933,1712188895.858466,23.10625225,167450.0,-2.1866648390601127e-09,167700.0,ASK
934,1712188901.6018453,46.20703091,167450.0,-6.076101966275873e-09,167700.0,ASK
935,1712188906.0253992,47.4014173,167450.0,-3.141544966766991e-10,167700.0,ASK
936,1712188917.4799995,48.53867976,167450.0,-2.9912942637483157e-10,167700.0,ASK
937,1712188920.1402454,48.53867976,167450.0,-0.0,167700.0,ASK
938,1712188920.7635477,48.53867976,167450.0,-0.0,167700.0,ASK
939,1712188934.1402614,49.30697976,167450.0,-2.0178285255563368e-10,167700.0,ASK
940,1712188934.4860172,55.27985039,167450.0,-1.5686878480634803e-09,167700.0,ASK
941,1712188950.5725684,55.27985039,167450.0,-0.0,167700.0,ASK
942,1712188952.3710935,55.85720147,167450.0,-1.5158794742833291e-10,167700.0,ASK
943,1712188958.2511964,61.6051943,167400.0,-1.5091795358423423e-09,167700.0,ASK
944,1712188958.261141,68.49411572,167350.0,-1.8087390744170358e-09,167700.0,ASK
945,1712188967.3706412,69.09166576,167350.0,1.5689133906066048e-10,167700.0,BID
946,1712188980.1884513,69.09166576,167350.0,0.0,167700.0,BID
947,1712188981.034821,71.4882587,167300.0,-6.292438295877697e-10,167700.0,ASK
948,1712188981.0781913,71.4882587,167300.0,-0.0,167700.0,ASK
949,1712188996.7656646,74.09166576,167300.0,-6.83057958837365e-10,167700.0,ASK
950,1712188996.7790096,77.08030891,167300.0,-7.841326548958033e-10,167700.0,ASK
951,1712188996.9303162,135.89596658,167300.0,1.5431510382301675e-08,167700.0,BID
952,1712189006.7701092,143.52632978,167350.0,2.001984396777259e-09,167700.0,BID
953,1712189010.8499696,143.52632978,167350.0,0.0,167700.0,BID
954,1712189026.0900302,205.74968053,167550.0,1.627412769838471e-08,167700.0,BID
955,1712189040.138301,205.74968053,167550.0,0.0,167700.0,BID
956,1712189040.8811977,205.74968053,167550.0,0.0,167700.0,BID
957,1712189058.1440785,205.78250655,167600.0,8.562093431475603e-12,167700.0,BID
958,1712189070.5621057,205.78250655,167600.0,0.0,167700.0,BID
959,1712189085.5351968,206.11216332,167750.0,8.598508179437833e-11,167750.0,BID
960,1712189100.1703572,206.11216332,167750.0,0.0,167750.0,BID
961,1712189100.811399,206.11216332,167750.0,0.0,167750.0,BID
962,1712189130.804924,206.11216332,167750.0,0.0,167750.0,BID
963,1712189160.1677823,206.11216332,167750.0,0.0,167750.0,BID
964,1712189160.7792785,206.11216332,167750.0,0.0,167750.0,BID
965,1712189190.598037,206.11216332,167750.0,0.0,167750.0,BID
966,1712189220.1937275,206.11216332,167750.0,0.0,167750.0,BID
967,1712189220.9252791,206.11216332,167750.0,0.0,167750.0,BID
968,1712189243.198791,206.14184571,168450.0,7.79557745327559e-12,168450.0,BID
969,1712189250.8263464,206.14184571,168450.0,0.0,168450.0,BID
970,1712189280.1832724,206.14184571,168450.0,0.0,168450.0,BID
971,1712189280.7814553,206.14184571,168450.0,0.0,168450.0,BID
972,1712189310.5881064,206.14184571,168450.0,0.0,168450.0,BID
973,1712189340.1837308,206.14184571,168450.0,0.0,168450.0,BID
974,1712189340.8935606,206.14184571,168450.0,0.0,168450.0,BID
975,1712189370.809898,206.14184571,168450.0,0.0,168450.0,BID
976,1712189400.1962132,206.14184571,168450.0,0.0,168450.0,BID
977,1712189400.8402865,206.14184571,168450.0,0.0,168450.0,BID
978,1712189429.2175343,206.17170332,168450.0,7.905820371970618e-12,168450.0,BID
979,1712189429.2247777,206.58570332,168450.0,1.0962061712228324e-10,168450.0,BID
980,1712189430.5876565,206.58570332,168450.0,0.0,168450.0,BID
981,1712189460.1847055,206.58570332,168450.0,0.0,168450.0,BID
982,1712189460.8271055,206.58570332,168450.0,0.0,168450.0,BID
983,1712189490.8079302,206.58570332,168450.0,0.0,168450.0,BID
984,1712189497.8413515,208.06892432,168600.0,3.927255616742375e-10,168600.0,BID
1184,1712189497.8413515,208.06892432,168600.0,3.9272556167423746e-10,168600.0,BID
985,1712189497.93275,208.06892512,168600.0,2.1182308088207924e-16,168600.0,BID
986,1712189520.203142,208.06892512,168600.0,0.0,168600.0,BID
987,1712189520.7801957,208.06892512,168600.0,0.0,168600.0,BID
988,1712189526.480358,208.12846512,168650.0,1.5763889387179626e-11,168650.0,BID
989,1712189540.3878183,208.24790375,168800.0,3.1622730128932224e-11,168800.0,BID
990,1712189540.3953292,213.24790375,168850.0,1.323806633118916e-09,168850.0,BID
991,1712189540.4014013,213.84137556,168900.0,1.5712838372941327e-10,168900.0,BID
992,1712189540.406028,213.90091555,168800.0,1.5763886739571784e-11,168900.0,BID
993,1712189540.4095385,214.28086831,168950.0,1.005967967919628e-10,168950.0,BID
994,1712189550.54695,214.28086831,168950.0,0.0,168950.0,BID
995,1712189570.0265758,216.28086831,168900.0,5.29375636631927e-10,168950.0,BID
996,1712189580.1774497,216.28086831,168900.0,0.0,168950.0,BID
997,1712189580.8025467,216.28086831,168900.0,0.0,168950.0,BID
998,1712189609.6368463,216.31046003,169000.0,7.831867547642504e-12,169000.0,BID
999,1712189609.797706,216.39921103,169000.0,-2.348920835694996e-11,169000.0,ASK
1000,1712189610.7896516,216.39921103,169000.0,-0.0,169000.0,ASK
1201,1712189611.3067632,216.51751922,169050.0,3.131177130993535e-11,169050.0,BID
1202,1712189619.036659,216.63582741,169050.0,3.131177130993535e-11,169050.0,BID
1203,1712189620.7065222,216.7541356,169050.0,3.131177130994287e-11,169050.0,BID
1204,1712189632.246652,219.8087102,168650.0,-8.08432123966586e-10,169050.0,ASK
1205,1712189632.2492716,219.80871067,169000.0,-1.2439149496669855e-16,169050.0,ASK
1206,1712189640.1881435,219.80871067,169000.0,-0.0,169050.0,ASK
1207,1712189640.784872,219.80871067,169000.0,-0.0,169050.0,ASK
1208,1712189670.536681,219.80871067,169000.0,-0.0,169050.0,ASK
1209,1712189672.4161491,219.92698388,169100.0,3.1297749205111567e-11,169100.0,BID
1210,1712189673.7366884,220.0136604,169100.0,2.2936554989351577e-11,169100.0,BID
1211,1712189678.0560808,220.13193361,169100.0,3.129774920511909e-11,169100.0,BID
1212,1712189685.8542745,220.25062797,168500.0,-3.1409194959212905e-11,169100.0,ASK
1213,1712189685.8570063,223.90786246,168500.0,-9.67786431536939e-10,169100.0,ASK
1214,1712189685.8590617,232.60786246,168450.0,-2.302215506660453e-09,169100.0,ASK
1215,1712189685.8604462,232.72645125,168650.0,-3.138125876483633e-11,169100.0,ASK
1216,1712189685.8615687,336.19158146,168450.0,-2.7379198525069484e-08,169100.0,ASK
1217,1712189685.8626995,342.67055711,168650.0,-1.714482552724764e-09,169100.0,ASK
1218,1712189685.8638625,342.78921626,168550.0,-3.139987760196707e-11,169100.0,ASK
1219,1712189685.8650146,368.98921626,168450.0,-6.933108767184337e-09,169100.0,ASK
1220,1712189700.2120786,368.98921626,168450.0,-0.0,169100.0,ASK
1221,1712189700.809238,368.98921626,168450.0,-0.0,169100.0,ASK
1222,1712189730.6484015,368.98921626,168450.0,-0.0,169100.0,ASK
1223,1712189760.796484,368.98921626,168450.0,-0.0,169100.0,ASK
1224,1712189790.797186,368.98921626,168450.0,-0.0,169100.0,ASK
1225,1712189820.5301094,368.98921626,168450.0,-0.0,169100.0,ASK
1226,1712189850.5198596,368.98921626,168450.0,-0.0,169100.0,ASK
1227,1712189880.085843,370.47333617,168450.0,-3.9646793810193e-10,169100.0,ASK
1228,1712189880.1715276,373.81361292,168450.0,8.923218581188152e-10,169100.0,BID
1229,1712189880.172817,374.88718146,168450.0,2.8679320491354154e-10,169100.0,BID
1230,1712189880.8086438,374.88718146,168450.0,0.0,169100.0,BID
1231,1712189910.8457444,374.88718146,168450.0,0.0,169100.0,BID
1232,1712189940.516357,374.88718146,168450.0,0.0,169100.0,BID
1233,1712189970.5517583,374.88718146,168450.0,0.0,169100.0,BID
1234,1712189993.1963007,375.74958749,168650.0,-2.3032210222415527e-10,169100.0,ASK
1235,1712189993.1977315,376.29778655,168650.0,-1.4640709311425847e-10,169100.0,ASK
1236,1712189993.1991954,380.72131067,168600.0,-1.1813871182668601e-09,169100.0,ASK
1237,1712190000.5943377,380.72131067,168600.0,-0.0,169100.0,ASK
1238,1712190030.5851257,380.72131067,168600.0,-0.0,169100.0,ASK
1239,1712190036.2251143,381.72131067,168400.0,-2.68740412924758e-10,169100.0,ASK
1240,1712190060.8421917,381.72131067,168400.0,-0.0,169100.0,ASK
1241,1712190066.2352462,382.90966479,168300.0,-3.193443246994434e-10,169100.0,ASK
1242,1712190068.0740168,401.62474485,168300.0,5.029270739143399e-09,169100.0,BID
1243,1712190090.808503,401.62474485,168300.0,0.0,169100.0,BID
1244,1712190098.0910287,401.74682085,168650.0,3.277576619242888e-11,169100.0,BID
1245,1712190098.1556349,408.62474485,168650.0,1.846630205063312e-09,169100.0,BID
1246,1712190098.1875267,408.74682085,168700.0,3.277576619242888e-11,169100.0,BID
1247,1712190098.248501,424.13400294,168700.0,4.131251700106487e-09,169100.0,BID
1248,1712190120.561976,424.13400294,168700.0,0.0,169100.0,BID
1249,1712190125.9769409,432.83400294,169200.0,2.3334543347659038e-09,169200.0,BID
1250,1712190125.9792953,433.63033633,169200.0,2.1358708055336383e-10,169200.0,BID
1251,1712190146.8949668,436.60475631,168650.0,-7.977785282466023e-10,169200.0,ASK
1252,1712190147.2045352,442.51492179,169200.0,1.585184052699977e-09,169200.0,BID
1253,1712190150.5780349,442.51492179,169200.0,0.0,169200.0,BID
1254,1712190158.3455114,460.24541824,169150.0,4.751590674592794e-09,169200.0,BID
1255,1712190180.797481,460.24541824,169150.0,0.0,169200.0,BID
1256,1712190210.815064,460.24541824,169150.0,0.0,169200.0,BID
1257,1712190240.5552273,460.24541824,169150.0,0.0,169200.0,BID
1258,1712190270.5704305,460.24541824,169150.0,0.0,169200.0,BID
1259,1712190300.7745123,460.24541824,169150.0,0.0,169200.0,BID
1260,1712190330.8065195,460.24541824,169150.0,0.0,169200.0,BID
1261,1712190352.0168931,460.68412658,168600.0,-1.1892795563361685e-10,169200.0,ASK
1262,1712190360.568039,460.68412658,168600.0,-0.0,169200.0,ASK
1263,1712190372.799585,476.5111168,169000.0,4.290399059999872e-09,169200.0,BID
1264,1712190390.5645568,476.5111168,169000.0,0.0,169200.0,BID
1265,1712190420.8146088,476.5111168,169000.0,0.0,169200.0,BID
1266,1712190423.7646284,477.65884671,169000.0,-3.10902540863407e-10,169200.0,ASK
1267,1712190423.767627,477.8363615,169000.0,-4.808605123120504e-11,169200.0,ASK
1268,1712190427.1744514,477.89867604,169050.0,1.688005919330937e-11,169200.0,BID
1269,1712190427.1849334,480.79235459,169150.0,7.83853418647056e-10,169200.0,BID
1270,1712190450.7866786,480.79235459,169150.0,0.0,169200.0,BID
1271,1712190480.554325,480.79235459,169150.0,0.0,169200.0,BID
1272,1712190488.8446307,480.98260574,169000.0,-5.152603220418227e-11,169200.0,ASK
1273,1712190488.847652,483.79235459,168800.0,-7.60968907314192e-10,169200.0,ASK
1274,1712190510.5849595,483.79235459,168800.0,-0.0,169200.0,ASK
1275,1712190540.5826108,483.79235459,168800.0,-0.0,169200.0,ASK
1276,1712190570.575995,483.79235459,168800.0,-0.0,169200.0,ASK
1277,1712190578.314872,484.38354584,169150.0,1.6009134159699355e-10,169200.0,BID
1278,1712190600.7170634,484.38354584,169150.0,0.0,169200.0,BID
1279,1712190622.3970964,487.57664437,169150.0,9.017346056420475e-10,169200.0,BID
1280,1712190622.4002788,489.09177457,169150.0,4.2787446756093404e-10,169200.0,BID
1281,1712190622.4570775,492.11718844,169150.0,-8.54380269614938e-10,169200.0,ASK
1282,1712190622.4768848,502.11928335,169150.0,-2.8246028190251942e-09,169200.0,ASK
1283,1712190630.5611064,502.11928335,169150.0,-0.0,169200.0,ASK
1284,1712190660.8024056,502.11928335,169150.0,-0.0,169200.0,ASK
1285,1712190690.8122506,502.11928335,169150.0,-0.0,169200.0,ASK
1286,1712190701.2040114,508.04520927,168750.0,-1.672071540561507e-09,169200.0,ASK
1287,1712190701.2106848,511.00817223,168750.0,-8.360357702807619e-10,169200.0,ASK
1288,1712190720.6836324,511.00817223,168750.0,-0.0,169200.0,ASK
1289,1712190728.469118,511.12679619,168600.0,-3.3457021977644823e-11,169200.0,ASK
1290,1712190728.4716418,511.60465299,168600.0,-1.347760221440024e-10,169200.0,ASK
1291,1712190750.5355709,511.60465299,168600.0,-0.0,169200.0,ASK
1292,1712190772.1206071,529.89658399,168900.0,5.158959280506918e-09,169200.0,BID
1293,1712190772.1285355,570.78169265,168900.0,1.1531019374391973e-08,169200.0,BID
1294,1712190780.5821776,570.78169265,168900.0,0.0,169200.0,BID
1295,1712190801.4949734,576.69185813,168550.0,-1.6621861521475063e-09,169200.0,ASK
1296,1712190810.5274844,576.69185813,168550.0,-0.0,169200.0,ASK
1297,1712190812.9404776,580.69324404,168850.0,1.125042171137917e-09,169200.0,BID
1298,1712190840.7852042,580.69324404,168850.0,0.0,169200.0,BID
1299,1712190870.7957792,580.69324404,168850.0,0.0,169200.0,BID
1300,1712190900.5995054,580.69324404,168850.0,0.0,169200.0,BID
1301,1712190920.371768,581.40471694,168850.0,-2.087580644888492e-10,169200.0,ASK
1302,1712190920.4716332,584.83090754,168850.0,1.0053017033057872e-09,169200.0,BID
1303,1712190929.911884,585.27320305,168850.0,-1.2977691012505394e-10,169200.0,ASK
1304,1712190930.5766115,585.27320305,168850.0,-0.0,169200.0,ASK
1305,1712190960.8234916,585.27320305,168850.0,-0.0,169200.0,ASK
1306,1712190990.8057702,585.27320305,168850.0,-0.0,169200.0,ASK
1307,1712191020.53311,585.27320305,168850.0,-0.0,169200.0,ASK
1308,1712191031.1760263,586.61852605,168850.0,-3.946507504960497e-10,169200.0,ASK
1309,1712191031.1963518,586.61852671,168850.0,-1.936111087229332e-16,169200.0,ASK
1310,1712191050.5975406,586.61852671,168850.0,-0.0,169200.0,ASK
1311,1712191080.798422,586.61852671,168850.0,-0.0,169200.0,ASK
1312,1712191110.8049643,586.61852671,168850.0,-0.0,169200.0,ASK
1313,1712191140.5703523,586.61852671,168850.0,-0.0,169200.0,ASK
1314,1712191170.5966709,586.61852671,168850.0,-0.0,169200.0,ASK
1315,1712191200.6693213,586.61852671,168850.0,-0.0,169200.0,ASK
1316,1712191230.5798335,586.61852671,168850.0,-0.0,169200.0,ASK
1317,1712191252.0747523,588.3931496,169050.0,5.271641981643162e-10,169200.0,BID
1318,1712191260.8049784,588.3931496,169050.0,0.0,169200.0,BID
1319,1712191290.8166077,588.3931496,169050.0,0.0,169200.0,BID
1320,1712191320.5974598,588.3931496,169050.0,0.0,169200.0,BID
1321,1712191333.2597947,594.31786951,168900.0,-1.7598228466576875e-09,169200.0,ASK
1322,1712191350.565617,594.31786951,168900.0,-0.0,169200.0,ASK
1323,1712191379.9556856,600.15970249,169450.0,1.73468728760962e-09,169450.0,BID
1324,1712191379.969578,600.21935056,169350.0,1.771203475238957e-11,169450.0,BID
1325,1712191380.8074214,600.21935056,169350.0,0.0,169450.0,BID
1326,1712191410.7963364,600.21935056,169350.0,0.0,169450.0,BID
1327,1712191440.565834,600.21935056,169350.0,0.0,169450.0,BID
1328,1712191444.669428,600.80949514,169450.0,1.7518686512501688e-10,169450.0,BID
1329,1712191464.2964108,610.88421558,169450.0,2.9907225292054716e-09,169450.0,BID
1330,1712191464.4166048,634.66502758,169450.0,-7.059432629894313e-09,169450.0,ASK
1331,1712191464.4200158,650.80949514,169450.0,-4.792552125021384e-09,169450.0,ASK
1332,1712191470.5814695,650.80949514,169450.0,-0.0,169450.0,ASK
1333,1712191500.6069734,650.80949514,169450.0,-0.0,169450.0,ASK
1334,1712191530.6009028,650.80949514,169450.0,-0.0,169450.0,ASK
1335,1712191560.8387475,650.80949514,169450.0,-0.0,169450.0,ASK
1336,1712191565.917126,650.95449514,169450.0,4.342406539496568e-11,169450.0,BID
1337,1712191590.8167138,650.95449514,169450.0,0.0,169450.0,BID
1338,1712191612.8094842,651.34000786,169450.0,1.154510785136954e-10,169450.0,BID
1339,1712191612.811661,652.05449514,169450.0,2.1397044190992662e-10,169450.0,BID
1340,1712191620.569172,652.05449514,169450.0,0.0,169450.0,BID
1341,1712191631.37152,665.36956614,169450.0,3.987296457546145e-09,169450.0,BID
1342,1712191631.4666653,683.07724014,169450.0,5.302693903140436e-09,169450.0,BID
1343,1712191631.4916017,687.38951746,169450.0,1.291343326820614e-09,169450.0,BID
1344,1712191639.428604,693.40948145,169500.0,1.802722726141125e-09,169500.0,BID
1345,1712191639.438108,693.45536346,169500.0,1.3739707128688919e-11,169500.0,BID
1346,1712191639.507566,693.45536416,169500.0,2.0962020564578646e-16,169500.0,BID
1347,1712191650.602773,693.45536416,169500.0,0.0,169500.0,BID
1348,1712191650.9378593,693.49650486,169600.0,1.2294058238613195e-11,169600.0,BID
1349,1712191680.8290975,693.49650486,169600.0,0.0,169600.0,BID
1350,1712191709.4300508,699.35159057,169600.0,-1.749669174856231e-09,169600.0,ASK
1351,1712191710.8030806,699.35159057,169600.0,-0.0,169600.0,ASK
1352,1712191711.858609,699.88319057,169300.0,-1.5881034926434454e-10,169600.0,ASK
1353,1712191711.8619845,708.58319057,169300.0,-2.599040704664668e-09,169600.0,ASK
1354,1712191711.865434,738.13401799,169200.0,-8.828023370241395e-09,169600.0,ASK
1355,1712191711.868846,742.27167801,169250.0,-1.236085840694662e-09,169600.0,ASK
1356,1712191711.8717847,774.33522852,169100.0,-9.578675047305888e-09,169600.0,ASK
1357,1712191716.71866,775.10362852,169650.0,2.2955205488096902e-10,169650.0,BID
1358,1712191716.721677,775.63522852,169600.0,1.5881034926434454e-10,169650.0,BID
1359,1712191740.5408628,775.63522852,169600.0,0.0,169650.0,BID
1360,1712191752.3413448,776.86682852,169650.0,3.665154865961731e-10,169650.0,BID
1361,1712191752.3449593,776.91266996,169650.0,1.3642089710840566e-11,169650.0,BID
1362,1712191752.3490536,777.01521737,169700.0,3.0517387037437166e-11,169700.0,BID
1363,1712191752.3519258,778.78940058,169750.0,5.279844288112617e-10,169750.0,BID
1364,1712191752.3534975,778.83522852,169700.0,1.3638072205906016e-11,169750.0,BID
1365,1712191770.5933006,778.83522852,169700.0,0.0,169750.0,BID
1366,1712191794.254733,780.73522852,169700.0,5.65335254350359e-10,169750.0,BID
1367,1712191795.4607396,781.19221025,169250.0,-1.3597256977002618e-10,169750.0,ASK
1368,1712191800.6485794,781.19221025,169250.0,-0.0,169750.0,ASK
1369,1712191804.0486915,781.25703052,169700.0,1.9431799368000824e-11,169750.0,BID
1370,1712191813.228582,781.37488555,169700.0,3.533054239783696e-11,169750.0,BID
1371,1712191830.5273757,781.37488555,169700.0,0.0,169750.0,BID
1372,1712191860.8305385,781.37488555,169700.0,0.0,169750.0,BID
1373,1712191880.260426,787.26590175,169750.0,1.7659905005742627e-09,169750.0,BID
1374,1712191890.8031037,787.26590175,169750.0,0.0,169750.0,BID
1375,1712191895.0691054,787.30124784,169750.0,1.0592765378805612e-11,169750.0,BID
1376,1712191920.531118,787.30124784,169750.0,0.0,169750.0,BID
1377,1712191950.6076283,787.30124784,169750.0,0.0,169750.0,BID
1378,1712191952.8591106,787.50124784,169750.0,5.99373018728242e-11,169750.0,BID
1379,1712191968.7173223,788.40124784,169750.0,2.6971785842764056e-10,169750.0,BID
1380,1712191980.6200223,788.40124784,169750.0,0.0,169750.0,BID
1381,1712192009.349569,788.80124784,169750.0,1.198678960623984e-10,169750.0,BID
1382,1712192010.5596812,788.80124784,169750.0,0.0,169750.0,BID
1383,1712192016.1667883,789.40124784,169750.0,1.7979818563648342e-10,169750.0,BID
1384,1712192016.168782,793.51467346,169750.0,1.232644105377677e-09,169750.0,BID
1385,1712192039.2403016,794.11467346,169800.0,1.7979818563644935e-10,169800.0,BID
1386,1712192040.8034315,794.11467346,169800.0,0.0,169800.0,BID
1387,1712192070.8399107,794.11467346,169800.0,0.0,169800.0,BID
1388,1712192071.7233093,797.82473246,169750.0,-1.1114693736041384e-09,169800.0,ASK
1389,1712192071.7597802,800.00568966,169750.0,-6.53376976738516e-10,169800.0,ASK
1390,1712192100.5852897,800.00568966,169750.0,-0.0,169800.0,ASK
1391,1712192130.594325,800.00568966,169750.0,-0.0,169800.0,ASK
1392,1712192160.8304677,800.00568966,169750.0,-0.0,169800.0,ASK
1393,1712192182.5202858,803.56574726,169350.0,-1.0789950396546735e-09,169800.0,ASK
1394,1712192190.926164,803.56574726,169350.0,-0.0,169800.0,ASK
1395,1712192220.574632,803.56574726,169350.0,-0.0,169800.0,ASK
1396,1712192250.5943248,803.56574726,169350.0,-0.0,169800.0,ASK
1397,1712192280.6488864,803.56574726,169350.0,-0.0,169800.0,ASK
1398,1712192310.6017866,803.56574726,169350.0,-0.0,169800.0,ASK
1399,1712192340.821194,803.56574726,169350.0,-0.0,169800.0,ASK
1400,1712192370.821252,803.56574726,169350.0,-0.0,169800.0,ASK
1401,1712192399.0208654,803.67266921,169800.0,3.240036805676045e-11,169800.0,BID
1402,1712192400.9270632,803.67266921,169800.0,0.0,169800.0,BID
1403,1712192418.4612784,805.43997321,169750.0,-5.403587231550852e-10,169800.0,ASK
1404,1712192430.8226016,805.43997321,169750.0,-0.0,169800.0,ASK
1405,1712192446.5112312,805.43997407,169750.0,-2.6292357176570873e-16,169800.0,ASK
1406,1712192460.552023,805.43997407,169750.0,-0.0,169800.0,ASK
1407,1712192490.5722308,805.43997407,169750.0,-0.0,169800.0,ASK
1408,1712192492.540347,836.61554784,169550.0,-9.531154890827316e-09,169800.0,ASK
1409,1712192504.591751,837.61554784,169500.0,-3.0572508339843483e-10,169800.0,ASK
1410,1712192504.5949306,937.46871974,169500.0,-3.052761930672575e-08,169800.0,ASK
1411,1712192504.6315365,940.40178902,169500.0,8.96712850241399e-10,169800.0,BID
1412,1712192516.3743677,941.28170902,169650.0,-2.6901361538394163e-10,169800.0,ASK
1413,1712192516.401931,941.2817098,169650.0,-2.384655804368937e-16,169800.0,ASK
1414,1712192520.8321152,941.2817098,169650.0,-0.0,169800.0,ASK
1415,1712192524.232315,943.3817098,169600.0,6.375345022331436e-10,169800.0,BID
1416,1712192550.8315065,943.3817098,169600.0,0.0,169800.0,BID
1417,1712192580.5827532,943.3817098,169600.0,0.0,169800.0,BID
1418,1712192589.1413314,943.41179403,169350.0,-9.132219522489438e-12,169800.0,ASK
1419,1712192610.549687,943.41179403,169350.0,-0.0,169800.0,ASK
1420,1712192640.781715,943.41179403,169350.0,-0.0,169800.0,ASK
1421,1712192670.853559,943.41179403,169350.0,-0.0,169800.0,ASK
1422,1712192674.8204937,943.67695633,169350.0,-8.049122705511909e-11,169800.0,ASK
1423,1712192674.9431124,962.00089255,169350.0,5.562314517664461e-09,169800.0,BID
1424,1712192700.5663743,962.00089255,169350.0,0.0,169800.0,BID
1425,1712192730.5610442,962.00089255,169350.0,0.0,169800.0,BID
1426,1712192756.6509233,963.66802998,169350.0,5.06989866661253e-10,169800.0,BID
1427,1712192760.8402953,963.66802998,169350.0,0.0,169800.0,BID
1428,1712192765.4205892,963.78612859,169050.0,-3.591165138899089e-11,169800.0,ASK
1429,1712192765.4246423,964.35933436,168950.0,-1.743015077519531e-10,169800.0,ASK
1430,1712192765.4277456,964.65492998,169150.0,-8.988528194833415e-11,169800.0,ASK
1431,1712192765.6596713,965.63362998,168950.0,-2.9760496939313005e-10,169800.0,ASK
1432,1712192765.779425,967.54242998,168900.0,-5.804315577578251e-10,169800.0,ASK
1433,1712192766.0236032,969.21782998,169000.0,-5.09458838991798e-10,169800.0,ASK
1434,1712192769.1296654,969.36545324,169350.0,4.4889563476033227e-11,169800.0,BID
1435,1712192774.954984,970.35235324,168950.0,-3.0009844108927807e-10,169800.0,ASK
1436,1712192775.3348024,971.33105324,168950.0,-2.9760496939313005e-10,169800.0,ASK
1437,1712192775.409539,973.23985324,168950.0,-5.804315577578596e-10,169800.0,ASK
1438,1712192775.500266,974.91525324,168950.0,-5.09458838991763e-10,169800.0,ASK
1439,1712192775.7394958,975.01563706,169350.0,3.052490413679315e-11,169800.0,BID
1440,1712192779.489705,986.82549829,169350.0,3.59116520883954e-09,169800.0,BID
1441,1712192790.813167,986.82549829,169350.0,0.0,169800.0,BID
1442,1712192820.6867025,986.82549829,169350.0,0.0,169800.0,BID
1443,1712192850.5409873,986.82549829,169350.0,0.0,169800.0,BID
1444,1712192880.8236277,986.82549829,169350.0,0.0,169800.0,BID
1445,1712192910.7841003,986.82549829,169350.0,0.0,169800.0,BID
1446,1712192940.589112,986.82549829,169350.0,0.0,169800.0,BID
1447,1712192970.5710394,986.82549829,169350.0,0.0,169800.0,BID
1448,1712193000.6003437,986.82549829,169350.0,0.0,169800.0,BID
1449,1712193030.5740318,986.82549829,169350.0,0.0,169800.0,BID
1450,1712193060.7932212,986.82549829,169350.0,0.0,169800.0,BID
1451,1712193073.4984255,986.88002391,169350.0,1.6652289336356748e-11,169800.0,BID
1452,1712193073.5004995,987.17979412,169350.0,9.155072920485143e-11,169800.0,BID
1453,1712193090.8319716,987.17979412,169350.0,0.0,169800.0,BID
1454,1712193091.239004,1001.03469521,169350.0,4.2312511820407325e-09,169800.0,BID
1455,1712193118.6785614,1005.05654721,169350.0,-1.228263263551941e-09,169800.0,ASK
1456,1712193118.6998763,1005.05654758,169350.0,-1.129970691991832e-16,169800.0,ASK
1457,1712193120.5648236,1005.05654758,169350.0,-0.0,169800.0,ASK
1458,1712193149.5084178,1007.38477877,169150.0,-7.10379026964011e-10,169800.0,ASK
1459,1712193150.588423,1007.38477877,169150.0,-0.0,169800.0,ASK
1460,1712193153.6784763,1007.91700877,169100.0,-1.6237202116115324e-10,169800.0,ASK
1461,1712193153.7219512,1008.54889436,169100.0,1.9277481613379203e-10,169800.0,BID
1462,1712193153.7406633,1008.9031902,169500.0,1.0808810407116879e-10,169800.0,BID
1463,1712193153.8582642,1013.70799038,169500.0,-1.4658420541908947e-09,169800.0,ASK
1464,1712193153.8980968,1014.24022038,169500.0,-1.6237202116115324e-10,169800.0,ASK
1465,1712193158.585832,1025.98692419,169500.0,-3.583668789078104e-09,169800.0,ASK
1466,1712193180.8193672,1025.98692419,169500.0,-0.0,169800.0,ASK
1467,1712193185.108875,1042.956266,169500.0,5.172009860681462e-09,169800.0,BID
1468,1712193189.748768,1059.50137426,169500.0,5.042709612716746e-09,169800.0,BID
1469,1712193201.0699763,1071.55686534,169500.0,3.6743392548304574e-09,169800.0,BID
1470,1712193205.4184062,1075.63285482,169550.0,-1.242302619549473e-09,169800.0,ASK
1471,1712193210.7981544,1075.63285482,169550.0,-0.0,169800.0,ASK
1472,1712193240.521012,1075.63285482,169550.0,-0.0,169800.0,ASK
1473,1712193250.458012,1077.58461088,169500.0,5.933451796162862e-10,169800.0,BID
1474,1712193256.684206,1078.23415326,169600.0,1.97464656587055e-10,169800.0,BID
1475,1712193256.692586,1080.84782216,169700.0,7.945705279009168e-10,169800.0,BID
1476,1712193270.5242963,1080.84782216,169700.0,0.0,169800.0,BID
1477,1712193300.6323168,1080.84782216,169700.0,0.0,169800.0,BID
1478,1712193330.5613213,1080.84782216,169700.0,0.0,169800.0,BID
1479,1712193360.7801769,1080.84782216,169700.0,0.0,169800.0,BID
1480,1712193390.8179264,1080.84782216,169700.0,0.0,169800.0,BID
1481,1712193420.588878,1080.84782216,169700.0,0.0,169800.0,BID
1482,1712193450.615665,1080.84782216,169700.0,0.0,169800.0,BID
1483,1712193480.7680986,1080.84782216,169700.0,0.0,169800.0,BID
1484,1712193510.7683933,1080.84782216,169700.0,0.0,169800.0,BID
1485,1712193540.5787754,1080.84782216,169700.0,0.0,169800.0,BID
1486,1712193570.5887048,1080.84782216,169700.0,0.0,169800.0,BID
1487,1712193600.5827117,1080.84782216,169700.0,0.0,169800.0,BID
1488,1712193630.570691,1080.84782216,169700.0,0.0,169800.0,BID
1489,1712193660.6791224,1080.84782216,169700.0,0.0,169800.0,BID
1490,1712193690.5686688,1080.84782216,169700.0,0.0,169800.0,BID
1491,1712193720.8032453,1080.84782216,169700.0,0.0,169800.0,BID
1492,1712193750.8085785,1080.84782216,169700.0,0.0,169800.0,BID
1493,1712193754.868234,1080.87729182,169700.0,9.044479358607038e-12,169800.0,BID
1494,1712193754.8803155,1080.94372551,169700.0,2.0389042083366645e-11,169800.0,BID
1495,1712193780.5635777,1080.94372551,169700.0,0.0,169800.0,BID
1496,1712193810.5882258,1080.94372551,169700.0,0.0,169800.0,BID
1497,1712193840.7802465,1080.94372551,169700.0,0.0,169800.0,BID
1498,1712193870.8099315,1080.94372551,169700.0,0.0,169800.0,BID
1499,1712193900.6190054,1080.94372551,169700.0,0.0,169800.0,BID
1500,1712193904.4680288,1082.12401451,169500.0,-3.6344792512715527e-10,169800.0,ASK
1501,1712193930.558384,1082.12401451,169500.0,-0.0,169800.0,ASK
1502,1712193960.8080857,1082.12401451,169500.0,-0.0,169800.0,ASK
1503,1712193970.4784806,1082.12401468,169500.0,-5.234510268272984e-17,169800.0,ASK
1504,1712193970.4828277,1082.94836951,169300.0,-2.5382901676155127e-10,169800.0,ASK
1505,1712193970.4980185,1082.94837055,169300.0,-3.202287975779629e-16,169800.0,ASK
1506,1712193989.9786215,1083.82582875,169050.0,-2.7018019916908607e-10,169800.0,ASK
1507,1712193989.9822814,1084.67619559,169200.0,-2.6183843537837987e-10,169800.0,ASK
1508,1712193989.9858944,1085.58053822,169100.0,-2.784582466612357e-10,169800.0,ASK
1509,1712193989.9893706,1088.49345238,169050.0,-8.969221871892494e-10,169800.0,ASK
1510,1712193990.8021183,1088.49345238,169050.0,-0.0,169800.0,ASK
1511,1712194020.574663,1088.49345238,169050.0,-0.0,169800.0,ASK
1512,1712194050.642872,1088.49345238,169050.0,-0.0,169800.0,ASK
1513,1712194080.7681231,1088.49345238,169050.0,-0.0,169800.0,ASK
1514,1712194110.7971,1088.49345238,169050.0,-0.0,169800.0,ASK
1515,1712194140.6157382,1088.49345238,169050.0,-0.0,169800.0,ASK
1516,1712194170.564877,1088.49345238,169050.0,-0.0,169800.0,ASK
1517,1712194200.7185566,1088.49345238,169050.0,-0.0,169800.0,ASK
1518,1712194230.59356,1088.49345238,169050.0,-0.0,169800.0,ASK
1519,1712194260.818739,1088.49345238,169050.0,-0.0,169800.0,ASK
1520,1712194290.7885897,1088.49345238,169050.0,-0.0,169800.0,ASK
1521,1712194297.9483926,1094.41061214,169000.0,-1.8287826927065527e-09,169800.0,ASK
1522,1712194297.959031,1110.91731014,169000.0,-5.101630653983508e-09,169800.0,ASK
1523,1712194297.9635477,1120.56902968,169050.0,-2.983001704454559e-09,169800.0,ASK
1524,1712194297.9671972,1126.28299559,168900.0,-1.765982732722929e-09,169800.0,ASK
1525,1712194297.97106,1126.34333276,169050.0,-1.8648063716154768e-11,169800.0,ASK
1526,1712194320.5991302,1126.34333276,169050.0,-0.0,169800.0,ASK
1527,1712194350.551463,1126.34333276,169050.0,-0.0,169800.0,ASK
1528,1712194380.815688,1126.34333276,169050.0,-0.0,169800.0,ASK
1529,1712194410.800759,1126.34333276,169050.0,-0.0,169800.0,ASK
1530,1712194440.57407,1126.34333276,169050.0,-0.0,169800.0,ASK
1531,1712194442.428943,1126.52100276,168850.0,-5.4803107150189185e-11,169800.0,ASK
1532,1712194444.1087215,1127.97429496,168850.0,4.4827448729166684e-10,169800.0,BID
1533,1712194444.1186428,1129.42177225,168850.0,4.4648085226162455e-10,169800.0,BID
1534,1712194445.769589,1133.39860581,168850.0,1.2266721208257e-09,169800.0,BID
1535,1712194447.5561855,1137.87254356,168850.0,1.3800061343866651e-09,169800.0,BID
1536,1712194448.086481,1142.47075738,168850.0,1.4183396447171111e-09,169800.0,BID
1537,1712194448.1287994,1147.60158281,168850.0,1.5826260809881291e-09,169800.0,BID
1538,1712194467.9294903,1168.32837661,168850.0,-6.393272367316121e-09,169800.0,ASK
1539,1712194470.5936484,1168.32837661,168850.0,-0.0,169800.0,ASK
1540,1712194500.8024645,1168.32837661,168850.0,-0.0,169800.0,ASK
1541,1712194530.801803,1168.32837661,168850.0,-0.0,169800.0,ASK
1542,1712194560.6293125,1168.32837661,168850.0,-0.0,169800.0,ASK
1543,1712194590.7642205,1168.32837661,168850.0,-0.0,169800.0,ASK
1544,1712194620.808853,1168.32837661,168850.0,-0.0,169800.0,ASK
1545,1712194639.9053895,1168.38837661,168850.0,-1.8516109026018728e-11,169800.0,ASK
1546,1712194649.9497657,1168.98079367,168800.0,-1.8282098119735667e-10,169800.0,ASK
1547,1712194649.9572682,1170.16562779,168800.0,-3.6564196239478335e-10,169800.0,ASK
1548,1712194649.961964,1170.19527213,168700.0,-9.14829719074914e-12,169800.0,ASK
1549,1712194649.9646287,1172.25016747,168650.0,-6.341444358755501e-10,169800.0,ASK
1550,1712194650.0490243,1174.65413258,168650.0,7.41868001192409e-10,169800.0,BID
1551,1712194650.053733,1188.617403,168650.0,4.3090906242789825e-09,169800.0,BID
1552,1712194650.8334627,1188.617403,168650.0,0.0,169800.0,BID
1553,1712194680.5688057,1188.617403,168650.0,0.0,169800.0,BID
1554,1712194685.9688494,1189.617403,168650.0,-3.082762641286234e-10,169800.0,ASK
1555,1712194686.6684818,1190.951403,168650.0,4.1124053634760204e-10,169800.0,BID
1556,1712194688.8822188,1208.337963,168650.0,5.3598637628481325e-09,169800.0,BID
1557,1712194710.5702064,1208.337963,168650.0,0.0,169800.0,BID
1558,1712194740.808345,1208.337963,168650.0,0.0,169800.0,BID
1559,1712194770.7982223,1208.337963,168650.0,0.0,169800.0,BID
1560,1712194775.4280112,1209.45538512,168550.0,-3.4412189272222797e-10,169800.0,ASK
1561,1712194788.5424924,1227.58471063,168550.0,5.5831164397191584e-09,169800.0,BID
1562,1712194800.6612334,1227.58471063,168550.0,0.0,169800.0,BID
1563,1712194830.5735912,1227.58471063,168550.0,0.0,169800.0,BID
