,time,acc_trade_volume,trade_price,dev,high,ask_bid
0,1712173460.280409,9435979.00538205,619.8,0.0,647.0,ASK
1,1712173470.582383,9435979.00538205,619.8,-0.0,647.0,ASK
2,1712173483.1552114,9436279.00538205,619.6,-4.658985963333016e-08,647.0,ASK
3,1712173500.4321644,9436279.00538205,619.6,-0.0,647.0,ASK
4,1712173530.4123497,9436279.00538205,619.6,-0.0,647.0,ASK
5,1712173555.3421593,9436289.00538205,619.6,-1.553149663894694e-09,647.0,ASK
6,1712173560.605017,9436289.00538205,619.6,-0.0,647.0,ASK
7,1712173590.6021628,9436289.00538205,619.6,-0.0,647.0,ASK
8,1712173620.4121387,9436289.00538205,619.6,-0.0,647.0,ASK
9,1712173650.4156375,9436289.00538205,619.6,-0.0,647.0,ASK
10,1712173680.5920846,9436289.00538205,619.6,-0.0,647.0,ASK
11,1712173710.5919874,9436289.00538205,619.6,-0.0,647.0,ASK
12,1712173740.402346,9436289.00538205,619.6,-0.0,647.0,ASK
13,1712173770.403468,9436289.00538205,619.6,-0.0,647.0,ASK
14,1712173800.4318936,9436289.00538205,619.6,-0.0,647.0,ASK
15,1712173830.3826013,9436289.00538205,619.6,-0.0,647.0,ASK
16,1712173860.6056137,9436289.00538205,619.6,-0.0,647.0,ASK
17,1712173890.6018944,9436289.00538205,619.6,-0.0,647.0,ASK
18,1712173920.391753,9436289.00538205,619.6,-0.0,647.0,ASK
19,1712173950.4021716,9436289.00538205,619.6,-0.0,647.0,ASK
20,1712173980.591612,9436289.00538205,619.6,-0.0,647.0,ASK
21,1712174010.591625,9436289.00538205,619.6,-0.0,647.0,ASK
22,1712174013.3517654,9440294.4535547,619.9,-6.223096152586885e-07,647.0,ASK
23,1712174040.4017415,9440294.4535547,619.9,-0.0,647.0,ASK
24,1712174070.4273643,9440294.4535547,619.9,-0.0,647.0,ASK
25,1712174074.151539,9440304.14817419,619.1,-1.5056313784426686e-09,647.0,ASK
26,1712174100.5919964,9440304.14817419,619.1,-0.0,647.0,ASK
27,1712174130.5817325,9440304.14817419,619.1,-0.0,647.0,ASK
28,1712174160.4324534,9440304.14817419,619.1,-0.0,647.0,ASK
29,1712174189.8923056,9440771.09142748,619.0,-7.254987141573738e-08,647.0,ASK
30,1712174190.442118,9440771.09142748,619.0,-0.0,647.0,ASK
31,1712174194.1519957,9441004.56305413,619.0,-3.627330673335284e-08,647.0,ASK
32,1712174194.6520224,9441020.71553353,620.7,2.5095290944845522e-09,647.0,BID
33,1712174220.4422054,9441020.71553353,620.7,0.0,647.0,BID
34,1712174250.4321804,9441020.71553353,620.7,0.0,647.0,BID
35,1712174280.5978606,9441020.71553353,620.7,0.0,647.0,BID
36,1712174295.1029136,9441137.45134685,619.8,-1.8136217900098143e-08,647.0,ASK
37,1712174298.8425689,9441195.81925351,619.5,-9.068108950049071e-09,647.0,ASK
38,1712174310.6024938,9441195.81925351,619.5,-0.0,647.0,ASK
39,1712174340.372807,9441195.81925351,619.5,-0.0,647.0,ASK
40,1712174370.402847,9441195.81925351,619.5,-0.0,647.0,ASK
41,1712174377.9126997,9441225.00320684,619.7,-4.533978038858971e-09,647.0,ASK
42,1712174381.4027128,9441239.59518351,619.7,-2.2669890202976196e-09,647.0,ASK
43,1712174400.4727466,9441239.59518351,619.7,-0.0,647.0,ASK
44,1712174430.3968377,9441239.59518351,619.7,-0.0,647.0,ASK
45,1712174457.29354,9443485.52703972,619.7,3.49041239182697e-07,647.0,BID
46,1712174460.2665591,9445063.15126676,619.8,-2.451792620724881e-07,647.0,ASK
47,1712174460.5828412,9445063.15126676,619.8,-0.0,647.0,ASK
48,1712174460.7270114,9445103.60536573,619.8,-6.2846745694545594e-09,647.0,ASK
49,1712174462.9130857,9453485.52703972,619.8,-1.3021585284771954e-06,647.0,ASK
50,1712174462.9948485,9455122.46865227,619.8,2.543041517576104e-07,647.0,BID
51,1712174462.9963076,9455409.14741527,619.8,4.4536469164361466e-08,647.0,BID
52,1712174463.0132277,9458104.54151908,619.8,4.187381553296325e-07,647.0,BID
53,1712174463.014368,9460968.68869708,619.8,4.449544889234801e-07,647.0,BID
54,1712174463.0333364,9461154.52728228,621.5,2.887062275843277e-08,647.0,BID
55,1712174463.0348177,9461213.98869708,621.3,9.23752230186528e-09,647.0,BID
56,1712174474.213245,9463086.68869708,620.6,-2.909299765763352e-07,647.0,ASK
57,1712174475.862995,9463483.91559908,620.5,-6.1710478610868e-08,647.0,ASK
58,1712174475.8648722,9463483.91559952,620.5,-6.829082985747666e-17,647.0,ASK
59,1712174490.5929306,9463483.91559952,620.5,-0.0,647.0,ASK
60,1712174508.903422,9463884.03313138,620.4,-6.204946927274663e-08,647.0,ASK
61,1712174508.905319,9464078.35423669,620.4,-3.0134949090992275e-08,647.0,ASK
62,1712174520.4036603,9464078.35423669,620.4,-0.0,647.0,ASK
63,1712174520.663341,9464272.3085807,620.0,-3.007635233981286e-08,647.0,ASK
64,1712174522.387499,9464672.3085807,620.0,-6.202769521525165e-08,647.0,ASK
65,1712174522.3929715,9465072.3085807,620.0,-6.202769521525165e-08,647.0,ASK
66,1712174522.4031372,9466244.8085807,620.0,-1.8181868159970642e-07,647.0,ASK
67,1712174522.4050016,9466644.8085807,620.0,-6.202769521525165e-08,647.0,ASK
68,1712174522.4874866,9467496.85923669,620.0,-1.321268459940987e-07,647.0,ASK
69,1712174544.3055725,9467696.85923669,619.7,3.1013847607625824e-08,647.0,BID
70,1712174550.3830943,9467696.85923669,619.7,0.0,647.0,BID
71,1712174553.983196,9467896.85923669,618.9,-3.1003062127198994e-08,647.0,ASK
72,1712174560.9230764,9468096.85923669,619.5,3.1003062127198994e-08,647.0,BID
73,1712174580.5735073,9468096.85923669,619.5,0.0,647.0,BID
74,1712174610.597372,9468096.85923669,619.5,0.0,647.0,BID
75,1712174640.3837209,9468096.85923669,619.5,0.0,647.0,BID
76,1712174658.6933646,9468696.85923669,619.0,9.300561550612529e-08,647.0,BID
77,1712174667.2436893,9468847.05923669,618.3,-2.3282405748539933e-08,647.0,ASK
78,1712174667.2456422,9476119.48585808,618.3,-1.127294190242592e-06,647.0,ASK
79,1712174667.2476535,9485629.05923669,618.3,-1.4740728754637325e-06,647.0,ASK
80,1712174667.2637308,9506764.75923669,618.3,-3.2762313127545714e-06,647.0,ASK
81,1712174667.2656574,9514631.05923669,618.3,-1.2193501220931711e-06,647.0,ASK
82,1712174667.3631818,9516895.6998876,618.3,-3.5104049606336733e-07,647.0,ASK
83,1712174668.3650534,9516903.88302948,618.1,-1.268463578831543e-09,647.0,ASK
84,1712174668.3735063,9517103.88302948,618.1,-3.10018718353751e-08,647.0,ASK
85,1712174668.3753674,9517113.86338984,617.4,-1.5470492638843967e-09,647.0,ASK
86,1712174668.3769004,9517190.7998876,618.0,-1.1925877214947173e-08,647.0,ASK
87,1712174670.4039044,9517190.7998876,618.0,-0.0,647.0,ASK
88,1712174700.5831776,9517190.7998876,618.0,-0.0,647.0,ASK
89,1712174710.4335446,9517380.5998876,618.0,2.9285257479478964e-08,647.0,BID
90,1712174712.2274227,9517601.91416312,618.0,3.4147763658903214e-08,647.0,BID
91,1712174718.2237012,9517890.48872622,618.0,4.452571328952201e-08,647.0,BID
92,1712174730.5934207,9517890.48872622,618.0,0.0,647.0,BID
93,1712174759.9036996,9517906.6830582,617.5,-2.498543426209497e-09,647.0,ASK
94,1712174759.9053185,9518106.70269622,617.4,-3.0860041171396544e-08,647.0,ASK
95,1712174760.4136422,9518106.70269622,617.4,-0.0,647.0,ASK
96,1712174770.226844,9525662.2354286,617.1,-1.1656817870090086e-06,647.0,ASK
97,1712174770.2287014,9525662.23543022,617.4,-2.5001398241954745e-16,647.0,ASK
98,1712174770.230478,9525824.20269622,617.1,-2.4988614139340324e-08,647.0,ASK
99,1712174770.243289,9526364.20269622,617.1,-8.331221467510411e-08,647.0,ASK
100,1712174775.9633763,9526442.18857181,617.4,1.2031807423919105e-08,647.0,BID
101,1712174781.1135604,9526442.19322711,617.1,-7.182283864267388e-13,647.0,ASK
102,1712174781.1241808,9526474.98857181,617.0,-5.059727403558585e-09,647.0,ASK
103,1712174781.544103,9526690.7785718,617.1,3.329248667387097e-08,647.0,BID
104,1712174782.1530993,9526781.09691127,617.1,1.3934483124237124e-08,647.0,BID
105,1712174783.265816,9526781.13041494,617.0,-5.1690091997952105e-12,647.0,ASK
106,1712174785.3141844,9526869.3773215,617.0,1.3614898562469329e-08,647.0,BID
107,1712174786.3140683,9526960.52686953,617.0,1.4062723542545689e-08,647.0,BID
108,1712174787.344102,9527134.72686953,617.0,2.6875903326557533e-08,647.0,BID
109,1712174790.40368,9527134.72686953,617.0,0.0,647.0,BID
110,1712174790.615334,9527222.1501902,617.0,1.3476250916746432e-08,647.0,BID
111,1712174791.6644251,9527900.2501902,617.0,1.0452869642156317e-07,647.0,BID
112,1712174820.6220694,9527900.2501902,617.0,0.0,647.0,BID
113,1712174845.3242288,9528084.95108778,617.0,2.846945651541359e-08,647.0,BID
114,1712174850.6040084,9528084.95108778,617.0,0.0,647.0,BID
115,1712174850.7671418,9528084.9510878,617.0,3.158096183702528e-18,647.0,BID
116,1712174880.4038217,9528084.9510878,617.0,0.0,647.0,BID
117,1712174899.113531,9528864.76627362,617.0,1.2019716659126097e-07,647.0,BID
118,1712174899.1334078,9529521.9755732,617.0,1.0129925282762029e-07,647.0,BID
119,1712174910.3835938,9529521.9755732,617.0,0.0,647.0,BID
120,1712174925.6835432,9529538.19880486,616.4,-2.5002334637589083e-09,647.0,ASK
121,1712174925.6856177,9529586.86849986,616.4,-7.500700395295572e-09,647.0,ASK
122,1712174925.783491,9531438.1623106,616.4,2.85311017825652e-07,647.0,BID
123,1712174925.7854912,9531443.73481936,616.4,8.588037927185221e-10,647.0,BID
124,1712174925.8033402,9531659.93481936,617.2,3.3319531289867575e-08,647.0,BID
125,1712174940.6191297,9531659.93481936,617.2,0.0,647.0,BID
126,1712174962.8834765,9533230.06526692,616.4,-2.419305553798345e-07,647.0,ASK
127,1712174962.990717,9534531.42745781,616.4,2.0051791115905054e-07,647.0,BID
128,1712174963.0035193,9535764.22745781,617.7,1.899536367412989e-07,647.0,BID
129,1712174963.4559507,9536090.79381336,617.0,-5.031835405107297e-08,647.0,ASK
130,1712174963.458441,9536421.12295619,617.0,-5.0898135952338734e-08,647.0,ASK
131,1712174970.583444,9536421.12295619,617.0,-0.0,647.0,ASK
132,1712174993.9945552,9537177.59518519,617.3,1.1650686008408713e-07,647.0,BID
133,1712174993.9961443,9537777.55668561,617.3,9.240211062020901e-08,647.0,BID
134,1712175000.4546173,9537777.55668561,617.3,0.0,647.0,BID
135,1712175027.813661,9537793.73791538,618.0,2.4918444593530703e-09,647.0,BID
136,1712175030.4134011,9537793.73791538,618.0,0.0,647.0,BID
137,1712175060.5940263,9537793.73791538,618.0,0.0,647.0,BID
138,1712175084.3934813,9539428.59218938,618.0,2.5176061083705656e-07,647.0,BID
139,1712175090.593357,9539428.59218938,618.0,0.0,647.0,BID
140,1712175095.2540524,9540242.92560838,618.0,1.2538437768135645e-07,647.0,BID
141,1712175120.4059885,9540242.92560838,618.0,0.0,647.0,BID
142,1712175129.4014816,9540242.92560929,618.0,1.4023179869389324e-16,647.0,BID
143,1712175150.403733,9540242.92560929,618.0,0.0,647.0,BID
144,1712175180.5963433,9540242.92560929,618.0,0.0,647.0,BID
145,1712175210.6034412,9540242.92560929,618.0,0.0,647.0,BID
146,1712175240.406052,9540242.92560929,618.0,0.0,647.0,BID
147,1712175270.4133568,9540242.92560929,618.0,0.0,647.0,BID
148,1712175300.4434404,9540242.92560929,618.0,0.0,647.0,BID
149,1712175330.3934824,9540242.92560929,618.0,0.0,647.0,BID
150,1712175360.6136568,9540242.92560929,618.0,0.0,647.0,BID
151,1712175366.8438044,9540391.42560929,618.8,-2.288701302446477e-08,647.0,ASK
152,1712175382.763413,9540391.51647222,618.8,-1.4003912850199222e-11,647.0,ASK
153,1712175390.6038792,9540391.51647222,618.8,-0.0,647.0,ASK
154,1712175420.4035313,9540391.51647222,618.8,-0.0,647.0,ASK
155,1712175450.4034076,9540391.51647222,618.8,-0.0,647.0,ASK
156,1712175460.2389555,9540400.51647222,618.8,-1.3870720420474387e-09,647.0,ASK
157,1712175480.5832517,9540400.51647222,618.8,-0.0,647.0,ASK
158,1712175510.6038043,9540400.51647222,618.8,-0.0,647.0,ASK
159,1712175531.6036086,9540466.63660988,618.6,1.0190368404988058e-08,647.0,BID
160,1712175531.605867,9540562.11957499,618.7,1.4715737524262362e-08,647.0,BID
161,1712175540.3932755,9540562.11957499,618.7,0.0,647.0,BID
162,1712175570.4577262,9540562.11957499,618.7,0.0,647.0,BID
163,1712175594.113433,9545324.29208347,619.1,7.339298775799207e-07,647.0,BID
164,1712175600.4434447,9545324.29208347,619.1,0.0,647.0,BID
165,1712175618.2736042,9545340.47331322,616.7,-2.492678683885858e-09,647.0,ASK
166,1712175618.2759748,9545340.47331324,617.0,-3.1562949936737504e-18,647.0,ASK
167,1712175630.376506,9545340.47331324,617.0,-0.0,647.0,ASK
168,1712175660.6035116,9545340.47331324,617.0,-0.0,647.0,ASK
169,1712175673.073664,9545413.27331324,616.7,-1.1214643882708197e-08,647.0,ASK
170,1712175690.6034632,9545413.27331324,616.7,-0.0,647.0,ASK
171,1712175720.4010222,9545413.27331324,616.7,-0.0,647.0,ASK
172,1712175731.9331634,9546398.84940019,617.2,1.5182429110764565e-07,647.0,BID
173,1712175750.3997295,9546398.84940019,617.2,0.0,647.0,BID
174,1712175756.3535311,9548898.84940019,616.9,-3.8507951747904134e-07,647.0,ASK
175,1712175756.3564284,9551686.84940019,616.8,-4.294406778926269e-07,647.0,ASK
176,1712175780.5867934,9551686.84940019,616.8,-0.0,647.0,ASK
177,1712175810.5829551,9551686.84940019,616.8,-0.0,647.0,ASK
178,1712175840.4047918,9551686.84940019,616.8,-0.0,647.0,ASK
179,1712175864.3696873,9551767.67707558,618.6,1.2443780709577866e-08,647.0,BID
180,1712175870.4232657,9551767.67707558,618.6,0.0,647.0,BID
181,1712175898.7830522,9552090.98777716,618.6,4.9774739689893446e-08,647.0,BID
182,1712175900.5930018,9552090.98777716,618.6,0.0,647.0,BID
183,1712175912.05634,9552795.38840398,619.0,1.0846663848282933e-07,647.0,BID
184,1712175917.0331209,9553875.50703265,619.4,1.663213125511242e-07,647.0,BID
185,1712175930.613167,9553875.50703265,619.4,0.0,647.0,BID
186,1712175938.0436175,9558381.50703265,619.2,6.937352162966463e-07,647.0,BID
187,1712175938.0462372,9560671.50703265,619.2,3.525640579936352e-07,647.0,BID
188,1712175938.0482738,9561465.50703265,619.3,1.2224273451831717e-07,647.0,BID
189,1712175938.0501857,9563875.50703265,619.1,3.710390304649174e-07,647.0,BID
190,1712175939.143022,9569110.50703265,617.7,-8.059706740596857e-07,647.0,ASK
191,1712175960.3931007,9569110.50703265,617.7,-0.0,647.0,ASK
192,1712175990.4135566,9569110.50703265,617.7,-0.0,647.0,ASK
193,1712176020.5958362,9569110.50703265,617.7,-0.0,647.0,ASK
194,1712176050.59292,9569110.50703265,617.7,-0.0,647.0,ASK
195,1712176080.4031167,9569110.50703265,617.7,-0.0,647.0,ASK
196,1712176110.443154,9569110.50703265,617.7,-0.0,647.0,ASK
197,1712176115.3629413,9569126.66734292,618.8,2.4844055282581477e-09,647.0,BID
198,1712176117.7731209,9569136.31697292,617.2,-1.483486004831342e-09,647.0,ASK
199,1712176117.7751498,9573441.66734292,617.1,-6.61883100103313e-07,647.0,ASK
200,1712176117.7770703,9574441.66734292,617.7,-1.5373501416179477e-07,647.0,ASK
201,1712176140.6051507,9574441.66734292,617.7,-0.0,647.0,ASK
202,1712176170.6039574,9574441.66734292,617.7,-0.0,647.0,ASK
203,1712176200.694357,9574441.66734292,617.7,-0.0,647.0,ASK
204,1712176230.592383,9574441.66734292,617.7,-0.0,647.0,ASK
205,1712176232.035303,9574441.70273668,616.7,-5.4412065148793786e-12,647.0,ASK
206,1712176232.0380578,9574475.66734292,616.2,-5.221497766723745e-09,647.0,ASK
207,1712176236.7052388,9574505.18196517,615.5,-4.537386156527349e-09,647.0,ASK
208,1712176236.7238357,9574563.34657141,615.5,-8.941848447561402e-09,647.0,ASK
209,1712176236.726389,9574563.38196517,615.5,-5.4412065148793786e-12,647.0,ASK
210,1712176236.7289531,9574595.85476919,615.9,-4.9921577914169605e-09,647.0,ASK
211,1712176236.7310052,9574603.97855086,615.6,-1.2488973829530307e-09,647.0,ASK
212,1712176236.7329693,9574618.97855086,615.5,-2.30600248819351e-09,647.0,ASK
213,1712176236.734943,9574619.02498358,616.0,-7.138264313665951e-12,647.0,ASK
214,1712176236.736917,9574819.02498358,616.0,-3.0746699842580145e-08,647.0,ASK
215,1712176236.738929,9574887.76693812,615.5,-1.0567941214296537e-08,647.0,ASK
216,1712176236.744884,9574904.00334013,615.9,-2.4960788957084803e-09,647.0,ASK
217,1712176236.7460587,9575050.35361619,615.8,-2.2498940049253324e-08,647.0,ASK
218,1712176258.7657564,9575060.07336347,617.3,1.494250760927394e-09,647.0,BID
219,1712176260.4060876,9575060.07336347,617.3,0.0,647.0,BID
220,1712176284.5760286,9575207.57336347,615.5,-2.267436344650564e-08,647.0,ASK
221,1712176290.4211147,9575207.57336347,615.5,-0.0,647.0,ASK
222,1712176296.8679018,9577917.57336347,615.6,-4.165875754982772e-07,647.0,ASK
223,1712176296.869356,9580524.12336347,615.6,-4.006849981237434e-07,647.0,ASK
224,1712176320.6169872,9580524.12336347,615.6,-0.0,647.0,ASK
225,1712176325.1871266,9581333.97111209,617.4,1.2442909925424366e-07,647.0,BID
226,1712176326.9467814,9582625.47111209,615.8,-1.9843258434807762e-07,647.0,ASK
227,1712176326.9667404,9583883.97111209,615.8,-1.933622976399966e-07,647.0,ASK
228,1712176330.527744,9585883.97111209,615.6,-3.0729010352005816e-07,647.0,ASK
229,1712176349.6977644,9585892.26815466,615.4,-1.2747995352777202e-09,647.0,ASK
230,1712176349.701093,9585938.66611294,615.3,-7.128816701569958e-09,647.0,ASK
231,1712176349.704483,9585938.67111209,615.5,-7.680945976239416e-13,647.0,ASK
232,1712176349.717096,9586016.66791647,615.3,-1.1983823045917064e-08,647.0,ASK
233,1712176349.7194948,9586298.57111209,615.3,-4.3313031082574653e-08,647.0,ASK
234,1712176350.420151,9586298.57430771,615.3,-4.909910790181113e-13,647.0,ASK
235,1712176350.42502,9587898.57430771,615.2,-2.4583208281604653e-07,647.0,ASK
236,1712176350.427181,9587914.77111209,615.1,-2.488558847318978e-09,647.0,ASK
237,1712176350.4292877,9588074.77111209,615.2,-2.4583208281604656e-08,647.0,ASK
238,1712176350.60554,9588074.77111209,615.2,-0.0,647.0,ASK
239,1712176356.2665002,9588174.77111209,615.0,-1.5353537474719358e-08,647.0,ASK
240,1712176356.2683764,9591385.3876291,615.0,-4.92943210108539e-07,647.0,ASK
241,1712176356.27066,9591385.44834382,615.1,-9.321857545762379e-12,647.0,ASK
242,1712176356.2719152,9591524.07111209,615.0,-2.1283498674805072e-08,647.0,ASK
243,1712176356.279946,9591524.1350272,615.0,-9.813230252529092e-12,647.0,ASK
244,1712176356.282608,9593531.023959,615.0,-3.081284442198589e-07,647.0,ASK
245,1712176356.3956585,9595693.6255848,615.0,-3.320358510461135e-07,647.0,ASK
246,1712176363.972084,9597121.4255848,615.0,-2.192178080641574e-07,647.0,ASK
247,1712176364.0473864,9597916.48577635,615.0,-1.220698644561066e-07,647.0,ASK
248,1712176364.111757,9598867.08577635,615.0,-1.4595072723462505e-07,647.0,ASK
249,1712176364.2472634,9600545.68577635,615.0,-2.57724480050582e-07,647.0,ASK
250,1712176364.3970065,9603043.08577635,615.0,-3.8343924489369844e-07,647.0,ASK
251,1712176364.5474217,9605541.18577635,615.0,-3.835467196559071e-07,647.0,ASK
252,1712176364.6275225,9606835.27325836,615.0,-1.986882065062027e-07,647.0,ASK
253,1712176364.6923392,9607784.29762882,615.0,-1.4570881236277098e-07,647.0,ASK
254,1712176364.6980171,9607794.04421751,615.6,1.496446147057599e-09,647.0,BID
255,1712176364.8166482,9608463.04421751,615.0,1.027151657058725e-07,647.0,BID
256,1712176365.2584417,9608963.04421751,614.7,-7.676768737359679e-08,647.0,ASK
257,1712176365.2613783,9608972.75767064,614.6,-1.4913586662401675e-09,647.0,ASK
258,1712176365.2642806,9608989.02576889,614.7,-2.4977285612427462e-09,647.0,ASK
259,1712176365.267145,9609088.11984705,614.5,-1.5214446425649557e-08,647.0,ASK
260,1712176380.438105,9609088.11984705,614.5,-0.0,647.0,ASK
261,1712176410.418725,9609088.11984705,614.5,-0.0,647.0,ASK
262,1712176440.609255,9609088.11984705,614.5,-0.0,647.0,ASK
263,1712176454.778855,9609237.41984705,614.5,-2.2877439436364363e-08,647.0,ASK
264,1712176454.9090912,9609253.41984705,614.5,-2.451701480107188e-09,647.0,ASK
265,1712176455.7493153,9609314.49362893,614.5,-9.358417589375304e-09,647.0,ASK
266,1712176455.754573,9609330.41984705,614.4,-2.440395783640537e-09,647.0,ASK
267,1712176457.440078,9609635.84011714,614.4,-4.679995801450536e-08,647.0,ASK
268,1712176457.441939,9609652.01984705,614.4,-2.47924173559204e-09,647.0,ASK
269,1712176459.140942,9609652.1161588,614.4,-1.4757978734882587e-11,647.0,ASK
270,1712176459.1445966,9609686.1161588,614.2,-5.209865645227774e-09,647.0,ASK
271,1712176459.1491864,9609742.88676819,614.1,-8.699036691751682e-09,647.0,ASK
272,1712176459.1530118,9609775.44945135,614.2,-4.9896236561482436e-09,647.0,ASK
273,1712176459.154796,9609785.21984705,614.1,-1.497130849915591e-09,647.0,ASK
274,1712176468.4092152,9609794.97277292,615.2,1.4944539245724688e-09,647.0,BID
275,1712176470.599305,9609794.97277292,615.2,0.0,647.0,BID
276,1712176480.6794007,9610607.71659606,615.2,1.2452954013201412e-07,647.0,BID
277,1712176500.4091694,9610607.71659606,615.2,0.0,647.0,BID
278,1712176530.4201252,9610607.71659606,615.2,0.0,647.0,BID
279,1712176542.41056,9610640.29519192,613.9,-4.991714373790296e-09,647.0,ASK
280,1712176542.4130683,9610689.11659606,613.8,-7.480448385322053e-09,647.0,ASK
281,1712176560.6005042,9610689.11659606,613.8,-0.0,647.0,ASK
282,1712176572.7804785,9610698.87745501,614.7,1.495553924660226e-09,647.0,BID
283,1712176590.6214514,9610698.87745501,614.7,0.0,647.0,BID
284,1712176619.3312757,9610707.00225189,615.4,1.244876168586617e-09,647.0,BID
285,1712176620.4614527,9610707.00225189,615.4,0.0,647.0,BID
286,1712176650.41167,9610707.00225189,615.4,0.0,647.0,BID
287,1712176678.831786,9610716.74409309,615.9,1.4926375190317802e-09,647.0,BID
288,1712176680.638296,9610716.74409309,615.9,0.0,647.0,BID
289,1712176710.612344,9610716.74409309,615.9,0.0,647.0,BID
290,1712176740.4023356,9610716.74409309,615.9,0.0,647.0,BID
291,1712176770.4306202,9610716.74409309,615.9,0.0,647.0,BID
292,1712176787.18268,9610726.49068178,615.6,1.4933635528945275e-09,647.0,BID
293,1712176800.4628174,9610726.49068178,615.6,0.0,647.0,BID
294,1712176830.4031522,9610726.49068178,615.6,0.0,647.0,BID
295,1712176842.3339722,9611723.59068178,614.4,-1.5329354811901056e-07,647.0,ASK
296,1712176843.4353914,9612521.29068178,614.4,-1.2263791328298684e-07,647.0,ASK
297,1712176853.6034856,9613159.49068178,614.4,-9.811648020234721e-08,647.0,ASK
298,1712176853.803295,9613669.99068178,614.4,-7.848395979819889e-08,647.0,ASK
299,1712176856.6732502,9614078.39068178,614.4,-6.278716783861639e-08,647.0,ASK
300,1712176860.593133,9614078.39068178,614.4,-0.0,647.0,ASK
301,1712176862.9838445,9614870.49179231,614.4,-1.2173859951211157e-07,647.0,ASK
302,1712176863.8029351,9615703.09179231,614.4,-1.279629034808784e-07,647.0,ASK
303,1712176863.8625245,9615703.09436016,614.4,-3.9465475441421254e-13,647.0,ASK
304,1712176863.9475212,9616526.41916016,613.8,-1.2653739120322936e-07,647.0,ASK
305,1712176863.9505465,9616535.69436016,614.2,-1.4255122776490135e-09,647.0,ASK
306,1712176872.497465,9621247.59436016,613.8,-7.241753602112276e-07,647.0,ASK
307,1712176872.5344558,9621247.64196159,613.8,-7.31589858285489e-12,647.0,ASK
308,1712176872.5377111,9621596.10972679,613.0,-5.3556265919550735e-08,647.0,ASK
309,1712176872.5409648,9622047.03828019,613.0,-6.930353946143879e-08,647.0,ASK
310,1712176872.5442326,9622081.03828019,613.3,-5.2254848887242514e-09,647.0,ASK
311,1712176872.5474946,9622113.66470759,613.0,-5.014379510191321e-09,647.0,ASK
312,1712176872.550359,9622146.26454459,613.5,-5.0102928122360185e-09,647.0,ASK
313,1712176872.5517962,9622162.56977857,613.3,-2.505963346389238e-09,647.0,ASK
314,1712176872.553375,9622178.88033149,613.1,-2.506780817836858e-09,647.0,ASK
315,1712176872.5547938,9622196.49436016,613.0,-2.70711296012016e-09,647.0,ASK
316,1712176882.773673,9622356.49436016,612.9,-2.4590517123408243e-08,647.0,ASK
317,1712176882.777406,9626846.14993203,612.9,-6.900184513642929e-07,647.0,ASK
318,1712176882.7807696,9627065.60433994,613.0,-3.372810859697152e-08,647.0,ASK
319,1712176882.8935077,9628196.49436015,612.9,1.7380731504170477e-07,647.0,BID
320,1712176882.9508767,9628196.49436016,612.9,1.4313564824061604e-18,647.0,BID
321,1712176882.954554,9628412.69436016,614.2,3.3227936262890874e-08,647.0,BID
322,1712176890.623514,9628412.69436016,614.2,0.0,647.0,BID
323,1712176891.2384796,9628721.21011947,613.5,-4.7352018652561526e-08,647.0,ASK
324,1712176891.2424862,9629290.06475516,613.5,-8.730969004667476e-08,647.0,ASK
325,1712176900.1535037,9629324.66475516,613.6,-5.310522383124144e-09,647.0,ASK
326,1712176901.123617,9629341.26475516,613.6,-2.5478228774228787e-09,647.0,ASK
327,1712176911.3639045,9629356.71586749,612.8,-2.3714877998063808e-09,647.0,ASK
328,1712176911.368094,9629356.71586794,613.5,-6.918415431137158e-17,647.0,ASK
329,1712176918.9338405,9630356.71586794,613.5,-1.5348330587229252e-07,647.0,ASK
330,1712176920.404006,9630356.71586794,613.5,-0.0,647.0,ASK
331,1712176950.4437592,9630356.71586794,613.5,-0.0,647.0,ASK
332,1712176980.434076,9630356.71586794,613.5,-0.0,647.0,ASK
333,1712176982.244554,9630364.90183857,613.0,-1.256179887782158e-09,647.0,ASK
334,1712176982.2546184,9630373.08914481,612.9,-1.256384843771414e-09,647.0,ASK
335,1712176982.258011,9630520.74181748,612.8,-2.26580727147152e-08,647.0,ASK
336,1712176982.2606702,9630528.93580833,612.4,-1.257410632420986e-09,647.0,ASK
337,1712176982.2633462,9630545.25700957,612.7,-2.504573454517522e-09,647.0,ASK
338,1712176982.266012,9630635.60552886,612.4,-1.3864451504383309e-08,647.0,ASK
339,1712177010.419028,9630635.60552886,612.4,-0.0,647.0,ASK
340,1712177027.7947762,9630668.26392206,612.6,-5.011469367520209e-09,647.0,ASK
341,1712177027.7975194,9634618.69929118,612.6,-6.061990165646814e-07,647.0,ASK
342,1712177040.7165418,9634618.69929118,612.6,-0.0,647.0,ASK
343,1712177070.6153562,9634618.69929118,612.6,-0.0,647.0,ASK
344,1712177100.4348226,9634618.69929118,612.6,-0.0,647.0,ASK
345,1712177111.4952166,9634626.89194424,612.5,-1.258834125220178e-09,647.0,ASK
346,1712177111.5055034,9634722.23170079,612.5,-1.4649337419142509e-08,647.0,ASK
347,1712177130.4072828,9634722.23170079,612.5,-0.0,647.0,ASK
348,1712177160.4451988,9634722.23170079,612.5,-0.0,647.0,ASK
349,1712177190.407968,9634722.23170079,612.5,-0.0,647.0,ASK
350,1712177220.605365,9634722.23170079,612.5,-0.0,647.0,ASK
351,1712177250.5954552,9634722.23170079,612.5,-0.0,647.0,ASK
352,1712177280.4556904,9634722.23170079,612.5,-0.0,647.0,ASK
353,1712177310.4158392,9634722.23170079,612.5,-0.0,647.0,ASK
354,1712177340.646079,9634722.23170079,612.5,-0.0,647.0,ASK
355,1712177370.6160705,9634722.23170079,612.5,-0.0,647.0,ASK
356,1712177382.4162424,9634754.88476201,616.8,5.017225426886721e-09,647.0,BID
357,1712177400.4464366,9634754.88476201,616.8,0.0,647.0,BID
358,1712177411.2961736,9637374.88476201,616.5,4.030223420568657e-07,647.0,BID
359,1712177411.3963826,9638008.18922266,616.5,-9.741826220089617e-08,647.0,ASK
360,1712177411.4000874,9638008.18922267,616.5,-1.4326099436334361e-18,647.0,ASK
361,1712177430.4140358,9638008.18922267,616.5,-0.0,647.0,ASK
362,1712177438.1967025,9639641.00135432,615.7,2.510903841148373e-07,647.0,BID
363,1712177438.296567,9640646.49667759,615.7,-1.546229367431476e-07,647.0,ASK
364,1712177438.6462977,9641651.89667759,614.8,-1.5460827813297298e-07,647.0,ASK
365,1712177460.6264267,9641651.89667759,614.8,-0.0,647.0,ASK
366,1712177484.5065763,9641716.95848631,615.7,1.0001617790624581e-08,647.0,BID
367,1712177484.596531,9642058.53298208,615.7,-5.250849340056429e-08,647.0,ASK
368,1712177484.956509,9642400.03298208,614.8,-5.249704154833935e-08,647.0,ASK
369,1712177490.626969,9642400.03298208,614.8,-0.0,647.0,ASK
370,1712177513.7167375,9643371.63298208,614.8,-1.4934851096598548e-07,647.0,ASK
371,1712177514.0168283,9643820.33298208,614.8,-6.897146651937385e-08,647.0,ASK
372,1712177516.7068918,9643989.04010634,614.8,-2.5932644912973152e-08,647.0,ASK
373,1712177516.70876,9644179.33298208,614.8,-2.9250676862146812e-08,647.0,ASK
374,1712177520.4125652,9644179.33298208,614.8,-0.0,647.0,ASK
375,1712177550.449446,9644179.33298208,614.8,-0.0,647.0,ASK
376,1712177580.6083388,9644179.33298208,614.8,-0.0,647.0,ASK
377,1712177581.126963,9646103.71453708,615.7,2.957546326075793e-07,647.0,BID
378,1712177581.1369138,9646518.11390011,615.7,6.368826964029889e-08,647.0,BID
379,1712177583.5970151,9647468.21572503,615.8,-1.460193875996401e-07,647.0,ASK
380,1712177589.8671088,9648441.29389564,616.6,1.495505795610227e-07,647.0,BID
381,1712177610.6298304,9648441.29389564,616.6,0.0,647.0,BID
382,1712177640.43755,9648441.29389564,616.6,0.0,647.0,BID
383,1712177670.4370406,9648441.29389564,616.6,0.0,647.0,BID
384,1712177684.7559614,9649252.19237064,616.6,-1.2457522418382916e-07,647.0,ASK
385,1712177684.767233,9649252.19237115,616.6,-7.840538329907597e-17,647.0,ASK
386,1712177688.1073642,9650873.98932215,616.6,-2.491504485210353e-07,647.0,ASK
387,1712177688.127072,9650873.98932217,616.6,-3.147661373320569e-18,647.0,ASK
388,1712177700.6075263,9650873.98932217,616.6,-0.0,647.0,ASK
389,1712177721.0572789,9651008.48932217,617.1,2.0658689774839803e-08,647.0,BID
390,1712177730.6572678,9651008.48932217,617.1,0.0,647.0,BID
391,1712177732.1076891,9651013.26497784,617.6,7.335132433201644e-10,647.0,BID
392,1712177732.112491,9651040.89511081,617.1,4.243829506957342e-09,647.0,BID
393,1712177760.4298625,9651040.89511081,617.1,0.0,647.0,BID
394,1712177776.1981316,9651325.79511081,616.3,-4.375886695030829e-08,647.0,ASK
395,1712177776.208254,9651362.39511081,616.3,-5.621532223105958e-09,647.0,ASK
396,1712177776.41319,9651683.80675685,615.5,-4.9366828555045264e-08,647.0,ASK
397,1712177776.4216046,9651683.89511081,616.3,-1.3570618368972471e-11,647.0,ASK
398,1712177784.7875218,9651722.89511081,615.3,-5.990157286977155e-09,647.0,ASK
399,1712177790.4076028,9651722.89511081,615.3,-0.0,647.0,ASK
400,1712177805.8418665,9652008.79511081,617.1,4.390962800568864e-08,647.0,BID
401,1712177820.457851,9652008.79511081,617.1,0.0,647.0,BID
402,1712177850.437877,9652008.79511081,617.1,0.0,647.0,BID
403,1712177853.487683,9652041.17328791,617.7,4.972630952451313e-09,647.0,BID
404,1712177880.6179602,9652041.17328791,617.7,0.0,647.0,BID
405,1712177895.2778535,9653660.08214334,617.6,2.4863078400408334e-07,647.0,BID
406,1712177910.6178186,9653660.08214334,617.6,0.0,647.0,BID
407,1712177940.408169,9653660.08214334,617.6,0.0,647.0,BID
408,1712177945.7780142,9653676.2948541,616.8,2.489553438593309e-09,647.0,BID
409,1712177970.4011362,9653676.2948541,616.8,0.0,647.0,BID
410,1712178000.5383196,9653676.2948541,616.8,0.0,647.0,BID
411,1712178004.4984422,9654213.3948541,615.8,-8.24787402570756e-08,647.0,ASK
412,1712178004.5025842,9654613.3948541,615.8,-6.142523943930948e-08,647.0,ASK
413,1712178004.8186154,9654676.2948541,615.8,-9.659118901888624e-09,647.0,ASK
414,1712178016.4782586,9655082.3948541,615.5,-6.236197434070177e-08,647.0,ASK
415,1712178030.431507,9655082.3948541,615.5,-0.0,647.0,ASK
416,1712178030.501163,9655082.4686965,615.5,-1.1337960212500631e-11,647.0,ASK
417,1712178060.6083744,9655082.4686965,615.5,-0.0,647.0,ASK
418,1712178090.6187973,9655082.4686965,615.5,-0.0,647.0,ASK
419,1712178120.4485917,9655082.4686965,615.5,-0.0,647.0,ASK
420,1712178150.438841,9655082.4686965,615.5,-0.0,647.0,ASK
421,1712178167.2484791,9655202.4686965,613.5,-1.84251221209569e-08,647.0,ASK
422,1712178180.6185975,9655202.4686965,613.5,-0.0,647.0,ASK
423,1712178190.519238,9655365.5686965,612.8,-2.5042528740248625e-08,647.0,ASK
424,1712178200.2481875,9656017.03449454,614.0,1.0002667670466793e-07,647.0,BID
425,1712178201.4884696,9656017.03827954,612.8,-5.811526620393797e-13,647.0,ASK
426,1712178201.498152,9656117.03449454,612.5,-1.5353513721660355e-08,647.0,ASK
427,1712178210.6233902,9656117.03449454,612.5,-0.0,647.0,ASK
428,1712178215.1984165,9656125.37354403,612.3,-1.2802752530842908e-09,647.0,ASK
429,1712178215.2025342,9656288.69217868,612.3,-2.507393756999339e-08,647.0,ASK
430,1712178215.2064762,9656296.83070954,612.2,-1.2494900849852463e-09,647.0,ASK
431,1712178215.208912,9656296.83449454,612.5,-5.81102590274529e-13,647.0,ASK
432,1712178215.684095,9656396.83449454,612.0,-1.5352771974715695e-08,647.0,ASK
433,1712178215.694758,9656954.94046504,612.0,-8.568473702814472e-08,647.0,ASK
434,1712178215.699679,9656954.99860193,612.2,-8.925624110525215e-12,647.0,ASK
435,1712178215.7015684,9656971.33580173,612.1,-2.508213032304179e-09,647.0,ASK
436,1712178215.703695,9657134.73449454,612.0,-2.5086228716924865e-08,647.0,ASK
437,1712178217.182611,9657461.53188016,612.0,-5.017245743356376e-08,647.0,ASK
438,1712178217.1878896,9657543.24457831,611.9,-1.2545164221136688e-08,647.0,ASK
439,1712178217.1898296,9657826.66311726,612.0,-4.3512602019123184e-08,647.0,ASK
440,1712178217.248159,9657876.66311726,611.7,-7.676385987357847e-09,647.0,ASK
441,1712178217.2502172,9658313.51256135,611.1,-6.706849902386752e-08,647.0,ASK
442,1712178217.2551167,9658329.86311726,611.6,-2.510263565715586e-09,647.0,ASK
443,1712178217.3141284,9658357.09692526,611.8,4.1811444422167185e-09,647.0,BID
444,1712178217.3163075,9658605.19692526,611.8,3.809022726921245e-08,647.0,BID
445,1712178217.3278449,9659254.48032126,611.8,9.968299925757685e-08,647.0,BID
446,1712178217.3311863,9659915.34419225,611.8,1.0146092317630204e-07,647.0,BID
447,1712178217.4280674,9661425.24419225,612.0,-2.3181150404628946e-07,647.0,ASK
448,1712178217.627705,9661998.96319225,611.8,-8.808176984569691e-08,647.0,ASK
449,1712178217.630982,9662074.54419225,612.0,-1.1603778586246473e-08,647.0,ASK
450,1712178218.4078505,9662593.94419225,611.8,-7.974229763644453e-08,647.0,ASK
451,1712178240.4374316,9662593.94419225,611.8,-0.0,647.0,ASK
452,1712178243.397399,9662626.58126796,611.8,-5.0076490344367265e-09,647.0,ASK
453,1712178243.4015396,9662659.14419225,611.2,-4.996271658139627e-09,647.0,ASK
454,1712178245.3892686,9662691.74419225,611.2,-5.00196034614528e-09,647.0,ASK
455,1712178270.396375,9662691.74419225,611.2,-0.0,647.0,ASK
456,1712178300.606069,9662691.74419225,611.2,-0.0,647.0,ASK
457,1712178303.7765949,9663932.14130335,611.3,-1.903324004275185e-07,647.0,ASK
458,1712178303.783893,9664780.09934774,611.0,-1.301146935982166e-07,647.0,ASK
459,1712178303.787287,9664980.09934774,611.2,-3.0688946100309765e-08,647.0,ASK
460,1712178303.7931678,9665004.74419225,611.0,-3.7816215240375366e-09,647.0,ASK
461,1712178304.015771,9668193.64419225,611.0,-4.893199010964461e-07,647.0,ASK
462,1712178324.8548803,9669280.64419225,611.1,-1.6679442205518353e-07,647.0,ASK
463,1712178325.0804915,9670690.24419225,611.1,-2.1629569211492605e-07,647.0,ASK
464,1712178327.7651408,9671448.94419225,611.1,-1.1641851703141077e-07,647.0,ASK
465,1712178327.9650755,9671668.61792578,611.1,-3.3707776839866765e-08,647.0,ASK
466,1712178327.970572,9672055.84419225,611.0,-5.9417830101580375e-08,647.0,ASK
467,1712178330.616891,9672055.84419225,611.0,-0.0,647.0,ASK
468,1712178335.146593,9672064.0569582,611.0,-1.2591001111328931e-09,647.0,ASK
469,1712178335.1530964,9672177.82905506,611.0,-1.744241351319393e-08,647.0,ASK
470,1712178335.158548,9673020.50387563,610.7,-1.2919057557426838e-07,647.0,ASK
471,1712178335.161359,9675307.27801638,611.0,-3.505856117212596e-07,647.0,ASK
472,1712178335.1637564,9675326.54419225,610.9,-2.953699682515153e-09,647.0,ASK
473,1712178336.4250762,9678310.04419225,610.8,-4.5740073491810914e-07,647.0,ASK
474,1712178338.311324,9681035.44419225,610.8,-4.1783139364676826e-07,647.0,ASK
475,1712178342.2550614,9682059.04419225,610.7,-1.569282360525752e-07,647.0,ASK
476,1712178349.7943246,9682999.16154438,610.7,-1.441295015161653e-07,647.0,ASK
477,1712178350.6417732,9686424.69493227,610.7,-5.251689254591739e-07,647.0,ASK
478,1712178350.6447015,9686441.06154438,611.0,-2.509167221891369e-09,647.0,ASK
479,1712178360.409038,9686441.06154438,611.0,-0.0,647.0,ASK
480,1712178364.7304213,9687660.24329552,611.8,-1.866614573612068e-07,647.0,ASK
481,1712178364.7641,9688941.06154438,611.8,-1.960982443536228e-07,647.0,ASK
482,1712178365.0640306,9690160.24329552,610.7,-1.866614573612068e-07,647.0,ASK
483,1712178370.7341113,9693400.64329552,610.7,-4.961178149747505e-07,647.0,ASK
484,1712178370.9139664,9695993.04329552,610.7,-3.969065002899815e-07,647.0,ASK
485,1712178371.983181,9698066.94329552,610.7,-3.175221381546111e-07,647.0,ASK
486,1712178372.4240377,9702577.64329552,610.8,-6.906056746102037e-07,647.0,ASK
487,1712178375.284034,9703013.15329551,611.6,6.66782710757849e-08,647.0,BID
488,1712178382.9935732,9703448.65329551,610.9,-6.667674003872332e-08,647.0,ASK
489,1712178390.4535384,9703448.65329551,610.9,-0.0,647.0,ASK
490,1712178420.4432335,9703448.65329551,610.9,-0.0,647.0,ASK
491,1712178450.4026334,9703448.65329551,610.9,-0.0,647.0,ASK
492,1712178463.8519332,9703629.45329551,610.9,-2.7637216828529133e-08,647.0,ASK
493,1712178464.0319111,9704150.95329551,610.9,-7.97168615930229e-08,647.0,ASK
494,1712178478.881735,9704157.57783307,610.9,-1.0126315315946562e-09,647.0,ASK
495,1712178479.001811,9704373.77783307,610.9,3.304848605273373e-08,647.0,BID
496,1712178479.007175,9704939.72123998,610.9,8.65105124412363e-08,647.0,BID
497,1712178480.166429,9704947.93669512,610.8,-1.255820326450247e-09,647.0,ASK
498,1712178480.1717527,9705189.32123998,610.8,-3.6898213525110296e-08,647.0,ASK
499,1712178480.601806,9705189.32123998,610.8,-0.0,647.0,ASK
500,1712178485.6317682,9705735.02123998,610.8,-8.340253423006026e-08,647.0,ASK
501,1712178485.660324,9707352.43905269,610.7,-2.4719945847368786e-07,647.0,ASK
502,1712178485.6623764,9707353.22123998,610.8,-1.1954627500361394e-10,647.0,ASK
503,1712178489.2521615,9707369.59589201,610.7,-2.50263418807916e-09,647.0,ASK
504,1712178489.2558088,9707377.81403809,610.6,-1.2560275055128855e-09,647.0,ASK
505,1712178489.2593532,9710402.58891365,610.7,-4.622940995004084e-07,647.0,ASK
506,1712178489.261903,9710418.94658795,610.6,-2.5000393820555634e-09,647.0,ASK
507,1712178489.264025,9710435.32123998,610.7,-2.50263418807916e-09,647.0,ASK
508,1712178502.0714142,9710517.02058638,612.0,1.2486590681281573e-08,647.0,BID
509,1712178509.491164,9711335.72058638,610.7,-1.2512672672563938e-07,647.0,ASK
510,1712178510.6113758,9711335.72058638,610.7,-0.0,647.0,ASK
511,1712178532.020954,9711517.45544169,610.8,2.7759678709509537e-08,647.0,BID
512,1712178532.0408149,9712032.72058638,610.8,7.870584232450781e-08,647.0,BID
513,1712178532.045636,9712693.68194852,610.8,1.00960682645073e-07,647.0,BID
514,1712178532.2215626,9712915.24632725,611.3,-3.3843568183602474e-08,647.0,ASK
515,1712178532.227396,9712915.26598672,610.6,-3.002949495607689e-12,647.0,ASK
516,1712178532.2321763,9713553.47165234,610.7,-9.748479012496389e-08,647.0,ASK
517,1712178532.236051,9718532.64934659,610.6,-7.605606133992432e-07,647.0,ASK
518,1712178532.2381625,9718532.68194852,610.7,-4.979887353758737e-12,647.0,ASK
519,1712178532.9412105,9718696.5089472,610.4,-2.5024285184785552e-08,647.0,ASK
520,1712178532.9456823,9719213.29924866,610.4,-7.893880733191975e-08,647.0,ASK
521,1712178532.9494777,9719229.68194852,610.4,-2.5024285173120407e-09,647.0,ASK
522,1712178533.0009606,9719962.72058638,610.4,-1.1197035942296169e-07,647.0,ASK
523,1712178540.41106,9719962.72058638,610.4,-0.0,647.0,ASK
524,1712178543.150772,9722186.26476304,610.4,-3.393693771476272e-07,647.0,ASK
525,1712178543.155583,9722202.62058638,610.4,-2.496314504501137e-09,647.0,ASK
526,1712178557.2549834,9722210.84546754,610.1,-1.255325990546924e-09,647.0,ASK
527,1712178557.2641003,9722220.67830923,610.2,-1.5007416516239355e-09,647.0,ASK
528,1712178557.267903,9722453.66377665,610.0,-3.5559506211923425e-08,647.0,ASK
529,1712178557.2717798,9722470.05453226,610.1,-2.501646057188938e-09,647.0,ASK
530,1712178557.275542,9722590.05453226,610.0,-1.8315051117571576e-08,647.0,ASK
531,1712178557.2777295,9722590.08140878,610.4,-4.1020403696346464e-12,647.0,ASK
532,1712178557.2800062,9722626.76808641,610.0,-5.599319800927923e-09,647.0,ASK
533,1712178557.2822373,9723302.62058638,610.0,-1.031522757075871e-07,647.0,ASK
534,1712178570.0227826,9723369.56057788,610.0,-1.021674471780412e-08,647.0,ASK
535,1712178570.031397,9723747.84111336,610.0,-5.7735227867489054e-08,647.0,ASK
536,1712178570.420844,9723747.84111336,610.0,-0.0,647.0,ASK
537,1712178575.7602007,9723756.00837895,612.2,1.2460930948136592e-09,647.0,BID
538,1712178578.362726,9733756.00837895,610.4,-1.525716387007924e-06,647.0,ASK
539,1712178578.3751802,9734083.8772314,610.0,-5.002348809718089e-08,647.0,ASK
540,1712178578.377329,9744083.8772314,610.1,-1.525716387007924e-06,647.0,ASK
541,1712178578.3795364,9748589.8772314,610.3,-6.874878039857706e-07,647.0,ASK
542,1712178578.3817346,9748598.1034609,610.0,-1.2550893151476923e-09,647.0,ASK
543,1712178578.3839543,9750874.49959141,609.9,-3.47313487964004e-07,647.0,ASK
544,1712178578.3861582,9753214.49959141,610.2,-3.570176345598542e-07,647.0,ASK
545,1712178578.3883896,9753841.69057501,610.0,-9.569155614606916e-08,647.0,ASK
546,1712178578.3908305,9756293.28239978,609.6,-3.740433821306208e-07,647.0,ASK
547,1712178578.3930433,9759250.00837895,610.0,-4.511125278314304e-07,647.0,ASK
548,1712178578.3952968,9763756.00837895,609.9,-6.874878039857706e-07,647.0,ASK
549,1712178582.4301665,9764027.95837895,612.0,4.149185714456682e-08,647.0,BID
550,1712178583.3830414,9764074.72525895,611.6,7.1352995185248606e-09,647.0,BID
551,1712178597.1260269,9764767.72525895,612.0,1.0573214561964914e-07,647.0,BID
552,1712178600.410193,9764767.72525895,612.0,0.0,647.0,BID
553,1712178618.1126776,9765223.03945895,613.5,6.925867647240699e-08,647.0,BID
554,1712178630.4093947,9765223.03945895,613.5,0.0,647.0,BID
555,1712178660.4093866,9765223.03945895,613.5,0.0,647.0,BID
556,1712178664.4895997,9766196.11762956,611.3,-1.480104128832004e-07,647.0,ASK
557,1712178670.458793,9767174.59121077,613.2,1.488310837959586e-07,647.0,BID
558,1712178690.4290514,9767174.59121077,613.2,0.0,647.0,BID
559,1712178692.551844,9767255.95817578,611.7,-1.2374103232618276e-08,647.0,ASK
560,1712178695.2288272,9769905.95817578,613.7,4.030059811386746e-07,647.0,BID
561,1712178695.2337906,9772144.02836961,613.8,3.403606318193532e-07,647.0,BID
562,1712178697.156804,9772544.02836961,611.8,-6.083109149263012e-08,647.0,ASK
563,1712178698.3783298,9772707.50719911,611.8,-2.4861489086238453e-08,647.0,ASK
564,1712178703.4481444,9772723.48324497,613.8,2.4296007684968808e-09,647.0,BID
565,1712178712.408681,9772886.40276273,611.9,-2.4776430226867813e-08,647.0,ASK
566,1712178720.6181295,9772886.40276273,611.9,-0.0,647.0,ASK
567,1712178726.437932,9773403.57637735,613.8,7.860869919048677e-08,647.0,BID
568,1712178726.461822,9773914.61696538,613.8,7.767649919245516e-08,647.0,BID
569,1712178750.6277604,9773914.61696538,613.8,0.0,647.0,BID
570,1712178780.410672,9773914.61696538,613.8,0.0,647.0,BID
571,1712178810.4473746,9773914.61696538,613.8,0.0,647.0,BID
572,1712178840.6102405,9773914.61696538,613.8,0.0,647.0,BID
573,1712178856.3668044,9773922.91696538,611.9,-1.2614518655996755e-09,647.0,ASK
574,1712178870.606406,9773922.91696538,611.9,-0.0,647.0,ASK
575,1712178876.0665746,9774078.04236168,611.9,-2.357627343406951e-08,647.0,ASK
576,1712178876.2161849,9774266.24236168,611.9,2.8603019016243763e-08,647.0,BID
577,1712178876.2368157,9774277.18427616,611.9,1.662974431200465e-09,647.0,BID
578,1712178882.4280105,9774855.28427616,613.2,8.78608145236202e-08,647.0,BID
579,1712178884.476519,9775136.88427616,613.2,4.2798141099869683e-08,647.0,BID
580,1712178885.8673737,9775734.28427616,613.2,9.0794067802244e-08,647.0,BID
581,1712178900.4362495,9775734.28427616,613.2,0.0,647.0,BID
582,1712178910.9160666,9775900.28427616,613.3,-2.5227165793112734e-08,647.0,ASK
583,1712178916.3062878,9776307.98160116,613.2,-6.195812054938057e-08,647.0,ASK
584,1712178926.306328,9776307.98160166,613.2,-7.586217555558795e-17,647.0,ASK
585,1712178930.4257486,9776307.98160166,613.2,-0.0,647.0,ASK
586,1712178955.265705,9776322.78616192,612.9,2.24974174385996e-09,647.0,BID
587,1712178960.595792,9776322.78616192,612.9,0.0,647.0,BID
588,1712178963.8227751,9776521.88616192,611.9,-3.0255742533617264e-08,647.0,ASK
589,1712178963.8267972,9776539.18616192,611.9,-2.628952013335511e-09,647.0,ASK
590,1712178968.5959463,9784713.06183997,611.7,-1.2421229433316e-06,647.0,ASK
591,1712178968.6011748,9784713.16010766,611.9,-1.4933008077699455e-11,647.0,ASK
592,1712178968.6060536,9784994.88616192,611.8,-4.281180794944119e-08,647.0,ASK
593,1712178970.2570148,9784994.95195844,611.7,-9.998606658486112e-12,647.0,ASK
594,1712178971.1719856,9785379.91195844,611.7,5.849950098309286e-08,647.0,BID
595,1712178971.50596,9785844.61195844,611.2,-7.061699425129111e-08,647.0,ASK
596,1712178971.533,9787757.31195844,611.2,-2.906587581322726e-07,647.0,ASK
597,1712178971.850449,9793000.87455666,611.2,-7.968251126618619e-07,647.0,ASK
598,1712178971.9159274,9793986.07524378,611.2,-1.4971360288042873e-07,647.0,ASK
599,1712178971.9184537,9794005.28609921,611.2,2.9193304658034707e-09,647.0,BID
600,1712178972.2259555,9795262.82586115,611.0,1.9109894155256e-07,647.0,BID
601,1712178972.9667974,9795277.72586115,611.0,-2.2642419073983516e-09,647.0,ASK
602,1712178982.2060492,9795652.22586115,611.0,-5.6909972771777335e-08,647.0,ASK
603,1712178990.5858476,9795652.22586115,611.0,-0.0,647.0,ASK
604,1712179020.414949,9795652.22586115,611.0,-0.0,647.0,ASK
605,1712179050.4335363,9795652.22586115,611.0,-0.0,647.0,ASK
606,1712179059.374872,9797962.22586115,612.7,3.504041658126307e-07,647.0,BID
607,1712179059.3791249,9801146.22586115,612.8,4.829813263841628e-07,647.0,BID
608,1712179059.3832052,9815652.22586115,612.3,2.2004168092112644e-06,647.0,BID
609,1712179062.2048943,9815684.95908537,611.0,-4.965306548361609e-09,647.0,ASK
610,1712179062.2091389,9817402.22586115,611.0,-2.6049239482484346e-07,647.0,ASK
611,1712179080.6145349,9817402.22586115,611.0,-0.0,647.0,ASK
612,1712179097.009642,9818106.33716891,612.7,1.065913921950507e-07,647.0,BID
613,1712179110.5943084,9818106.33716891,612.7,0.0,647.0,BID
614,1712179132.3161929,9818281.3371689,612.7,2.6490521135812384e-08,647.0,BID
615,1712179132.3342535,9818281.33716891,612.7,1.4097840199099145e-18,647.0,BID
616,1712179140.4154289,9818281.33716891,612.7,0.0,647.0,BID
617,1712179170.413812,9818281.33716891,612.7,0.0,647.0,BID
618,1712179200.4341755,9818281.33716891,612.7,0.0,647.0,BID
619,1712179230.3936007,9818281.33716891,612.7,0.0,647.0,BID
620,1712179232.0635257,9818509.98555284,612.6,3.4630861008019496e-08,647.0,BID
621,1712179248.538999,9818738.40545976,612.6,3.459625610306341e-08,647.0,BID
622,1712179257.003529,9826900.33820543,612.6,1.2361983654267303e-06,647.0,BID
623,1712179260.613121,9826900.33820543,612.6,0.0,647.0,BID
624,1712179290.6156971,9826900.33820543,612.6,0.0,647.0,BID
625,1712179320.1101663,9827477.72735763,612.6,8.738091846610493e-08,647.0,BID
626,1712179320.210152,9827477.72735764,612.6,1.6913339292539918e-18,647.0,BID
627,1712179320.4130104,9827477.72735764,612.6,0.0,647.0,BID
628,1712179322.293181,9827967.44332237,612.6,7.410866677647244e-08,647.0,BID
629,1712179322.313161,9827967.44332238,612.6,1.409369498129054e-18,647.0,BID
630,1712179350.4125865,9827967.44332238,612.6,0.0,647.0,BID
631,1712179360.8314102,9829610.01888082,612.7,-2.485595066498121e-07,647.0,ASK
632,1712179360.8361108,9832120.01888082,612.7,-3.798207994055751e-07,647.0,ASK
633,1712179360.8384302,9833307.48921921,612.4,-1.796916068515634e-07,647.0,ASK
634,1712179360.8408272,9833797.20518394,612.6,-7.410530247240475e-08,647.0,ASK
635,1712179360.843228,9836177.20518394,612.4,-3.60148805810864e-07,647.0,ASK
636,1712179367.6129332,9836267.20518394,612.4,-1.3619072488646118e-08,647.0,ASK
637,1712179375.803017,9837692.99742594,613.6,2.157551988616181e-07,647.0,BID
638,1712179375.822777,9838703.87171294,613.7,1.5296855768400502e-07,647.0,BID
639,1712179375.8270762,9839598.07947094,613.6,1.3531422529014853e-07,647.0,BID
640,1712179375.831333,9840652.31226294,613.7,1.595296979349667e-07,647.0,BID
641,1712179375.842615,9841084.56101394,613.7,6.540918970016954e-08,647.0,BID
642,1712179375.9026113,9841416.97000976,613.7,5.030113566614996e-08,647.0,BID
643,1712179375.9227054,9845409.14859981,613.7,6.041085511723506e-07,647.0,BID
644,1712179375.9423535,9846020.50677549,613.7,9.251257012319516e-08,647.0,BID
645,1712179376.0079963,9847957.92787705,613.7,2.931764269243264e-07,647.0,BID
646,1712179376.2027273,9848587.20518392,613.7,9.522414730797161e-08,647.0,BID
647,1712179376.2225013,9848587.20518394,613.7,3.1004721376446242e-18,647.0,BID
648,1712179380.4425666,9848587.20518394,613.7,0.0,647.0,BID
649,1712179410.418401,9848587.20518394,613.7,0.0,647.0,BID
650,1712179440.592649,9848587.20518394,613.7,0.0,647.0,BID
651,1712179440.7370694,9850515.742743,613.7,-2.912748084987422e-07,647.0,ASK
652,1712179470.6229796,9850515.742743,613.7,-0.0,647.0,ASK
653,1712179485.9423635,9851093.12072067,612.0,-8.718814013288911e-08,647.0,ASK
654,1712179485.948264,9851320.26680119,612.0,-3.4300657567441794e-08,647.0,ASK
655,1712179500.4050262,9851320.26680119,612.0,-0.0,647.0,ASK
656,1712179518.2520092,9852788.81876401,613.7,2.2218698366493962e-07,647.0,BID
657,1712179530.4270344,9852788.81876401,613.7,0.0,647.0,BID
658,1712179545.971681,9853603.54908827,614.5,1.232491581280146e-07,647.0,BID
659,1712179549.701844,9853746.08044516,613.0,-2.1561575923275443e-08,647.0,ASK
660,1712179560.602275,9853746.08044516,613.0,-0.0,647.0,ASK
661,1712179562.9117484,9854071.28369719,615.0,4.919107684498497e-08,647.0,BID
662,1712179579.281453,9855698.09352312,614.7,2.4607542101707386e-07,647.0,BID
663,1712179584.161561,9857227.66261424,613.1,-2.313665384068089e-07,647.0,ASK
664,1712179590.591412,9857227.66261424,613.1,-0.0,647.0,ASK
665,1712179620.409582,9857227.66261424,613.1,-0.0,647.0,ASK
666,1712179637.4812284,9858860.31567546,614.3,2.468794513577154e-07,647.0,BID
667,1712179650.4112463,9858860.31567546,614.3,0.0,647.0,BID
668,1712179650.6965666,9858860.31567547,614.3,1.4080734426662173e-18,647.0,BID
669,1712179680.5709603,9858860.31567547,614.3,0.0,647.0,BID
670,1712179710.5808828,9858860.31567547,614.3,0.0,647.0,BID
671,1712179740.4007485,9858860.31567547,614.3,0.0,647.0,BID
672,1712179751.2310116,9859197.67748078,613.9,-5.1005979192948894e-08,647.0,ASK
673,1712179757.7309456,9859490.07514159,615.6,4.4207817152395136e-08,647.0,BID
674,1712179770.4105463,9859490.07514159,615.6,0.0,647.0,BID
675,1712179800.5106168,9859490.07514159,615.6,0.0,647.0,BID
676,1712179830.42061,9859490.07514159,615.6,0.0,647.0,BID
677,1712179860.6103325,9859490.07514159,615.6,0.0,647.0,BID
678,1712179890.57041,9859490.07514159,615.6,0.0,647.0,BID
679,1712179920.4099195,9859490.07514159,615.6,0.0,647.0,BID
680,1712179950.4197066,9859490.07514159,615.6,0.0,647.0,BID
681,1712179980.4297864,9859490.07514159,615.6,0.0,647.0,BID
682,1712180010.4195628,9859490.07514159,615.6,0.0,647.0,BID
683,1712180040.62956,9859490.07514159,615.6,0.0,647.0,BID
684,1712180070.5997932,9859490.07514159,615.6,0.0,647.0,BID
685,1712180100.3891642,9859490.07514159,615.6,0.0,647.0,BID
686,1712180130.4075696,9859490.07514159,615.6,0.0,647.0,BID
687,1712180137.6544318,9859652.20527456,617.1,2.4559661708875244e-08,647.0,BID
688,1712180137.659955,9863741.40802437,617.1,6.194372036521763e-07,647.0,BID
689,1712180154.6207745,9863757.60760318,616.9,2.453931098921054e-09,647.0,BID
690,1712180160.4621258,9863757.60760318,616.9,0.0,647.0,BID
691,1712180190.4201255,9863757.60760318,616.9,0.0,647.0,BID
692,1712180220.5889716,9863757.60760318,616.9,0.0,647.0,BID
693,1712180243.423541,9871862.6489389,616.8,-1.22727152972765e-06,647.0,ASK
694,1712180250.6095386,9871862.6489389,616.8,-0.0,647.0,ASK
695,1712180280.4110997,9871862.6489389,616.8,-0.0,647.0,ASK
696,1712180295.1006186,9871878.81447397,618.6,-2.4459460928158067e-09,647.0,ASK
697,1712180310.3941524,9871878.81447397,618.6,-0.0,647.0,ASK
698,1712180312.8836129,9871978.81447397,618.4,1.5130599645238875e-08,647.0,BID
699,1712180318.7913842,9872078.81447397,618.3,1.5130599645238875e-08,647.0,BID
700,1712180325.6939557,9872178.81447397,618.0,1.5130599645238875e-08,647.0,BID
701,1712180340.5915778,9872178.81447397,618.0,0.0,647.0,BID
702,1712180370.612649,9872178.81447397,618.0,0.0,647.0,BID
703,1712180400.4665835,9872178.81447397,618.0,0.0,647.0,BID
704,1712180430.4375043,9872178.81447397,618.0,0.0,647.0,BID
705,1712180450.7598004,9873177.45874304,616.2,-1.5109687686000776e-07,647.0,ASK
706,1712180460.594648,9873177.45874304,616.2,-0.0,647.0,ASK
707,1712180472.0647807,9874753.21193533,616.3,-2.383924163817925e-07,647.0,ASK
708,1712180490.6151905,9874753.21193533,616.3,-0.0,647.0,ASK
709,1712180511.2856953,9874769.38793015,618.2,2.4468730456027604e-09,647.0,BID
710,1712180520.4304986,9874769.38793015,618.2,0.0,647.0,BID
711,1712180533.3559985,9874785.55607889,618.5,2.4456825037227302e-09,647.0,BID
712,1712180550.4163918,9874785.55607889,618.5,0.0,647.0,BID
713,1712180580.6072874,9874785.55607889,618.5,0.0,647.0,BID
714,1712180610.5972998,9874785.55607889,618.5,0.0,647.0,BID
715,1712180640.4311483,9874785.55607889,618.5,0.0,647.0,BID
716,1712180669.7782233,9874883.46636954,616.7,-1.4810423035634286e-08,647.0,ASK
717,1712180670.3881354,9874883.46636954,616.7,-0.0,647.0,ASK
718,1712180700.4211073,9874883.46636954,616.7,-0.0,647.0,ASK
719,1712180730.4123416,9874883.46636954,616.7,-0.0,647.0,ASK
720,1712180760.5913851,9874883.46636954,616.7,-0.0,647.0,ASK
721,1712180790.609898,9874883.46636954,616.7,-0.0,647.0,ASK
722,1712180820.4312992,9874883.46636954,616.7,-0.0,647.0,ASK
723,1712180833.540278,9876505.00034068,617.1,-2.45642850480388e-07,647.0,ASK
724,1712180850.402356,9876505.00034068,617.1,-0.0,647.0,ASK
725,1712180853.830381,9876513.10034068,618.6,1.2268663856430846e-09,647.0,BID
726,1712180880.600568,9876513.10034068,618.6,0.0,647.0,BID
727,1712180910.6145546,9876513.10034068,618.6,0.0,647.0,BID
728,1712180940.4211056,9876513.10034068,618.6,0.0,647.0,BID
729,1712180970.3813438,9876513.10034068,618.6,0.0,647.0,BID
730,1712180981.6816692,9876537.4060337,618.6,3.6814586564460814e-09,647.0,BID
731,1712181000.5349274,9876537.4060337,618.6,0.0,647.0,BID
732,1712181030.3923469,9876537.4060337,618.6,0.0,647.0,BID
733,1712181034.6820045,9877499.95306807,618.6,-1.4581633228672814e-07,647.0,ASK
734,1712181060.6126094,9877499.95306807,618.6,-0.0,647.0,ASK
735,1712181090.5922828,9877499.95306807,618.6,-0.0,647.0,ASK
736,1712181120.4425254,9877499.95306807,618.6,-0.0,647.0,ASK
737,1712181150.544486,9877499.95306807,618.6,-0.0,647.0,ASK
738,1712181180.6030183,9877499.95306807,618.6,-0.0,647.0,ASK
739,1712181182.05573,9877516.28476707,620.0,2.4738673260299927e-09,647.0,BID
740,1712181198.7844882,9877524.76339607,621.0,1.2843123822181439e-09,647.0,BID
741,1712181198.9233434,9877685.74570509,621.5,2.4385024138620145e-08,647.0,BID
742,1712181198.9295533,9877694.08475457,621.5,1.263169376032435e-09,647.0,BID
743,1712181210.6131597,9877694.08475457,621.5,0.0,647.0,BID
744,1712181226.9031026,9877694.08475458,621.5,1.6928500021243597e-18,647.0,BID
745,1712181240.4233208,9877694.08475458,621.5,0.0,647.0,BID
746,1712181270.4335277,9877694.08475458,621.5,0.0,647.0,BID
747,1712181300.483551,9877694.08475458,621.5,0.0,647.0,BID
748,1712181330.4137952,9877694.08475458,621.5,0.0,647.0,BID
749,1712181336.2039256,9880188.08475458,621.9,-3.780095586675804e-07,647.0,ASK
750,1712181336.210281,9884694.08475458,621.9,-6.829635410409452e-07,647.0,ASK
751,1712181360.614106,9884694.08475458,621.9,-0.0,647.0,ASK
752,1712181390.6439571,9884694.08475458,621.9,-0.0,647.0,ASK
753,1712181414.2142313,9884838.31811239,622.5,-2.1846686953773875e-08,647.0,ASK
754,1712181420.434159,9884838.31811239,622.5,-0.0,647.0,ASK
755,1712181450.404266,9884838.31811239,622.5,-0.0,647.0,ASK
756,1712181480.6143246,9884838.31811239,622.5,-0.0,647.0,ASK
757,1712181510.6059487,9884838.31811239,622.5,-0.0,647.0,ASK
758,1712181540.4444811,9884838.31811239,622.5,-0.0,647.0,ASK
759,1712181570.0646412,9888338.31811239,622.6,-5.301295459299518e-07,647.0,ASK
760,1712181570.4548078,9888338.31811239,622.6,-0.0,647.0,ASK
761,1712181600.5947602,9888338.31811239,622.6,-0.0,647.0,ASK
762,1712181630.4050665,9888338.31811239,622.6,-0.0,647.0,ASK
763,1712181660.624978,9888338.31811239,622.6,-0.0,647.0,ASK
764,1712181679.2248404,9891546.41220278,622.8,4.857555188833816e-07,647.0,BID
765,1712181684.1650002,9891562.48937319,622.0,-2.434334541068688e-09,647.0,ASK
766,1712181689.8865726,9891599.78937319,622.0,5.647802197600062e-09,647.0,BID
767,1712181690.618269,9891599.78937319,622.0,0.0,647.0,BID
768,1712181693.5652912,9891760.63865741,621.7,-2.4347604007538938e-08,647.0,ASK
769,1712181693.5706756,9891769.63865739,621.7,-1.3623214839340907e-09,647.0,ASK
770,1712181693.5835342,9892252.34179495,621.5,-7.306631735108119e-08,647.0,ASK
771,1712181693.5866182,9892252.34179497,621.7,-2.819468343910877e-18,647.0,ASK
772,1712181694.305202,9892598.14897943,621.4,5.2344506417846724e-08,647.0,BID
773,1712181705.37504,9892982.3298311,621.4,5.81530921264019e-08,647.0,BID
774,1712181711.7854297,9893069.30130429,621.2,-1.3164789631904573e-08,647.0,ASK
775,1712181718.725035,9903069.30130429,622.0,1.513690541150562e-06,647.0,BID
776,1712181720.415197,9903069.30130429,622.0,0.0,647.0,BID
777,1712181721.7751703,9903959.40130429,622.0,1.345882732090239e-07,647.0,BID
778,1712181730.1673648,9905770.70130429,622.0,2.738790464708542e-07,647.0,BID
779,1712181730.285093,9909379.9053196,622.0,5.457325425005234e-07,647.0,BID
780,1712181730.635149,9909527.81557947,622.0,2.2364887614783666e-08,647.0,BID
781,1712181730.6403377,9909883.62071696,622.0,5.379979671223759e-08,647.0,BID
782,1712181730.654837,9910629.77428815,622.0,1.1282273979922785e-07,647.0,BID
783,1712181730.694955,9911356.97428815,622.0,1.0995685010425073e-07,647.0,BID
784,1712181730.735646,9911932.38068405,622.0,8.700477835920071e-08,647.0,BID
785,1712181730.7549136,9912424.48068405,622.0,7.44083689991442e-08,647.0,BID
786,1712181730.7581034,9913015.92413388,622.0,8.942967375971984e-08,647.0,BID
787,1712181750.4550316,9913015.92413388,622.0,0.0,647.0,BID
788,1712181752.693313,9913035.22413388,622.7,2.9155443038657833e-09,647.0,BID
789,1712181780.6198757,9913035.22413388,622.7,0.0,647.0,BID
790,1712181810.6184323,9913035.22413388,622.7,0.0,647.0,BID
791,1712181811.6175926,9913039.23986388,622.7,6.06633029454611e-10,647.0,BID
792,1712181811.6250336,9913067.31978193,623.2,4.241870284255026e-09,647.0,BID
793,1712181840.4454834,9913067.31978193,623.2,0.0,647.0,BID
794,1712181861.9153504,9915417.31978193,623.5,3.549997914254971e-07,647.0,BID
795,1712181861.9196,9921086.56597278,623.5,8.564175384221684e-07,647.0,BID
796,1712181870.4155376,9921086.56597278,623.5,0.0,647.0,BID
797,1712181886.2257051,9921260.37481815,623.4,2.6236397564101293e-08,647.0,BID
798,1712181900.6154375,9921260.37481815,623.4,0.0,647.0,BID
799,1712181930.5976846,9921260.37481815,623.4,0.0,647.0,BID
800,1712181954.16621,9927918.59816063,622.1,-1.008890745308168e-06,647.0,ASK
801,1712181960.3874831,9927918.59816063,622.1,-0.0,647.0,ASK
802,1712181990.4359925,9927918.59816063,622.1,-0.0,647.0,ASK
803,1712182004.395604,9927934.63665301,623.5,2.4287165386969434e-09,647.0,BID
804,1712182020.6055012,9927934.63665301,623.5,0.0,647.0,BID
805,1712182027.6158311,9928095.02157682,623.5,2.4287128610829355e-08,647.0,BID
806,1712182028.2658012,9928125.91871846,623.5,4.678761786769905e-09,647.0,BID
807,1712182034.0056734,9928632.51871846,623.5,7.671456307730909e-08,647.0,BID
808,1712182039.2057483,9928845.55848644,623.5,3.2260664663502155e-08,647.0,BID
809,1712182043.5357316,9928898.48551129,623.5,8.014752440555448e-09,647.0,BID
810,1712182048.756057,9930268.08551129,623.4,2.0739886614754221e-07,647.0,BID
811,1712182050.615762,9930268.08551129,623.4,0.0,647.0,BID
1012,1712182056.2858737,9930282.13045511,622.4,-2.1263608817289252e-09,647.0,ASK
812,1712182056.2858737,9930282.13045511,622.4,-2.126360881728925e-09,647.0,ASK
813,1712182071.035734,9930555.10601356,623.4,4.13276518986332e-08,647.0,BID
814,1712182071.1157398,9931283.77335486,623.4,-1.1031797279604813e-07,647.0,ASK
815,1712182080.425882,9931283.77335486,623.4,-0.0,647.0,ASK
816,1712182091.0859346,9931660.84022487,623.5,5.70812814682797e-08,647.0,BID
817,1712182098.505854,9932060.26274653,623.4,-6.046553329671852e-08,647.0,ASK
818,1712182110.4558976,9932060.26274653,623.4,-0.0,647.0,ASK
819,1712182119.1524937,9932366.77961084,623.4,-4.6397853221056553e-08,647.0,ASK
820,1712182140.605915,9932366.77961084,623.4,-0.0,647.0,ASK
821,1712182170.6159585,9932366.77961084,623.4,-0.0,647.0,ASK
822,1712182179.1204903,9932366.77961085,623.4,-1.4097142220190317e-18,647.0,ASK
823,1712182179.1289625,9932615.79732512,623.4,-3.769304244399596e-08,647.0,ASK
824,1712182200.465916,9932615.79732512,623.4,-0.0,647.0,ASK
825,1712182230.4362369,9932615.79732512,623.4,-0.0,647.0,ASK
826,1712182235.50658,9933795.6723034,623.5,1.7861870942615985e-07,647.0,BID
827,1712182256.236353,9933956.39232911,622.2,-2.4331055493059363e-08,647.0,ASK
828,1712182256.2463658,9945469.94642009,622.1,-1.7430119381273103e-06,647.0,ASK
829,1712182256.252645,9950376.66829815,622.0,-7.428179641964377e-07,647.0,ASK
830,1712182260.6162112,9950376.66829815,622.0,-0.0,647.0,ASK
831,1712182290.6079865,9950376.66829815,622.0,-0.0,647.0,ASK
832,1712182290.9666154,9950622.15778914,623.5,3.710205382110815e-08,647.0,BID
833,1712182295.7961838,9950631.78088456,623.5,1.4543865108067087e-09,647.0,BID
834,1712182312.7013104,9950827.92305099,623.5,2.9643946004140284e-08,647.0,BID
835,1712182312.7359822,9951023.20514202,623.5,2.9513958509788684e-08,647.0,BID
836,1712182320.4195752,9951023.20514202,623.5,0.0,647.0,BID
837,1712182350.4454436,9951023.20514202,623.5,0.0,647.0,BID
838,1712182380.6047573,9951023.20514202,623.5,0.0,647.0,BID
839,1712182410.656676,9951023.20514202,623.5,0.0,647.0,BID
840,1712182440.4332874,9951023.20514202,623.5,0.0,647.0,BID
841,1712182465.912856,9951039.2436344,623.5,2.423829848405142e-09,647.0,BID
842,1712182470.4324746,9951039.2436344,623.5,0.0,647.0,BID
843,1712182476.9527311,9951297.21143418,623.5,3.8985528889692906e-08,647.0,BID
844,1712182476.9584131,9951383.4436344,623.5,1.3031889777666588e-08,647.0,BID
845,1712182481.224239,9951947.21143418,623.5,8.519972595114476e-08,647.0,BID
846,1712182481.2275617,9953180.6436344,623.5,1.86403135260773e-07,647.0,BID
847,1712182500.461883,9953180.6436344,623.5,0.0,647.0,BID
848,1712182530.434863,9953180.6436344,623.5,0.0,647.0,BID
849,1712182560.6108792,9953180.6436344,623.5,0.0,647.0,BID
850,1712182561.480903,9954780.6436344,622.6,-2.420521925386746e-07,647.0,ASK
851,1712182582.3306203,9954796.70531124,622.6,-2.429852559541988e-09,647.0,ASK
852,1712182590.6205204,9954796.70531124,622.6,-0.0,647.0,ASK
853,1712182603.3499973,9954808.50531124,623.4,1.78486323770038e-09,647.0,BID
1053,1712182603.3499973,9954808.50531124,623.4,1.7848632377003801e-09,647.0,BID
854,1712182620.4099555,9954808.50531124,623.4,0.0,647.0,BID
855,1712182650.4395397,9954808.50531124,623.4,0.0,647.0,BID
856,1712182680.6093032,9954808.50531124,623.4,0.0,647.0,BID
857,1712182710.6089113,9954808.50531124,623.4,0.0,647.0,BID
858,1712182730.8682342,9954840.58744149,623.4,4.852724674607343e-09,647.0,BID
859,1712182740.4223251,9954840.58744149,623.4,0.0,647.0,BID
860,1712182770.148646,9954856.63365458,623.2,2.427133673103082e-09,647.0,BID
861,1712182770.431808,9954856.63365458,623.2,0.0,647.0,BID
862,1712182780.4975667,9955177.91879513,622.5,-4.8597186101367015e-08,647.0,ASK
863,1712182789.569982,9956066.42562241,622.5,-1.3439442472743206e-07,647.0,ASK
864,1712182789.5770862,9956066.42562242,622.5,-1.6904481695560673e-18,647.0,ASK
865,1712182789.583223,9956066.42562244,622.5,-3.0991549775194545e-18,647.0,ASK
866,1712182794.1472394,9956082.42562244,622.4,-2.420139867942122e-09,647.0,ASK
867,1712182797.0975888,9958982.27005954,622.0,-4.386268208159922e-07,647.0,ASK
868,1712182797.1374502,9959438.92275794,622.0,-6.90727125749986e-08,647.0,ASK
869,1712182797.297833,9959906.19504808,622.0,-7.067901865958608e-08,647.0,ASK
870,1712182800.239346,9960567.72819583,622.0,1.00062671551971e-07,647.0,BID
871,1712182800.2537756,9960700.4637022,621.7,-2.007740567869554e-08,647.0,ASK
872,1712182800.272797,9961997.89162061,621.9,1.962473144453142e-07,647.0,BID
873,1712182800.370161,9962093.63440299,622.0,1.448193279416186e-08,647.0,BID
874,1712182800.377333,9962400.46816142,621.9,4.641128822551934e-08,647.0,BID
875,1712182800.4877777,9962400.46816142,621.9,0.0,647.0,BID
876,1712182812.5672314,9962448.08598531,622.0,7.224430193409406e-09,647.0,BID
877,1712182812.727203,9963686.64179486,622.0,-1.879098886900741e-07,647.0,ASK
878,1712182814.3374343,9964348.74841691,622.2,1.0045278597135121e-07,647.0,BID
879,1712182829.4671185,9965479.49280799,622.1,1.715530709447546e-07,647.0,BID
880,1712182830.4128387,9965479.49280799,622.1,0.0,647.0,BID
881,1712182832.211041,9965800.98452957,622.1,4.87615679257891e-08,647.0,BID
882,1712182858.516979,9965829.09830742,621.7,-4.2640970085893935e-09,647.0,ASK
883,1712182858.52483,9965836.78452957,621.0,-1.1657912734522563e-09,647.0,ASK
884,1712182860.446592,9965836.78452957,621.0,-0.0,647.0,ASK
885,1712182890.428726,9965836.78452957,621.0,-0.0,647.0,ASK
886,1712182920.6061726,9965836.78452957,621.0,-0.0,647.0,ASK
887,1712182950.605904,9965836.78452957,621.0,-0.0,647.0,ASK
888,1712182980.3862271,9965836.78452957,621.0,-0.0,647.0,ASK
889,1712183010.4194992,9965836.78452957,621.0,-0.0,647.0,ASK
890,1712183030.7151103,9966110.82195051,621.3,-4.1562637512567774e-08,647.0,ASK
891,1712183040.6052425,9966110.82195051,621.3,-0.0,647.0,ASK
892,1712183070.5947523,9966110.82195051,621.3,-0.0,647.0,ASK
893,1712183100.4246593,9966110.82195051,621.3,-0.0,647.0,ASK
894,1712183130.4343843,9966110.82195051,621.3,-0.0,647.0,ASK
895,1712183157.134083,9966552.82195051,621.3,-6.72570880682877e-08,647.0,ASK
896,1712183160.483771,9966552.82195051,621.3,-0.0,647.0,ASK
897,1712183190.374189,9966552.82195051,621.3,-0.0,647.0,ASK
898,1712183197.9738278,9970061.03204535,622.1,5.338057376403073e-07,647.0,BID
899,1712183220.6036348,9970061.03204535,622.1,0.0,647.0,BID
900,1712183250.6135635,9970061.03204535,622.1,0.0,647.0,BID
901,1712183280.43373,9970061.03204535,622.1,0.0,647.0,BID
902,1712183310.3972528,9970061.03204535,622.1,0.0,647.0,BID
903,1712183312.8129025,9978080.2782362,622.1,1.21979540584103e-06,647.0,BID
904,1712183312.832801,9978275.6782362,623.3,2.9721998381064435e-08,647.0,BID
905,1712183340.6096983,9978275.6782362,623.3,0.0,647.0,BID
906,1712183370.5823927,9978275.6782362,623.3,0.0,647.0,BID
907,1712183379.602537,9978291.72187489,623.4,2.438478032685421e-09,647.0,BID
908,1712183400.6823816,9978291.72187489,623.4,0.0,647.0,BID
909,1712183416.7824123,9978500.31314196,622.7,-3.1796506296754285e-08,647.0,ASK
910,1712183416.792132,9978685.72187489,622.7,-2.8262688207917643e-08,647.0,ASK
911,1712183416.892364,9978685.77314196,622.7,-7.814870199828225e-12,647.0,ASK
912,1712183430.5820706,9978685.77314196,622.7,-0.0,647.0,ASK
913,1712183444.382174,9980291.29124367,622.5,2.4472720149728506e-07,647.0,BID
914,1712183460.432227,9980291.29124367,622.5,0.0,647.0,BID
915,1712183465.4740708,9982039.71703674,622.3,2.664698550142888e-07,647.0,BID
916,1712183490.4220395,9982039.71703674,622.3,0.0,647.0,BID
917,1712183520.5916862,9982039.71703674,622.3,0.0,647.0,BID
918,1712183550.6014068,9982039.71703674,622.3,0.0,647.0,BID
919,1712183580.441254,9982039.71703674,622.3,0.0,647.0,BID
920,1712183610.4012165,9982039.71703674,622.3,0.0,647.0,BID
921,1712183613.5313995,9982039.81183796,621.3,-1.4445839754394794e-11,647.0,ASK
922,1712183621.7214165,9982243.40535629,621.8,3.102364469843184e-08,647.0,BID
923,1712183640.5810068,9982243.40535629,621.8,0.0,647.0,BID
924,1712183670.5829155,9982243.40535629,621.8,0.0,647.0,BID
925,1712183700.4007509,9982243.40535629,621.8,0.0,647.0,BID
926,1712183730.421998,9982243.40535629,621.8,0.0,647.0,BID
927,1712183760.590721,9982243.40535629,621.8,0.0,647.0,BID
928,1712183790.5901928,9982243.40535629,621.8,0.0,647.0,BID
929,1712183812.0105283,9982259.48769787,621.8,-2.4557568917254527e-09,647.0,ASK
930,1712183820.4401574,9982259.48769787,621.8,-0.0,647.0,ASK
931,1712183850.399929,9982259.48769787,621.8,-0.0,647.0,ASK
932,1712183880.609872,9982259.48769787,621.8,-0.0,647.0,ASK
933,1712183910.5997334,9982259.48769787,621.8,-0.0,647.0,ASK
934,1712183938.7402852,9982959.48769787,621.8,-1.0688911131192313e-07,647.0,ASK
935,1712183940.439561,9982959.48769787,621.8,-0.0,647.0,ASK
936,1712183961.0097718,9983812.40972797,622.3,1.302314555076476e-07,647.0,BID
937,1712183961.109746,9984278.42290478,622.3,7.115489125606292e-08,647.0,BID
938,1712183961.191748,9985167.72936968,622.3,1.3578694327140386e-07,647.0,BID
939,1712183962.6100724,9985763.42607789,622.3,9.095608580086536e-08,647.0,BID
940,1712183962.6173337,9986107.11055087,622.3,5.24766949052567e-08,647.0,BID
941,1712183962.7097728,9986427.40556762,622.3,4.8905391995056484e-08,647.0,BID
942,1712183970.4197032,9986427.40556762,622.3,0.0,647.0,BID
943,1712184000.4348123,9986427.40556762,622.3,0.0,647.0,BID
944,1712184030.399402,9986427.40556762,622.3,0.0,647.0,BID
945,1712184060.609486,9986427.40556762,622.3,0.0,647.0,BID
946,1712184071.2093768,9986435.88419662,622.3,-1.2946979636643362e-09,647.0,ASK
947,1712184072.239452,9987711.35302021,622.3,-1.947657915594694e-07,647.0,ASK
948,1712184090.5990062,9987711.35302021,622.3,-0.0,647.0,ASK
949,1712184120.3891723,9987711.35302021,622.3,-0.0,647.0,ASK
950,1712184150.42909,9987711.35302021,622.3,-0.0,647.0,ASK
951,1712184180.6088607,9987711.35302021,622.3,-0.0,647.0,ASK
952,1712184210.5976937,9987711.35302021,622.3,-0.0,647.0,ASK
953,1712184223.808348,9990380.11023729,622.3,-4.074730735256469e-07,647.0,ASK
954,1712184240.4186473,9990380.11023729,622.3,-0.0,647.0,ASK
955,1712184270.418452,9990380.11023729,622.3,-0.0,647.0,ASK
956,1712184300.4441955,9990380.11023729,622.3,-0.0,647.0,ASK
957,1712184330.4382875,9990380.11023729,622.3,-0.0,647.0,ASK
958,1712184338.648181,9990882.86232597,622.0,7.701528853158098e-08,647.0,BID
959,1712184360.608285,9990882.86232597,622.0,0.0,647.0,BID
960,1712184364.738618,9992492.64983401,621.2,-2.465873608259093e-07,647.0,ASK
961,1712184365.8582728,9994181.38041639,621.1,-2.586798663642448e-07,647.0,ASK
962,1712184369.1097994,9994930.29199376,621.0,-1.1471832675631389e-07,647.0,ASK
963,1712184369.120519,9994958.70883119,621.0,-4.352893105326428e-09,647.0,ASK
964,1712184369.2283385,9995013.26824851,621.0,-8.357415284962419e-09,647.0,ASK
965,1712184390.6083305,9995013.26824851,621.0,-0.0,647.0,ASK
966,1712184405.6387248,9995222.60802306,621.0,3.20540844229028e-08,647.0,BID
967,1712184405.6485453,9997647.04799335,621.0,3.712299951247935e-07,647.0,BID
968,1712184417.058953,10000809.85411251,621.0,4.842885427497009e-07,647.0,BID
969,1712184420.4316633,10000809.85411251,621.0,0.0,647.0,BID
970,1712184422.1589513,10001038.30348327,621.0,3.4960873973999573e-08,647.0,BID
971,1712184422.378808,10001038.30348328,621.0,1.4252545783727105e-18,647.0,BID
972,1712184450.4196846,10001038.30348328,621.0,0.0,647.0,BID
973,1712184480.5896504,10001038.30348328,621.0,0.0,647.0,BID
974,1712184510.5798397,10001038.30348328,621.0,0.0,647.0,BID
975,1712184540.414308,10001038.30348328,621.0,0.0,647.0,BID
976,1712184558.801336,10011038.30348328,622.4,1.530322226275316e-06,647.0,BID
977,1712184558.809601,10016532.30348328,622.8,8.407590311156585e-07,647.0,BID
978,1712184558.8144605,10021038.30348328,622.7,6.895631951596574e-07,647.0,BID
979,1712184570.436934,10021038.30348328,622.7,0.0,647.0,BID
980,1712184577.0806224,10021054.35227159,623.1,2.451310801702062e-09,647.0,BID
981,1712184600.46032,10021054.35227159,623.1,0.0,647.0,BID
982,1712184630.4108703,10021054.35227159,623.1,0.0,647.0,BID
983,1712184660.6209252,10021054.35227159,623.1,0.0,647.0,BID
984,1712184690.5809045,10021054.35227159,623.1,0.0,647.0,BID
985,1712184697.560897,10021070.39591028,623.3,2.460506875776339e-09,647.0,BID
986,1712184703.0209656,10021279.03015839,623.3,3.199685631998879e-08,647.0,BID
987,1712184719.8124714,10021479.7228561,623.4,3.0778913200136286e-08,647.0,BID
988,1712184719.8909926,10022081.21209325,623.4,-9.224643064838396e-08,647.0,ASK
989,1712184720.4010696,10022081.21209325,623.4,-0.0,647.0,ASK
990,1712184750.4058638,10022081.21209325,623.4,-0.0,647.0,ASK
991,1712184780.5911407,10022081.21209325,623.4,-0.0,647.0,ASK
992,1712184797.706005,10022097.25315837,623.4,2.45987069567142e-09,647.0,BID
993,1712184798.7513187,10022197.25315837,623.4,1.5334833924002174e-08,647.0,BID
994,1712184802.5417497,10022258.18034636,623.4,9.34308309289201e-09,647.0,BID
995,1712184810.6015446,10022258.18034636,623.4,0.0,647.0,BID
996,1712184822.2165916,10022458.18034635,623.0,-3.0669148994924896e-08,647.0,ASK
997,1712184822.222881,10022458.18034636,623.0,-1.7137722482889148e-18,647.0,ASK
998,1712184840.421619,10022458.18034636,623.0,-0.0,647.0,ASK
999,1712184870.4017272,10022458.18034636,623.0,-0.0,647.0,ASK
1000,1712184891.7123067,10032458.18034636,623.0,1.533428150804536e-06,647.0,BID
1201,1712184891.7261512,10032858.18034636,623.0,6.133712603218145e-08,647.0,BID
1202,1712184900.561684,10032858.18034636,623.0,0.0,647.0,BID
1203,1712184930.6016965,10032858.18034636,623.0,0.0,647.0,BID
1204,1712184930.7914226,10033660.74856465,623.0,1.2317772255806034e-07,647.0,BID
1205,1712184960.4122007,10033660.74856465,623.0,0.0,647.0,BID
1206,1712184990.4359736,10033660.74856465,623.0,0.0,647.0,BID
1207,1712185020.5823483,10033660.74856465,623.0,0.0,647.0,BID
1208,1712185050.6231403,10033660.74856465,623.0,0.0,647.0,BID
1209,1712185080.4128842,10033660.74856465,623.0,0.0,647.0,BID
1210,1712185110.3827512,10033660.74856465,623.0,0.0,647.0,BID
1211,1712185140.5830913,10033660.74856465,623.0,0.0,647.0,BID
1212,1712185153.052967,10033853.39585956,622.9,2.9565130565379595e-08,647.0,BID
1213,1712185163.183042,10034771.07957669,622.9,1.408347774997368e-07,647.0,BID
1214,1712185170.594759,10034771.07957669,622.9,0.0,647.0,BID
1215,1712185200.613204,10034771.07957669,622.9,0.0,647.0,BID
1216,1712185214.943469,10035850.30590685,622.1,-1.6571270283175676e-07,647.0,ASK
1217,1712185214.9467947,10035850.30590686,622.1,-1.430024238055093e-18,647.0,ASK
1218,1712185215.023358,10035950.30590686,622.0,-1.5354768337334858e-08,647.0,ASK
1219,1712185215.031633,10039185.73999046,622.0,-4.967934082438912e-07,647.0,ASK
1220,1712185230.393006,10039185.73999046,622.0,-0.0,647.0,ASK
1221,1712185260.5934618,10039185.73999046,622.0,-0.0,647.0,ASK
1222,1712185263.4805076,10039285.73999046,621.5,-1.534829678879973e-08,647.0,ASK
1223,1712185267.6129987,10039400.69297253,621.5,-1.7643324855667752e-08,647.0,ASK
1224,1712185290.6196387,10039400.69297253,621.5,-0.0,647.0,ASK
1225,1712185320.393213,10039400.69297253,621.5,-0.0,647.0,ASK
1226,1712185325.8530023,10039561.59401838,621.1,-2.46950636984531e-08,647.0,ASK
1227,1712185325.8559024,10039568.05163889,621.0,-9.911144393961042e-10,647.0,ASK
1228,1712185325.8586783,10042069.45018961,621.0,-3.839142015458722e-07,647.0,ASK
1229,1712185329.571114,10042085.53253119,621.8,2.468314905478237e-09,647.0,BID
1230,1712185350.4227126,10042085.53253119,621.8,0.0,647.0,BID
1231,1712185377.4528916,10042093.57111639,622.0,1.2334449791163092e-09,647.0,BID
1232,1712185380.613042,10042093.57111639,622.0,0.0,647.0,BID
1233,1712185410.6026726,10042093.57111639,622.0,0.0,647.0,BID
1234,1712185440.4033773,10042093.57111639,622.0,0.0,647.0,BID
1235,1712185457.2730038,10042170.03660377,621.0,-1.1732897865638372e-08,647.0,ASK
1236,1712185457.2757585,10042667.99654735,621.0,-7.640719178596994e-08,647.0,ASK
1237,1712185470.4131165,10042667.99654735,621.0,-0.0,647.0,ASK
1238,1712185478.6431527,10042805.22498108,621.0,-2.1055238501679227e-08,647.0,ASK
1239,1712185500.5928123,10042805.22498108,621.0,-0.0,647.0,ASK
1240,1712185530.6199224,10042805.22498108,621.0,-0.0,647.0,ASK
1241,1712185546.8329072,10047311.22498108,621.7,-6.960046677933691e-07,647.0,ASK
1242,1712185546.8426723,10053205.22498108,621.7,-9.103975836604788e-07,647.0,ASK
1243,1712185560.4034455,10053205.22498108,621.7,-0.0,647.0,ASK
1244,1712185590.4180596,10053205.22498108,621.7,-0.0,647.0,ASK
1245,1712185620.6134086,10053205.22498108,621.7,-0.0,647.0,ASK
1246,1712185624.7435944,10053527.6050379,621.3,-4.974570828354654e-08,647.0,ASK
1247,1712185629.731675,10054204.1050379,621.7,1.0438912377485925e-07,647.0,BID
1248,1712185629.7389524,10054339.04182821,621.7,2.0821778722005595e-08,647.0,BID
1249,1712185629.7683425,10054582.64182821,623.0,3.7589343017763234e-08,647.0,BID
1250,1712185630.1234453,10055015.85575679,623.0,6.684822233785708e-08,647.0,BID
1251,1712185630.1251483,10055394.04182821,623.0,5.835700313288894e-08,647.0,BID
1252,1712185650.6033082,10055394.04182821,623.0,0.0,647.0,BID
1253,1712185652.383695,10055411.87649915,623.0,2.751447846794248e-09,647.0,BID
1254,1712185652.5832577,10055908.95999499,623.0,7.668766745832406e-08,647.0,BID
1255,1712185670.8234637,10056526.66989928,623.0,9.52973335912662e-08,647.0,BID
1256,1712185671.1634712,10056899.17855395,623.5,5.74688559845316e-08,647.0,BID
1257,1712185671.166228,10057144.36989928,623.8,3.7826949620526734e-08,647.0,BID
1258,1712185680.4334283,10057144.36989928,623.8,0.0,647.0,BID
1259,1712185710.4136145,10057144.36989928,623.8,0.0,647.0,BID
1260,1712185733.5434966,10059709.85444828,623.2,-3.957241063359009e-07,647.0,ASK
1261,1712185740.5932152,10059709.85444828,623.2,-0.0,647.0,ASK
1262,1712185764.693791,10059870.31657921,623.2,2.4745063263802225e-08,647.0,BID
1263,1712185770.5832462,10059870.31657921,623.2,0.0,647.0,BID
1264,1712185800.4452512,10059870.31657921,623.2,0.0,647.0,BID
1265,1712185801.9435966,10060512.16510295,622.8,9.9002095953971e-08,647.0,BID
1266,1712185815.4543152,10062118.84890701,622.4,-2.478233699293612e-07,647.0,ASK
1267,1712185815.4653516,10062324.19902795,622.4,-3.1674283924406995e-08,647.0,ASK
1268,1712185815.4787714,10062324.19902851,622.4,-8.647856286728654e-17,647.0,ASK
1269,1712185815.5358732,10062528.69425493,622.3,-3.1542420492086226e-08,647.0,ASK
1270,1712185815.5389154,10062731.60099196,622.3,-3.1297403524818635e-08,647.0,ASK
1271,1712185815.5419009,10062937.46274442,622.3,-3.1753200664118456e-08,647.0,ASK
1272,1712185815.5438735,10063180.89378151,622.3,-3.754808494631424e-08,647.0,ASK
1273,1712185815.6132903,10063180.89378233,622.3,-1.2670115024741982e-16,647.0,ASK
1274,1712185830.4185188,10063180.89378233,622.3,-0.0,647.0,ASK
1275,1712185856.593417,10063197.0540926,621.2,-2.491859312252849e-09,647.0,ASK
1276,1712185860.6160705,10063197.0540926,621.2,-0.0,647.0,ASK
1277,1712185890.6132674,10063197.0540926,621.2,-0.0,647.0,ASK
1278,1712185920.3933115,10063197.0540926,621.2,-0.0,647.0,ASK
1279,1712185950.423472,10063197.0540926,621.2,-0.0,647.0,ASK
1280,1712185977.1534142,10063209.80165336,621.2,-1.9656230784076423e-09,647.0,ASK
1281,1712185977.155974,10063293.64134309,621.2,-1.2927746109670906e-08,647.0,ASK
1282,1712185980.6132884,10063293.64134309,621.2,-0.0,647.0,ASK
1283,1712185981.7336695,10063303.27525445,622.8,1.485497003351182e-09,647.0,BID
1284,1712186010.583256,10063303.27525445,622.8,0.0,647.0,BID
1285,1712186036.864483,10066313.37079073,622.8,4.641400148864714e-07,647.0,BID
1286,1712186040.433626,10066313.37079073,622.8,0.0,647.0,BID
1287,1712186042.9636514,10073293.64134309,622.8,1.0760079159441416e-06,647.0,BID
1288,1712186043.1232462,10074263.53668309,622.8,-1.495092569332552e-07,647.0,ASK
1289,1712186043.1261213,10074263.53668401,622.8,-1.418405102790448e-16,647.0,ASK
1290,1712186057.4734652,10080071.13545366,622.7,8.952406933076117e-07,647.0,BID
1291,1712186070.443601,10080071.13545366,622.7,0.0,647.0,BID
1292,1712186100.443718,10080071.13545366,622.7,0.0,647.0,BID
1293,1712186130.4735954,10080071.13545366,622.7,0.0,647.0,BID
1294,1712186149.163571,10081677.04520088,622.7,-2.476239491019974e-07,647.0,ASK
1295,1712186149.1732223,10081837.63617566,622.7,-2.4762394919103292e-08,647.0,ASK
1296,1712186149.1831574,10081837.63617631,622.7,-1.002367700930014e-16,647.0,ASK
1297,1712186160.5933886,10081837.63617631,622.7,-0.0,647.0,ASK
1298,1712186178.733792,10081849.40319232,621.9,-1.814112430179352e-09,647.0,ASK
1299,1712186187.3270187,10081865.46228979,622.7,2.47581955442749e-09,647.0,BID
1300,1712186190.6234891,10081865.46228979,622.7,0.0,647.0,BID
1301,1712186211.623411,10081945.84412839,623.3,1.2392377397275316e-08,647.0,BID
1302,1712186220.403437,10081945.84412839,623.3,0.0,647.0,BID
1303,1712186250.4033592,10081945.84412839,623.3,0.0,647.0,BID
1304,1712186277.523307,10081956.77940761,621.9,-1.685866641676995e-09,647.0,ASK
1305,1712186277.5331862,10081960.89878694,621.9,-6.35075159840774e-10,647.0,ASK
1306,1712186280.583773,10081960.89878694,621.9,-0.0,647.0,ASK
1307,1712186310.61332,10081960.89878694,621.9,-0.0,647.0,ASK
1308,1712186337.4132235,10082009.09155802,622.5,7.429757049759776e-09,647.0,BID
1309,1712186340.443006,10082009.09155802,622.5,0.0,647.0,BID
1310,1712186370.4131408,10082009.09155802,622.5,0.0,647.0,BID
1311,1712186378.6134017,10082166.38754635,621.9,-2.4249810643116863e-08,647.0,ASK
1312,1712186381.5233138,10082245.03554052,621.9,-1.2124905322419906e-08,647.0,ASK
1313,1712186384.6330726,10082284.3595376,621.9,-6.0624526604920585e-09,647.0,ASK
1314,1712186387.5633204,10082304.02153614,621.9,-3.031226330246028e-09,647.0,ASK
1315,1712186390.6532867,10082313.85253541,621.9,-1.515613165123014e-09,647.0,ASK
1316,1712186400.5134408,10082313.85253541,621.9,-0.0,647.0,ASK
1317,1712186430.4235697,10082313.85253541,621.9,-0.0,647.0,ASK
1318,1712186460.6043189,10082313.85253541,621.9,-0.0,647.0,ASK
1319,1712186490.6152315,10082313.85253541,621.9,-0.0,647.0,ASK
1320,1712186520.4258063,10082313.85253541,621.9,-0.0,647.0,ASK
1321,1712186524.4160826,10082339.80329538,621.9,-4.0236199673211966e-09,647.0,ASK
1322,1712186550.4165914,10082339.80329538,621.9,-0.0,647.0,ASK
1323,1712186580.637308,10082339.80329538,621.9,-0.0,647.0,ASK
1324,1712186603.9580157,10082695.06819538,621.9,-5.5083063852940454e-08,647.0,ASK
1325,1712186610.5977883,10082695.06819538,621.9,-0.0,647.0,ASK
1326,1712186617.1679852,10082711.12987221,622.6,2.490243376493376e-09,647.0,BID
1327,1712186640.4186862,10082711.12987221,622.6,0.0,647.0,BID
1328,1712186670.4294257,10082711.12987221,622.6,0.0,647.0,BID
1329,1712186671.1790612,10082812.30687987,621.9,-1.5686717221861404e-08,647.0,ASK
1330,1712186685.3361268,10083616.29465924,621.9,-1.246521243952081e-07,647.0,ASK
1331,1712186685.3422196,10083616.29465925,621.9,-1.4439440548967489e-18,647.0,ASK
1332,1712186685.770662,10086804.0782807,621.7,-4.942413438643103e-07,647.0,ASK
1333,1712186700.6091876,10086804.0782807,621.7,-0.0,647.0,ASK
1334,1712186706.0392594,10086884.43829355,622.2,1.250282259425824e-08,647.0,BID
1335,1712186730.6202753,10086884.43829355,622.2,0.0,647.0,BID
1336,1712186760.4398456,10086884.43829355,622.2,0.0,647.0,BID
1337,1712186790.4402564,10086884.43829355,622.2,0.0,647.0,BID
1338,1712186820.64096,10086884.43829355,622.2,0.0,647.0,BID
1339,1712186835.0408938,10086904.5606374,621.2,-3.1307130159670342e-09,647.0,ASK
1340,1712186850.6111312,10086904.5606374,621.2,-0.0,647.0,ASK
1341,1712186880.4325223,10086904.5606374,621.2,-0.0,647.0,ASK
1342,1712186910.4345288,10086904.5606374,621.2,-0.0,647.0,ASK
1343,1712186910.6656945,10086991.39361412,621.0,-1.3509788113161117e-08,647.0,ASK
1344,1712186940.4630022,10086991.39361412,621.0,-0.0,647.0,ASK
1345,1712186946.0231273,10087065.40992162,621.0,-1.151562781730153e-08,647.0,ASK
1346,1712186946.0321136,10087374.52935143,621.0,-4.80935137817259e-08,647.0,ASK
1347,1712186964.533174,10087874.52935143,621.0,7.77911531010697e-08,647.0,BID
1348,1712186970.4726603,10087874.52935143,621.0,0.0,647.0,BID
1349,1712187000.5233276,10087874.52935143,621.0,0.0,647.0,BID
1350,1712187030.463435,10087874.52935143,621.0,0.0,647.0,BID
1351,1712187032.1634426,10088074.52935143,620.3,-3.1240458310926764e-08,647.0,ASK
1352,1712187043.4092972,10088315.83987097,620.0,-3.769325612849384e-08,647.0,ASK
1353,1712187043.412918,10098074.52935143,620.0,-1.5243296594178444e-06,647.0,ASK
1354,1712187046.2363737,10103578.28355673,620.0,-8.596990190212409e-07,647.0,ASK
1355,1712187060.5834398,10103578.28355673,620.0,-0.0,647.0,ASK
1356,1712187068.993605,10105220.85911518,620.6,2.561844491724724e-07,647.0,BID
1357,1712187090.628199,10105220.85911518,620.6,0.0,647.0,BID
1358,1712187120.5040803,10105220.85911518,620.6,0.0,647.0,BID
1359,1712187150.418594,10105220.85911518,620.6,0.0,647.0,BID
1360,1712187180.635172,10105220.85911518,620.6,0.0,647.0,BID
1361,1712187210.5851498,10105220.85911518,620.6,0.0,647.0,BID
1362,1712187240.435227,10105220.85911518,620.6,0.0,647.0,BID
1363,1712187270.445757,10105220.85911518,620.6,0.0,647.0,BID
1364,1712187300.6017716,10105220.85911518,620.6,0.0,647.0,BID
1365,1712187330.6161113,10105220.85911518,620.6,0.0,647.0,BID
1366,1712187341.2863564,10105250.67374297,620.6,4.661440196342859e-09,647.0,BID
1367,1712187360.436733,10105250.67374297,620.6,0.0,647.0,BID
1368,1712187390.4378169,10105250.67374297,620.6,0.0,647.0,BID
1369,1712187393.487001,10105681.98592794,620.6,-6.7434353165512e-08,647.0,ASK
1370,1712187414.0368636,10106482.49080872,620.0,-1.2515651243459057e-07,647.0,ASK
1371,1712187414.2969506,10106550.0975386,620.0,-1.0570107356043487e-08,647.0,ASK
1372,1712187420.6067462,10106550.0975386,620.0,-0.0,647.0,ASK
1373,1712187450.5970376,10106550.0975386,620.0,-0.0,647.0,ASK
1374,1712187480.4273736,10106550.0975386,620.0,-0.0,647.0,ASK
1375,1712187491.7676115,10110098.18853075,620.0,-5.546633875284281e-07,647.0,ASK
1376,1712187510.4320748,10110098.18853075,620.0,-0.0,647.0,ASK
1377,1712187514.3974392,10111920.18853075,620.0,-2.847303742701435e-07,647.0,ASK
1378,1712187514.6672804,10113503.88853075,620.0,-2.474903917296455e-07,647.0,ASK
1379,1712187540.6375413,10113503.88853075,620.0,-0.0,647.0,ASK
1380,1712187570.6179678,10113503.88853075,620.0,-0.0,647.0,ASK
1381,1712187579.2283845,10119005.08033049,620.0,-8.594070851689225e-07,647.0,ASK
1382,1712187583.9278028,10120189.98718618,620.0,-1.8510849723409245e-07,647.0,ASK
1383,1712187584.008011,10121010.66887685,620.0,-1.2820852013603562e-07,647.0,ASK
1384,1712187584.042092,10122697.6067583,620.0,-2.635367789989819e-07,647.0,ASK
1385,1712187584.050881,10123341.48194681,620.0,-1.0058745797507508e-07,647.0,ASK
1386,1712187584.0537636,10123664.06259197,620.0,-5.039418767450431e-08,647.0,ASK
1387,1712187584.0566523,10123744.70775326,620.0,-1.259854691855333e-08,647.0,ASK
1388,1712187600.490665,10123744.70775326,620.0,-0.0,647.0,ASK
1389,1712187606.5512898,10123825.40497727,619.6,-1.2625148690191729e-08,647.0,ASK
1390,1712187619.5482106,10123925.40497727,619.3,1.5645084257992957e-08,647.0,BID
1391,1712187630.4306717,10123925.40497727,619.3,0.0,647.0,BID
1392,1712187640.5583532,10123935.40497727,619.3,1.5644810293227759e-09,647.0,BID
1393,1712187660.5980475,10123935.40497727,619.3,0.0,647.0,BID
1394,1712187661.9380677,10123945.40497727,619.0,-1.5644795135250127e-09,647.0,ASK
1395,1712187661.9410906,10127895.46555884,619.0,-6.17978885704973e-07,647.0,ASK
1396,1712187668.15843,10132072.46555884,618.8,6.534830927993978e-07,647.0,BID
1397,1712187679.9980235,10132661.19893854,618.8,-9.210613114678817e-08,647.0,ASK
1398,1712187680.0018735,10133290.89971907,618.6,-9.851539707920725e-08,647.0,ASK
1399,1712187680.04043,10137953.43295849,618.6,7.294437734199877e-07,647.0,BID
1400,1712187681.3409846,10138869.39257653,618.6,1.4330000576417966e-07,647.0,BID
1401,1712187681.34491,10140022.63145212,618.6,1.80421859506159e-07,647.0,BID
1402,1712187689.5279903,10144553.88302606,618.6,7.089050258055341e-07,647.0,BID
1403,1712187690.6082358,10144553.88302606,618.6,0.0,647.0,BID
1404,1712187692.2979686,10144653.88302606,618.6,1.5613633032798494e-08,647.0,BID
1405,1712187720.3982775,10144653.88302606,618.6,0.0,647.0,BID
1406,1712187723.7726746,10149071.85331065,618.6,6.897990052459282e-07,647.0,BID
1407,1712187723.8897676,10151803.82873917,618.6,4.265564980195271e-07,647.0,BID
1408,1712187735.4282908,10155838.85351034,618.6,6.300078755632036e-07,647.0,BID
1409,1712187750.4185765,10155838.85351034,618.6,0.0,647.0,BID
1410,1712187780.6285107,10155838.85351034,618.6,0.0,647.0,BID
1411,1712187810.6285412,10155838.85351034,618.6,0.0,647.0,BID
1412,1712187840.4288723,10155838.85351034,618.6,0.0,647.0,BID
1413,1712187862.9388578,10157538.85351034,618.6,-2.65142764054486e-07,647.0,ASK
1414,1712187870.4496462,10157538.85351034,618.6,-0.0,647.0,ASK
1415,1712187900.4879875,10157538.85351034,618.6,-0.0,647.0,ASK
1416,1712187906.7192335,10157808.66009287,619.2,4.2239094256832674e-08,647.0,BID
1417,1712187906.723039,10158348.27325796,619.2,8.44781885186226e-08,647.0,BID
1418,1712187913.249202,10158396.72675185,619.3,7.585551384114516e-09,647.0,BID
1419,1712187930.4346533,10158396.72675185,619.3,0.0,647.0,BID
1420,1712187960.6202817,10158396.72675185,619.3,0.0,647.0,BID
1421,1712187985.71987,10158461.22207593,620.2,1.0096112247528686e-08,647.0,BID
1422,1712187990.6108198,10158461.22207593,620.2,0.0,647.0,BID
1423,1712188008.353166,10158477.34590695,620.2,2.524012257650556e-09,647.0,BID
1424,1712188020.479724,10158477.34590695,620.2,0.0,647.0,BID
1425,1712188039.919724,10161603.54366778,620.0,-4.893718562451967e-07,647.0,ASK
1426,1712188039.9463708,10162805.86933521,620.0,-1.8821085187047345e-07,647.0,ASK
1427,1712188039.9496732,10163241.87700247,620.0,-6.82522021280109e-08,647.0,ASK
1428,1712188039.9514167,10165367.17700247,620.0,-3.326923264769194e-07,647.0,ASK
1429,1712188039.9531977,10174242.19574009,620.0,-1.3892865154788202e-06,647.0,ASK
1430,1712188049.1199424,10174808.55996689,619.3,8.86580869746918e-08,647.0,BID
1431,1712188049.124075,10175654.75696441,619.4,1.324628277244257e-07,647.0,BID
1432,1712188050.4398687,10175654.75696441,619.4,0.0,647.0,BID
1433,1712188080.6750326,10175654.75696441,619.4,0.0,647.0,BID
1434,1712188110.6298563,10175654.75696441,619.4,0.0,647.0,BID
1435,1712188112.650113,10175670.88599666,620.0,2.520620632437878e-09,647.0,BID
1436,1712188140.4453318,10175670.88599666,620.0,0.0,647.0,BID
1437,1712188170.440781,10175670.88599666,620.0,0.0,647.0,BID
1438,1712188200.4403124,10175670.88599666,620.0,0.0,647.0,BID
1439,1712188205.2814188,10175993.46664182,618.6,-5.063095446577788e-08,647.0,ASK
1440,1712188205.2856686,10180604.8999482,618.5,-7.237919362531879e-07,647.0,ASK
1441,1712188205.28897,10180613.8999482,618.5,-1.4126036296057276e-09,647.0,ASK
1442,1712188205.2922175,10180726.2425453,618.4,-1.763284004682345e-08,647.0,ASK
1443,1712188221.6708877,10184274.33353744,618.4,5.568940237411656e-07,647.0,BID
1444,1712188221.6751587,10184274.33353745,618.4,1.4617662769284177e-18,647.0,BID
1445,1712188230.4305198,10184274.33353745,618.4,0.0,647.0,BID
1446,1712188260.6404743,10184274.33353745,618.4,0.0,647.0,BID
1447,1712188272.830572,10187992.18123618,618.4,5.830514169104402e-07,647.0,BID
1448,1712188272.855044,10188511.3533104,618.4,8.141915377501182e-08,647.0,BID
1449,1712188280.0308256,10189084.3958724,619.1,-8.986739231879915e-08,647.0,ASK
1450,1712188280.060514,10190222.78478574,619.1,-1.7852782650170174e-07,647.0,ASK
1451,1712188290.6207883,10190222.78478574,619.1,-0.0,647.0,ASK
1452,1712188320.46124,10190222.78478574,619.1,-0.0,647.0,ASK
1453,1712188350.444466,10190222.78478574,619.1,-0.0,647.0,ASK
1454,1712188380.631493,10190222.78478574,619.1,-0.0,647.0,ASK
1455,1712188410.6320648,10190222.78478574,619.1,-0.0,647.0,ASK
1456,1712188440.4232218,10190222.78478574,619.1,-0.0,647.0,ASK
1457,1712188470.431444,10190222.78478574,619.1,-0.0,647.0,ASK
1458,1712188486.1209495,10190243.57480653,619.1,-3.258514341842433e-09,647.0,ASK
1459,1712188494.0109527,10190313.57480653,619.1,-1.0971417789020256e-08,647.0,ASK
1460,1712188497.84053,10190795.34773089,619.1,-7.551045760843407e-08,647.0,ASK
1461,1712188500.6310277,10190795.34773089,619.1,-0.0,647.0,ASK
1462,1712188500.635279,10190843.7582521,619.7,7.601309302052914e-09,647.0,BID
1463,1712188501.1005788,10194239.7804271,619.1,-5.332356335772283e-07,647.0,ASK
1464,1712188501.104921,10198347.43500974,619.1,-6.449745263780254e-07,647.0,ASK
1465,1712188530.629645,10198347.43500974,619.1,-0.0,647.0,ASK
1466,1712188560.4635024,10198347.43500974,619.1,-0.0,647.0,ASK
1467,1712188570.4788904,10198509.14264139,618.4,-2.537233556058495e-08,647.0,ASK
1468,1712188570.4833112,10199380.01541974,618.4,-1.3664213703152525e-07,647.0,ASK
1469,1712188570.5636845,10199380.01542069,618.4,-1.4904939989540514e-16,647.0,ASK
1470,1712188590.417882,10199380.01542069,618.4,-0.0,647.0,ASK
1471,1712188597.4078093,10199397.00296315,618.1,-2.665121271153108e-09,647.0,ASK
1472,1712188597.547812,10200693.7125014,618.1,2.034366172202624e-07,647.0,BID
1473,1712188609.018253,10200855.52479913,618.0,-2.538621449457836e-08,647.0,ASK
1474,1712188609.0227349,10201057.22950868,618.0,-3.1644807551383976e-08,647.0,ASK
1475,1712188609.0271168,10203931.91860541,618.3,-4.510007894199125e-07,647.0,ASK
1476,1712188609.0313008,10204152.71466832,618.0,-3.4639988994602426e-08,647.0,ASK
1477,1712188620.607423,10204152.71466832,618.0,-0.0,647.0,ASK
1478,1712188620.9177098,10204314.50078707,618.2,-2.5370363468271932e-08,647.0,ASK
1479,1712188620.9211705,10204413.21359851,618.1,-1.5479572194267132e-08,647.0,ASK
1480,1712188621.801151,10204825.32612049,618.1,-6.462510228485323e-08,647.0,ASK
1481,1712188622.117418,10206256.9221046,618.1,-2.2449460273432938e-07,647.0,ASK
1482,1712188622.157131,10206993.12588157,618.1,-1.1544721854243405e-07,647.0,ASK
1483,1712188622.911471,10207025.48834111,618.0,-5.074893740033849e-09,647.0,ASK
1484,1712188622.917318,10207588.13290057,618.0,-8.823066581527353e-08,647.0,ASK
1485,1712188623.0069852,10207588.13290115,618.0,-9.113184284201539e-17,647.0,ASK
1486,1712188643.1171746,10207810.03092092,618.0,3.479676413508832e-08,647.0,BID
1487,1712188643.121792,10211790.61344376,618.0,6.242119299260215e-07,647.0,BID
1488,1712188650.6267395,10211790.61344376,618.0,0.0,647.0,BID
1489,1712188652.8265083,10211806.79467353,618.0,2.5355699272931355e-09,647.0,BID
1490,1712188655.922852,10211856.79467353,617.7,-7.834911076923578e-09,647.0,ASK
1491,1712188655.9272869,10212130.30478653,617.7,-4.2858548279730806e-08,647.0,ASK
1492,1712188655.9404314,10212130.30478679,617.7,-4.0862245513845267e-17,647.0,ASK
1493,1712188661.856652,10212230.30478679,617.5,-1.5669822153847157e-08,647.0,ASK
1494,1712188661.8612258,10212241.30478679,617.5,-1.723680436923187e-09,647.0,ASK
1495,1712188661.865355,10212403.27205279,617.1,-2.537998252948318e-08,647.0,ASK
1496,1712188661.867653,10212424.09497466,616.8,-3.262914824306845e-09,647.0,ASK
1497,1712188661.8696792,10212445.09497466,616.9,-3.290662652307903e-09,647.0,ASK
1498,1712188661.871733,10212461.29980369,617.1,-2.539267889295082e-09,647.0,ASK
1499,1712188661.873794,10212472.29980369,616.6,-1.723680436923187e-09,647.0,ASK
1500,1712188661.8758566,10212483.29980369,617.1,-1.723680436923187e-09,647.0,ASK
1501,1712188661.8779402,10212761.39542767,617.0,-4.357708969548676e-08,647.0,ASK
1502,1712188661.880009,10215830.30478679,616.6,-4.808926386368483e-07,647.0,ASK
1503,1712188680.4060016,10215830.30478679,616.6,-0.0,647.0,ASK
1504,1712188707.288468,10215841.30478679,616.1,-1.723007732775086e-09,647.0,ASK
1505,1712188707.2930346,10232699.00658952,616.1,-2.64054096026557e-06,647.0,ASK
1506,1712188707.2968707,10234317.12956686,616.6,-2.534580365941528e-07,647.0,ASK
1507,1712188707.2989151,10234336.29246634,616.3,-3.0016203625802917e-09,647.0,ASK
1508,1712188707.300951,10234541.89009851,616.3,-3.2204210006243773e-08,647.0,ASK
1509,1712188707.3030171,10234704.15953528,616.1,-2.5417408576942545e-08,647.0,ASK
1510,1712188707.305129,10234715.15953528,616.3,-1.723007732775086e-09,647.0,ASK
1511,1712188707.3072193,10244715.15953528,616.1,-1.5663706661591696e-06,647.0,ASK
1512,1712188710.435181,10244715.15953528,616.1,-0.0,647.0,ASK
1513,1712188734.504738,10245108.8227538,616.2,-6.149083740835356e-08,647.0,ASK
1514,1712188740.6346374,10245108.8227538,616.2,-0.0,647.0,ASK
1515,1712188770.6441808,10245108.8227538,616.2,-0.0,647.0,ASK
1516,1712188800.5838337,10245108.8227538,616.2,-0.0,647.0,ASK
1517,1712188824.8370795,31.82687372,616.3,-5.0001746685811495e-09,616.3,ASK
1518,1712188830.494189,31.82687372,616.3,-0.0,616.3,ASK
1519,1712188856.7427232,4286.32840025,616.4,-6.684032302995833e-07,616.4,ASK
1520,1712188860.52271,4286.32840025,616.4,-0.0,616.4,ASK
1521,1712188860.7246952,4286.32840025,616.4,-0.0,616.4,ASK
1522,1712188890.6350994,4286.32840025,616.4,-0.0,616.4,ASK
1523,1712188920.4851332,4286.32840025,616.4,-0.0,616.4,ASK
1524,1712188920.6846554,4286.32840025,616.4,-0.0,616.4,ASK
1525,1712188921.104386,4675.36695399,616.5,-6.109470951899741e-08,616.5,ASK
1526,1712188946.029771,5946.85029806,616.5,-1.996740549681237e-07,616.5,ASK
1527,1712188946.0333517,5955.68319806,616.6,-1.387120773821878e-09,616.6,ASK
1528,1712188946.0354507,8424.61119069,616.5,-3.8772105510617033e-07,616.6,ASK
1529,1712188947.1310654,14232.20996034,616.5,-9.120267295456292e-07,616.6,ASK
1530,1712188950.430854,14232.20996034,616.5,-0.0,616.6,ASK
1531,1712188979.8706365,15854.00691134,616.6,-2.544423833100376e-07,616.6,ASK
1532,1712188979.9127653,15854.00691137,616.6,-4.706482741683922e-18,616.6,ASK
1533,1712188980.5806153,15854.00691137,616.6,-0.0,616.6,ASK
1534,1712188980.9180486,15854.00691137,616.6,-0.0,616.6,ASK
1535,1712188981.2305431,16254.00691137,616.5,-6.274582527975661e-08,616.6,ASK
1536,1712188981.2467017,16516.90691137,616.5,-4.123969366511999e-08,616.6,ASK
1537,1712188981.24894,16992.70691137,616.5,-7.463615917027096e-08,616.6,ASK
1538,1712188981.2703629,17219.9781215,616.5,-3.5650799104839344e-08,616.6,ASK
1539,1712188981.2727337,17419.90691137,616.5,-3.136174229394026e-08,616.6,ASK
1540,1712189010.6501937,17419.90691137,616.5,-0.0,616.6,ASK
1541,1712189021.3653753,18315.28331077,616.6,-1.4043156174853428e-07,616.6,ASK
1542,1712189029.0699668,20015.28331077,616.7,-2.666293808196037e-07,616.7,ASK
1543,1712189040.5115006,20015.28331077,616.7,-0.0,616.7,ASK
1544,1712189040.755649,20015.28331077,616.7,-0.0,616.7,ASK
1545,1712189045.498479,20245.68331077,617.5,-3.612705451254469e-08,617.5,ASK
1546,1712189045.510678,20645.68331077,617.5,-6.272058075094526e-08,617.5,ASK
1547,1712189045.529658,21027.78331077,617.5,-5.991383476234022e-08,617.5,ASK
1548,1712189045.634835,21027.86204164,617.5,-1.234511472386447e-11,617.5,ASK
1549,1712189070.4256842,21027.86204164,617.5,-0.0,617.5,ASK
1550,1712189075.9796364,23463.64100364,618.3,3.818962355059168e-07,618.3,BID
1551,1712189075.9835348,23463.64100441,618.3,1.207252883439552e-16,618.3,BID
1552,1712189076.3625357,23523.64100441,618.0,9.407164807573786e-09,618.3,BID
1553,1712189076.3798983,23537.49581263,618.0,2.1722410717143942e-09,618.3,BID
1554,1712189076.3821616,23597.49581263,618.7,9.407164807573786e-09,618.7,BID
1555,1712189083.5596626,23657.49581263,619.0,9.407164807573786e-09,619.0,BID
1556,1712189087.5996892,23714.26642202,619.3,8.900841312635093e-09,619.3,BID
1557,1712189087.6036522,24490.36372263,619.3,1.2168125355919057e-07,619.3,BID
1558,1712189095.7596984,24651.52407718,620.5,2.5267700261647927e-08,620.5,BID
1559,1712189100.5006258,24651.52407718,620.5,0.0,620.5,BID
1560,1712189100.733179,24651.52407718,620.5,0.0,620.5,BID
1561,1712189110.217025,34651.52407718,620.4,1.5817170271066e-06,620.5,BID
1562,1712189110.3983276,34662.52407718,620.5,1.73988872981726e-09,620.5,BID
1563,1712189111.4894087,42765.90952178,620.4,-1.2817262734931602e-06,620.5,ASK
1564,1712189115.8997447,43866.15712691,620.5,1.740280371067386e-07,620.5,BID
1565,1712189116.1002898,44383.31677302,620.5,-8.180002179846074e-08,620.5,ASK
1566,1712189116.1167183,48642.90333751,620.5,-6.737460597488334e-07,620.5,ASK
1567,1712189117.2594469,48723.40333751,620.4,-1.273282206820813e-08,620.5,ASK
1568,1712189118.2625036,48723.45622676,620.4,-8.365582727683021e-12,620.5,ASK
1569,1712189118.2664351,48803.90333751,620.2,-1.2724456485480448e-08,620.5,ASK
1570,1712189120.375189,49203.90333751,620.3,-6.3268681084264e-08,620.5,ASK
