,time,acc_trade_volume,trade_price,dev,high,ask_bid
0,1712173460.293663,11118466.15529044,4556.0,0.0,4921.0,ASK
1,1712173470.7325492,11118466.15529044,4556.0,-0.0,4921.0,ASK
2,1712173486.0723968,11118468.35019825,4562.0,3.5608651744711336e-11,4921.0,BID
3,1712173500.5423875,11118468.35019825,4562.0,0.0,4921.0,BID
4,1712173508.552361,11118776.87787215,4562.0,5.042139780658118e-09,4921.0,BID
5,1712173513.81221,11118778.19308478,4562.0,2.149397438675096e-11,4921.0,BID
6,1712173530.512431,11118778.19308478,4562.0,0.0,4921.0,BID
7,1712173537.9524536,11121805.19308478,4562.0,4.94678625150871e-08,4921.0,BID
8,1712173537.9534278,11121926.05770802,4562.0,1.9751947688595004e-09,4921.0,BID
9,1712173538.0725317,11125656.47210515,4562.0,-6.096320664734654e-08,4921.0,ASK
10,1712173538.092133,11125887.32023431,4562.0,-3.77256805919613e-09,4921.0,ASK
11,1712173538.1721592,11126151.40703814,4562.0,-4.3157613821858164e-09,4921.0,ASK
12,1712173538.2322786,11126848.666397,4562.0,-1.1394757218854172e-08,4921.0,ASK
13,1712173560.743071,11126848.666397,4562.0,-0.0,4921.0,ASK
14,1712173590.743213,11126848.666397,4562.0,-0.0,4921.0,ASK
15,1712173590.7647922,11126852.6094419,4565.0,6.439931076277476e-11,4921.0,BID
16,1712173606.122537,11126856.5524868,4565.0,6.439931073235333e-11,4921.0,BID
17,1712173620.5143611,11126856.5524868,4565.0,0.0,4921.0,BID
18,1712173629.2544355,11126870.57220204,4565.0,2.2897519313201958e-10,4921.0,BID
19,1712173629.4023128,11127056.5524868,4565.0,-3.037499042736149e-09,4921.0,ASK
20,1712173635.9623258,11127122.26990191,4565.0,-1.073321216541952e-09,4921.0,ASK
21,1712173643.282541,11127126.21553978,4562.0,-6.444162221115448e-11,4921.0,ASK
22,1712173643.2841976,11127130.16117651,4562.0,-6.444160362367177e-11,4921.0,ASK
23,1712173643.2857893,11127132.35175701,4563.0,-3.577737382895913e-11,4921.0,ASK
24,1712173643.2919402,11127136.29739488,4562.0,-6.444162221115448e-11,4921.0,ASK
25,1712173643.2931674,11127151.90839691,4562.0,-2.5496467966339263e-10,4921.0,ASK
26,1712173650.5142896,11127151.90839691,4562.0,-0.0,4921.0,ASK
27,1712173651.2522602,11129199.99646148,4567.0,3.344939793900761e-08,4921.0,BID
28,1712173655.2226582,11129258.73474751,4568.0,9.593143662355694e-10,4921.0,BID
29,1712173655.232943,11129261.6021895,4568.0,4.683109570941374e-11,4921.0,BID
30,1712173655.2348022,11129570.27496454,4570.0,5.04124732907916e-09,4921.0,BID
31,1712173655.2365022,11129852.5959829,4570.0,4.610870134468974e-09,4921.0,BID
32,1712173679.5330956,11129852.59598404,4562.0,-1.8617494166818682e-17,4921.0,ASK
33,1712173679.534746,11130052.37591825,4560.0,-3.262808194258791e-09,4921.0,ASK
34,1712173679.5361695,11130165.70629511,4561.0,-1.8509130245605683e-09,4921.0,ASK
35,1712173679.5375147,11130176.67120739,4560.0,-1.7907907407866644e-10,4921.0,ASK
36,1712173679.5388896,11130185.97441208,4557.0,-1.5194004649482188e-10,4921.0,ASK
37,1712173680.7379024,11130185.97441208,4557.0,-0.0,4921.0,ASK
38,1712173683.4423847,11130386.5972776,4568.0,3.275833640074217e-09,4921.0,BID
39,1712173683.4438355,11130945.83956094,4568.0,9.131484987848634e-09,4921.0,BID
40,1712173701.4142933,11131268.69324258,4570.0,5.2716570884921325e-09,4921.0,BID
41,1712173701.4151795,11131332.46935122,4570.0,1.041356485353036e-09,4921.0,BID
42,1712173701.4159667,11131335.62778744,4569.0,5.1571946133958315e-11,4921.0,BID
43,1712173701.472122,11131468.91330273,4570.0,-2.176328075039222e-09,4921.0,ASK
44,1712173705.5622585,11131490.80472129,4568.0,-3.5745001029696005e-10,4921.0,ASK
45,1712173706.3420537,11131494.34454178,4568.0,-5.779930922735456e-11,4921.0,ASK
46,1712173710.7430933,11131494.34454178,4568.0,-0.0,4921.0,ASK
47,1712173740.4950082,11131494.34454178,4568.0,-0.0,4921.0,ASK
48,1712173742.292071,11131713.28980967,4567.0,3.574658718473237e-09,4921.0,BID
49,1712173755.0121882,11132105.62279067,4570.0,6.4055118641893275e-09,4921.0,BID
50,1712173755.022094,11132142.06826201,4571.0,5.95035111436552e-10,4921.0,BID
51,1712173755.0236244,11132610.09201533,4567.0,7.641294129715231e-09,4921.0,BID
52,1712173755.025108,11132836.60154107,4571.0,3.698158260326876e-09,4921.0,BID
53,1712173770.514807,11132836.60154107,4571.0,0.0,4921.0,BID
54,1712173780.205121,11132839.32917179,4571.0,4.4528812670781315e-11,4921.0,BID
55,1712173780.2070105,11133222.07236674,4571.0,6.248316499323127e-09,4921.0,BID
56,1712173780.282049,11133844.87928774,4571.0,-1.0167378053254784e-08,4921.0,ASK
57,1712173788.3722038,11133844.87928799,4571.0,-4.074651465079901e-18,4921.0,ASK
58,1712173788.3740723,11133958.93199338,4571.0,-1.8619204999186301e-09,4921.0,ASK
59,1712173788.3920135,11134063.64979772,4571.0,-1.709527414899567e-09,4921.0,ASK
60,1712173792.042253,11134064.74450463,4572.0,1.7871187094196894e-11,4921.0,BID
61,1712173794.192012,11134108.49860563,4571.0,-7.14289567498208e-10,4921.0,ASK
62,1712173800.5319314,11134108.49860563,4571.0,-0.0,4921.0,ASK
63,1712173802.1823006,11134108.49860657,4571.0,-1.538961923007713e-17,4921.0,ASK
64,1712173802.3023834,11134110.68822776,4567.0,-3.5824105730654144e-11,4921.0,ASK
65,1712173802.3043487,11134764.25935357,4567.0,-1.0692991657490238e-08,4921.0,ASK
66,1712173806.9619317,11134785.08946305,4567.0,-3.4079869517823605e-10,4921.0,ASK
67,1712173806.9820058,11135166.06993002,4567.0,-6.23317156175559e-09,4921.0,ASK
68,1712173807.103095,11136887.93416601,4567.0,-2.8171195427159232e-08,4921.0,ASK
69,1712173823.263113,11136953.60416601,4567.0,-1.074418275861362e-09,4921.0,ASK
70,1712173828.5419352,11136953.60748218,4567.0,-5.42554169195326e-14,4921.0,ASK
71,1712173828.5438817,11137003.26416601,4567.0,-8.124265056535212e-10,4921.0,ASK
72,1712173830.4744594,11137003.26416601,4567.0,-0.0,4921.0,ASK
73,1712173860.6195586,11137007.6434084,4567.0,-7.163271766163117e-11,4921.0,ASK
74,1712173860.7532606,11137007.6434084,4567.0,-0.0,4921.0,ASK
75,1712173861.3320162,11137152.63872959,4567.0,2.37173569896833e-09,4921.0,BID
76,1712173865.0320208,11137194.76305827,4567.0,6.890413656149709e-10,4921.0,BID
77,1712173873.7818832,11137457.13767345,4567.0,4.291747045444719e-09,4921.0,BID
78,1712173887.9920986,11137461.08071835,4565.0,6.449766980614722e-11,4921.0,BID
79,1712173890.7464793,11137461.08071835,4565.0,0.0,4921.0,BID
80,1712173897.422054,11137465.02376325,4565.0,6.449548515463731e-11,4921.0,BID
81,1712173907.9239416,11137510.02376325,4560.0,-7.36054725448478e-10,4921.0,ASK
82,1712173907.9315596,11137515.02376325,4560.0,-8.178385838316431e-11,4921.0,ASK
83,1712173911.582033,11137561.02376325,4560.0,-7.52411497125111e-10,4921.0,ASK
84,1712173911.584372,11138048.30812492,4560.0,-7.970399045426606e-09,4921.0,ASK
85,1712173919.9721615,11138052.25549334,4560.0,-6.456620394982773e-11,4921.0,ASK
86,1712173919.974146,11138056.20286176,4560.0,-6.456620398029459e-11,4921.0,ASK
87,1712173919.9760094,11138252.69042991,4560.0,-3.213902289515645e-09,4921.0,ASK
88,1712173920.0720625,11138407.86736376,4560.0,2.53819367648229e-09,4921.0,BID
89,1712173920.0734508,11139119.36475346,4560.0,1.1637800351847488e-08,4921.0,BID
90,1712173920.4940586,11139119.36475346,4560.0,0.0,4921.0,BID
91,1712173927.5218506,11139131.0949807,4560.0,-1.9184492003352563e-10,4921.0,ASK
92,1712173936.3418586,11139141.97987775,4560.0,-1.7801975711249055e-10,4921.0,ASK
93,1712173946.9815958,11139291.79890139,4565.0,2.450252499223705e-09,4921.0,BID
94,1712173950.5039964,11139291.79890139,4565.0,0.0,4921.0,BID
95,1712173980.7417,11139291.79890139,4565.0,0.0,4921.0,BID
96,1712173988.1941378,11139360.99913574,4567.0,1.131737882956372e-09,4921.0,BID
97,1712174007.9216468,11139579.81751648,4570.0,3.578673588274676e-09,4921.0,BID
98,1712174010.7445116,11139579.81751648,4570.0,0.0,4921.0,BID
99,1712174014.071962,11139623.6099404,4567.0,-7.16189459527779e-10,4921.0,ASK
100,1712174014.391752,11139685.42507891,4567.0,-1.010936291626899e-09,4921.0,ASK
101,1712174040.492842,11139685.42507891,4567.0,-0.0,4921.0,ASK
102,1712174049.4519408,11139689.36380976,4570.0,6.441423005229649e-11,4921.0,BID
103,1712174052.1617856,11139739.36380976,4570.0,8.177028653653158e-10,4921.0,BID
104,1712174058.8916216,11139743.30254061,4570.0,6.44142300218347e-11,4921.0,BID
105,1712174062.84155,11139745.42507891,4570.0,3.471211299893193e-11,4921.0,BID
106,1712174062.9614148,11139821.09690382,4570.0,-1.2375413611224462e-09,4921.0,ASK
107,1712174064.491453,11139871.42513139,4570.0,-8.230707178595199e-10,4921.0,ASK
108,1712174065.1539123,11139872.52513139,4570.0,-1.7989463031944585e-11,4921.0,ASK
109,1712174068.2018726,11139876.46558673,4568.0,-6.444243244477165e-11,4921.0,ASK
110,1712174068.2116137,11140207.28759599,4568.0,-5.410282097953561e-09,4921.0,ASK
111,1712174068.212987,11140215.16850639,4568.0,-1.2888486032027243e-10,4921.0,ASK
112,1712174068.28184,11140215.16850667,4568.0,-4.599732632568578e-18,4921.0,ASK
113,1712174068.4622097,11140217.82506458,4567.0,-4.3445500302678255e-11,4921.0,ASK
114,1712174068.471304,11140641.12830067,4567.0,-6.9227253813782995e-09,4921.0,ASK
115,1712174068.6615849,11140643.85593138,4570.0,4.460782894825823e-11,4921.0,BID
116,1712174068.8316472,11140665.74734994,4568.0,-3.5801351365991155e-10,4921.0,ASK
117,1712174070.4556956,11140776.35009609,4570.0,1.808803648874785e-09,4921.0,BID
118,1712174070.4581327,11140976.97296161,4570.0,3.280997839876919e-09,4921.0,BID
119,1712174070.514609,11140976.97296161,4570.0,0.0,4921.0,BID
120,1712174070.5735655,11141326.57899692,4570.0,-5.716925482052125e-09,4921.0,ASK
121,1712174070.5754955,11142830.98376892,4570.0,-2.460074800702555e-08,4921.0,ASK
122,1712174073.8814836,11142833.17195272,4570.0,3.578223048042814e-11,4921.0,BID
123,1712174078.1816769,11143257.68049657,4570.0,-6.941767208151148e-09,4921.0,ASK
124,1712174081.9721963,11143427.91789453,4570.0,-2.783803539125719e-09,4921.0,ASK
125,1712174082.071761,11143869.75992031,4570.0,-7.225212613956337e-09,4921.0,ASK
126,1712174089.2022378,11143971.72346471,4570.0,-1.6673567568934655e-09,4921.0,ASK
127,1712174089.2042615,11144365.85527931,4570.0,-6.445032369586323e-09,4921.0,ASK
128,1712174089.2062263,11146061.888033,4571.0,2.7734340625453083e-08,4921.0,BID
129,1712174093.5314455,11146061.88803359,4570.0,-9.62500177837902e-18,4921.0,ASK
130,1712174098.971675,11146188.85908014,4567.0,-2.076291420038756e-09,4921.0,ASK
131,1712174099.791642,11146298.70258214,4568.0,-1.796213601022715e-09,4921.0,ASK
132,1712174100.4020054,11146298.7025822,4568.0,-9.746837243928121e-19,4921.0,ASK
133,1712174100.4036503,11146930.12074414,4567.0,-1.0325252470671386e-08,4921.0,ASK
134,1712174100.7614782,11146930.12074414,4567.0,-0.0,4921.0,ASK
135,1712174102.2018094,11147694.11985314,4567.0,-1.2517501235529032e-08,4921.0,ASK
136,1712174102.261813,11147716.19887634,4567.0,-3.6174675718727847e-10,4921.0,ASK
137,1712174102.2639778,11148087.73342614,4567.0,-6.087290065376137e-09,4921.0,ASK
138,1712174114.8523266,11148089.09069409,4568.0,-2.223772650720713e-11,4921.0,ASK
139,1712174114.8549635,11148589.09069431,4567.0,-8.192091517892111e-09,4921.0,ASK
140,1712174118.891582,11148600.79919004,4567.0,-1.918341370384431e-10,4921.0,ASK
141,1712174118.901754,11149175.33137731,4567.0,-9.413240512043234e-09,4921.0,ASK
142,1712174130.7317083,11149175.33137731,4567.0,-0.0,4921.0,ASK
143,1712174135.4220142,11151273.19863624,4570.0,3.436606759183233e-08,4921.0,BID
144,1712174160.5419054,11151273.19863624,4570.0,0.0,4921.0,BID
145,1712174172.7976806,11151423.19863624,4571.0,-2.456828786584156e-09,4921.0,ASK
146,1712174176.5219555,11151425.92567036,4572.0,4.4665706184938846e-11,4921.0,BID
147,1712174184.1520994,11151644.64833002,4572.0,3.5824275102144903e-09,4921.0,BID
148,1712174186.0719943,11151666.52060162,4572.0,3.582428433173059e-10,4921.0,BID
149,1712174186.092025,11152774.45280862,4572.0,1.8146664931600755e-08,4921.0,BID
150,1712174186.102417,11155052.6052828,4572.0,3.731353719195338e-08,4921.0,BID
151,1712174190.552386,11155052.6052828,4572.0,0.0,4921.0,BID
152,1712174215.243245,11155055.92099152,4572.0,-5.429215869071054e-11,4921.0,ASK
153,1712174215.2466018,11155577.79325748,4572.0,-8.545253603194821e-09,4921.0,ASK
154,1712174220.5446856,11155577.79325748,4572.0,-0.0,4921.0,ASK
155,1712174236.1823678,11155668.63589348,4572.0,1.487419228038272e-09,4921.0,BID
156,1712174236.2622075,11155668.63589446,4572.0,1.6042037732620978e-17,4921.0,BID
157,1712174250.537201,11155668.63589446,4572.0,0.0,4921.0,BID
158,1712174259.5626578,11160405.6127691,4572.0,-7.756074549733652e-08,4921.0,ASK
159,1712174259.5655224,11165120.20678987,4571.0,-7.719426052631988e-08,4921.0,ASK
160,1712174259.5682435,11165132.96889828,4572.0,-2.0895999042750982e-10,4921.0,ASK
161,1712174266.4822454,11166371.96177028,4572.0,2.0286611769766096e-08,4921.0,BID
162,1712174270.582276,11166481.32310011,4572.0,1.7906243781126551e-09,4921.0,BID
163,1712174279.9925327,11166483.88175079,4572.0,4.1893988391979326e-11,4921.0,BID
164,1712174280.7422535,11166483.88175079,4572.0,0.0,4921.0,BID
165,1712174282.1025782,11166657.90563123,4572.0,2.8470698301965547e-09,4921.0,BID
166,1712174286.612175,11166674.33109867,4572.0,2.6872434219836087e-10,4921.0,BID
167,1712174290.4729848,11167111.776418,4572.0,-7.1567038264238395e-09,4921.0,ASK
168,1712174290.4779,11167228.1509858,4572.0,-1.903914107350539e-09,4921.0,ASK
169,1712174290.480121,11167674.33109867,4571.0,-7.299607013608666e-09,4921.0,ASK
170,1712174294.4227502,11167730.06743108,4571.0,-9.118589359547275e-10,4921.0,ASK
171,1712174294.4257588,11168674.33109867,4571.0,-1.5448366011428322e-08,4921.0,ASK
172,1712174297.1323435,11169674.33109867,4571.0,-1.6360224947383046e-08,4921.0,ASK
173,1712174300.027953,11170412.21266996,4571.0,-1.2071908490818985e-08,4921.0,ASK
174,1712174302.5529552,11171216.17860241,4571.0,-1.3153063504934007e-08,4921.0,ASK
175,1712174302.555982,11171325.53993224,4571.0,-1.7891759565526311e-09,4921.0,ASK
176,1712174302.5586536,11171412.21266996,4571.0,-1.417985485896406e-09,4921.0,ASK
177,1712174306.5724354,11171434.07059346,4575.0,3.5760054534661404e-10,4921.0,BID
178,1712174307.755563,11172434.07059346,4572.0,-1.6360224947383046e-08,4921.0,ASK
179,1712174310.7546787,11172434.07059346,4572.0,-0.0,4921.0,ASK
180,1712174318.633976,11172801.84530912,4572.0,-6.014200755881344e-09,4921.0,ASK
181,1712174318.7949874,11173434.07059346,4571.0,1.0338747121696674e-08,4921.0,BID
182,1712174323.1826494,11174356.77749137,4571.0,1.5088977807815123e-08,4921.0,BID
183,1712174325.1729603,11174434.07059346,4571.0,1.2639700697628951e-09,4921.0,BID
184,1712174340.4640496,11174434.07059346,4571.0,0.0,4921.0,BID
185,1712174370.4987535,11174434.07059346,4571.0,0.0,4921.0,BID
186,1712174399.113076,11174445.00911894,4571.0,-1.7885039808218023e-10,4921.0,ASK
187,1712174399.116053,11175534.07059346,4571.0,-1.7806703343090153e-08,4921.0,ASK
188,1712174400.5841744,11175534.07059346,4571.0,-0.0,4921.0,ASK
189,1712174411.972825,11175536.25829855,4576.0,3.584245426424543e-11,4921.0,BID
190,1712174430.4935822,11175536.25829855,4576.0,0.0,4921.0,BID
191,1712174432.4527855,11175646.95075921,4576.0,1.813539139949769e-09,4921.0,BID
192,1712174445.7532015,11175799.92278718,4576.0,2.5062299490689176e-09,4921.0,BID
193,1712174460.732645,11175799.92278718,4576.0,0.0,4921.0,BID
194,1712174487.9056983,11175955.7037399,4571.0,-2.552199751428485e-09,4921.0,ASK
195,1712174487.9132004,11175970.80674068,4572.0,-2.474363788702581e-10,4921.0,ASK
196,1712174490.733004,11175970.80674068,4572.0,-0.0,4921.0,ASK
197,1712174490.7353165,11175977.31334782,4576.0,1.0659806812953488e-10,4921.0,BID
198,1712174498.4034908,11175979.94896294,4573.0,4.317941349021707e-11,4921.0,BID
199,1712174498.4065416,11176050.98679987,4576.0,1.16381641283746e-09,4921.0,BID
200,1712174498.4677908,11177069.97069047,4576.0,-1.6694063720859618e-08,4921.0,ASK
201,1712174513.6137264,11178069.97069047,4573.0,-1.638304969769596e-08,4921.0,ASK
202,1712174515.4430704,11178360.32290228,4572.0,-4.756854715929798e-09,4921.0,ASK
203,1712174520.5035725,11178360.32290228,4572.0,-0.0,4921.0,ASK
204,1712174523.613212,11178434.23367104,4572.0,-1.2106670024900862e-09,4921.0,ASK
205,1712174523.6328244,11178504.60897365,4572.0,-1.1527556551289294e-09,4921.0,ASK
206,1712174523.673164,11178818.68666494,4572.0,-5.144629171780217e-09,4921.0,ASK
207,1712174523.6761508,11178831.67510129,4572.0,-2.127521004785688e-10,4921.0,ASK
208,1712174523.7747672,11178884.24610529,4572.0,-8.61119169765347e-10,4921.0,ASK
209,1712174523.7772636,11178884.24610549,4572.0,-3.295117209565819e-18,4921.0,ASK
210,1712174536.8669903,11180123.23897849,4571.0,-2.0294847596059512e-08,4921.0,ASK
211,1712174537.2633846,11180125.42668358,4571.0,-3.583486423504448e-11,4921.0,ASK
212,1712174537.2661655,11180128.15798036,4571.0,-4.4738959431726046e-11,4921.0,ASK
213,1712174537.268899,11181231.17118549,4571.0,-1.806748479540913e-08,4921.0,ASK
214,1712174537.2833505,11181271.99336393,4571.0,-6.68672038424533e-10,4921.0,ASK
215,1712174537.286752,11181655.37463608,4571.0,-6.279829899773697e-09,4921.0,ASK
216,1712174537.7379608,11181657.54463608,4570.0,-3.5544852792658246e-11,4921.0,ASK
217,1712174537.7391932,11181679.42647415,4570.0,-3.5842705671233597e-10,4921.0,ASK
218,1712174537.7404134,11181895.07198837,4570.0,-3.532298644520804e-09,4921.0,ASK
219,1712174540.7148578,11181901.63797655,4569.0,-1.0755165128084462e-10,4921.0,ASK
220,1712174540.7180586,11181912.58728697,4567.0,-1.7935098021947542e-10,4921.0,ASK
221,1712174540.7209184,11181923.528206,4568.0,-1.7921352827989214e-10,4921.0,ASK
222,1712174543.9430077,11182033.033243,4566.0,-1.7937052628421911e-09,4921.0,ASK
223,1712174544.4935975,11182043.98614551,4565.0,-1.7940981905278318e-10,4921.0,ASK
224,1712174544.4963498,11182096.41232293,4565.0,-8.5874689351603e-10,4921.0,ASK
225,1712174544.4992585,11182096.41232316,4566.0,-3.783282722094088e-18,4921.0,ASK
226,1712174544.501954,11182162.129738,4565.0,-1.0764589108080096e-09,4921.0,ASK
227,1712174547.623417,11182162.12973827,4565.0,-4.423999957287441e-18,4921.0,ASK
228,1712174547.6262844,11182262.129738,4564.0,-1.638011645063496e-09,4921.0,ASK
229,1712174550.4840224,11182262.129738,4564.0,-0.0,4921.0,ASK
230,1712174556.2150402,11182262.12973827,4564.0,-4.422708030995282e-18,4921.0,ASK
231,1712174556.2169983,11182504.09797323,4564.0,-3.962310438094623e-09,4921.0,ASK
232,1712174565.4434023,11182525.9750242,4564.0,3.5824399606213073e-10,4921.0,BID
233,1712174570.283487,11182613.69432244,4560.0,-1.4364327247447863e-09,4921.0,ASK
234,1712174570.28642,11182657.55397156,4560.0,-7.18216362357142e-10,4921.0,ASK
235,1712174570.2893047,11182805.69328076,4560.0,-2.4258305278396166e-09,4921.0,ASK
236,1712174570.3628535,11182990.1964892,4560.0,3.021301489362185e-09,4921.0,BID
237,1712174573.90545,11183085.60459738,4560.0,1.562339548348258e-09,4921.0,BID
238,1712174573.9429588,11183193.99914962,4560.0,1.774996895128611e-09,4921.0,BID
239,1712174574.203631,11183337.21342351,4560.0,2.345181434277287e-09,4921.0,BID
240,1712174574.703441,11183407.9808067,4559.0,-1.1588394697494787e-09,4921.0,ASK
241,1712174574.7062404,11183418.94812409,4559.0,-1.7959347505593844e-10,4921.0,ASK
242,1712174574.7633598,11183930.04444575,4559.0,8.369372494355417e-09,4921.0,BID
243,1712174575.2649248,11184185.52261213,4559.0,4.183540064767957e-09,4921.0,BID
244,1712174576.7732742,11184337.21342351,4559.0,2.4839875588999074e-09,4921.0,BID
245,1712174580.715906,11184337.21342351,4559.0,0.0,4921.0,BID
246,1712174587.7035882,11184517.51828599,4560.0,2.9520947472413867e-09,4921.0,BID
247,1712174592.9633377,11185711.6828556,4560.0,1.95518129948864e-08,4921.0,BID
248,1712174592.9652274,11185759.20858799,4560.0,7.781291253785641e-10,4921.0,BID
249,1712174592.9830768,11186065.04401838,4560.0,5.007381138570581e-09,4921.0,BID
250,1712174595.5733285,11186086.9834655,4558.0,-3.5921009399733287e-10,4921.0,ASK
251,1712174595.5769682,11187032.58908529,4558.0,-1.5482207993388318e-08,4921.0,ASK
252,1712174596.9033687,11192811.21282426,4558.0,-9.461222815293728e-08,4921.0,ASK
253,1712174596.9069548,11195838.21282426,4558.0,-4.9560453761254646e-08,4921.0,ASK
254,1712174596.98351,11196390.26980063,4558.0,9.038716303566753e-09,4921.0,BID
255,1712174596.9871504,11197233.82270338,4558.0,1.3811319666979436e-08,4921.0,BID
256,1712174610.745896,11197233.82270338,4558.0,0.0,4921.0,BID
257,1712174640.46478,11197233.82270338,4558.0,0.0,4921.0,BID
258,1712174644.053995,11197236.46304987,4560.0,-4.318828619546588e-11,4921.0,ASK
259,1712174644.0568235,11197368.119598,4558.0,-2.1535130718580588e-09,4921.0,ASK
260,1712174644.0595903,11197868.119598,4560.0,-8.178526258114953e-09,4921.0,ASK
261,1712174644.0623002,11198201.3677703,4558.0,-5.4509578552476935e-09,4921.0,ASK
262,1712174653.8036294,11198267.18611167,4558.0,-1.076594066331229e-09,4921.0,ASK
263,1712174653.8131394,11198440.45351636,4558.0,-2.834144037871485e-09,4921.0,ASK
264,1712174667.1331935,11198447.03535049,4558.0,1.0765940651734688e-10,4921.0,BID
265,1712174670.5017886,11198447.03535049,4558.0,0.0,4921.0,BID
266,1712174684.473521,11198614.28498587,4558.0,2.7354635971622997e-09,4921.0,BID
267,1712174700.7332008,11198614.28498587,4558.0,0.0,4921.0,BID
268,1712174705.7933786,11198833.67945712,4558.0,3.6109367850042174e-09,4921.0,BID
269,1712174711.0965707,11198836.31103658,4557.0,-4.331224490740046e-11,4921.0,ASK
270,1712174730.7531912,11198836.31103658,4557.0,-0.0,4921.0,ASK
271,1712174731.7476957,11198883.67945712,4557.0,-7.7960726327115e-10,4921.0,ASK
272,1712174731.750874,11198887.6294242,4557.0,-6.501004232726562e-11,4921.0,ASK
273,1712174731.7531135,11198900.39161976,4557.0,-2.10045009755681e-10,4921.0,ASK
274,1712174752.353495,11198923.66296055,4557.0,-3.830084705814214e-10,4921.0,ASK
275,1712174752.3562908,11199920.25513978,4557.0,-1.6402288540934916e-08,4921.0,ASK
276,1712174752.3589704,11200359.14037129,4557.0,-7.223338045001058e-09,4921.0,ASK
277,1712174752.5135057,11200370.10503821,4556.0,-1.80460608012317e-10,4921.0,ASK
278,1712174752.517188,11200390.77666025,4556.0,-3.40221322594844e-10,4921.0,ASK
279,1712174752.520645,11200439.94125617,4556.0,-8.09169392520175e-10,4921.0,ASK
280,1712174760.5036876,11200439.94125617,4556.0,-0.0,4921.0,ASK
281,1712174761.488711,11200540.01820457,4555.0,-1.6469059421695375e-09,4921.0,ASK
282,1712174763.8548665,11200543.97077373,4554.0,-6.504504525247114e-11,4921.0,ASK
283,1712174763.857031,11200767.51051899,4554.0,-3.6786586787817103e-09,4921.0,ASK
284,1712174772.283515,11200800.01938836,4555.0,-5.349788437302731e-10,4921.0,ASK
285,1712174775.55382,11201561.41425357,4550.0,-1.2529815785661116e-08,4921.0,ASK
286,1712174790.5004406,11201561.41425357,4550.0,-0.0,4921.0,ASK
287,1712174804.1436946,11201671.36996785,4550.0,-1.8093228508344315e-09,4921.0,ASK
288,1712174806.953231,11201851.36996785,4550.0,-2.96190257398992e-09,4921.0,ASK
289,1712174816.414587,11201906.80905868,4550.0,-9.122510323727267e-10,4921.0,ASK
290,1712174816.41748,11201972.74312461,4550.0,-1.084945997740574e-09,4921.0,ASK
291,1712174816.420537,11202909.72465908,4550.0,-1.541804454848523e-08,4921.0,ASK
292,1712174816.4933665,11203392.50307427,4550.0,7.944125725656673e-09,4921.0,BID
293,1712174820.7576942,11203392.50307427,4550.0,0.0,4921.0,BID
294,1712174827.0635452,11204010.78565127,4550.0,1.0172454061530171e-08,4921.0,BID
295,1712174827.1233366,11204240.18008661,4550.0,3.774171296873169e-09,4921.0,BID
296,1712174827.2233665,11204481.28227806,4550.0,3.966796183321722e-09,4921.0,BID
297,1712174827.3633382,11204554.34969206,4550.0,1.2021605329768175e-09,4921.0,BID
298,1712174832.923448,11204560.94309865,4550.0,1.0847972777772616e-10,4921.0,BID
299,1712174842.8465323,11204660.94309865,4550.0,1.6452758722199902e-09,4921.0,BID
300,1712174843.4033487,11204880.94309865,4550.0,3.6196069188839795e-09,4921.0,BID
301,1712174844.5033815,11205100.94309865,4550.0,3.6196069188839795e-09,4921.0,BID
302,1712174849.0038774,11205144.89914261,4550.0,7.231981856649564e-10,4921.0,BID
303,1712174849.0078137,11206101.06469164,4550.0,1.5731561076679074e-08,4921.0,BID
304,1712174850.745584,11206101.06469164,4550.0,0.0,4921.0,BID
305,1712174858.343595,11206122.59896502,4550.0,-3.5422638015963824e-10,4921.0,ASK
306,1712174858.347606,11206127.42557421,4554.0,-7.939493806697192e-11,4921.0,ASK
307,1712174880.4943943,11206127.42557421,4554.0,-0.0,4921.0,ASK
308,1712174892.946869,11206149.37465234,4556.0,-3.610489666459288e-10,4921.0,ASK
309,1712174892.9485023,11206171.34300944,4554.0,-3.6136609398445055e-10,4921.0,ASK
310,1712174901.0695517,11206221.68829788,4554.0,-8.28149330902766e-10,4921.0,ASK
311,1712174901.0729468,11206376.26104222,4554.0,-2.5426274983368222e-09,4921.0,ASK
312,1712174910.483708,11206376.26104222,4554.0,-0.0,4921.0,ASK
313,1712174924.6935952,11206442.13719505,4555.0,-1.083602391125135e-09,4921.0,ASK
314,1712174924.6971416,11206442.13719506,4554.0,-1.5319403538385258e-19,4921.0,ASK
315,1712174928.9134388,11206464.08145663,4557.0,3.6096300841231515e-10,4921.0,BID
316,1712174933.0665095,11206485.44007026,4554.0,-3.5132963609854744e-10,4921.0,ASK
317,1712174933.07315,11206595.51409964,4554.0,-1.810616988288398e-09,4921.0,ASK
318,1712174936.3239346,11206942.59899258,4550.0,-5.709228662493226e-09,4921.0,ASK
319,1712174936.327569,11208874.61437084,4554.0,-3.1779883821819294e-08,4921.0,ASK
320,1712174940.763259,11208874.61437084,4554.0,-0.0,4921.0,ASK
321,1712174952.6238346,11208945.55564408,4550.0,-1.16670066043236e-09,4921.0,ASK
322,1712174952.6273634,11209852.63634887,4550.0,-1.4917855417644456e-08,4921.0,ASK
323,1712174952.6302931,11209874.61437084,4550.0,-3.6145069824916966e-10,4921.0,ASK
324,1712174958.1438737,11209896.54766028,4557.0,3.6071502676309447e-10,4921.0,BID
325,1712174970.73185,11209896.54766028,4557.0,0.0,4921.0,BID
326,1712174976.923472,11209952.47756234,4557.0,9.197532118894895e-10,4921.0,BID
327,1712175000.5579371,11209952.47756234,4557.0,0.0,4921.0,BID
328,1712175003.4333558,11209956.62623448,4551.0,-6.832581929324479e-11,4921.0,ASK
329,1712175003.993769,11209958.72657619,4551.0,-3.459120494352651e-11,4921.0,ASK
330,1712175030.5229914,11209958.72657619,4551.0,-0.0,4921.0,ASK
331,1712175060.7497642,11209958.72657619,4551.0,-0.0,4921.0,ASK
332,1712175067.8938577,11210024.55936092,4557.0,1.0842208531260004e-09,4921.0,BID
333,1712175067.896769,11210292.6575507,4557.0,4.41539347365546e-09,4921.0,BID
334,1712175067.8995912,11210616.98325257,4558.0,5.341422068340463e-09,4921.0,BID
335,1712175080.4334028,11210921.85077657,4558.0,5.020959212371961e-09,4921.0,BID
336,1712175080.444166,11210971.85077657,4558.0,8.23465737920622e-10,4921.0,BID
337,1712175080.4934187,11211019.15874257,4559.0,7.791297826255315e-10,4921.0,BID
338,1712175090.743276,11211019.15874257,4559.0,0.0,4921.0,BID
339,1712175092.0836267,11211023.32332694,4560.0,6.858239175095509e-11,4921.0,BID
340,1712175096.5636814,11211084.94821626,4560.0,1.0148389191121932e-09,4921.0,BID
341,1712175096.5674522,11211087.33385404,4560.0,3.9286692332169785e-11,4921.0,BID
342,1712175120.528794,11211087.33385404,4560.0,0.0,4921.0,BID
343,1712175121.103865,11211243.93959587,4563.0,2.578970767765192e-09,4921.0,BID
344,1712175131.06352,11211309.11685149,4563.0,1.073333806287021e-09,4921.0,BID
345,1712175131.0678194,11211633.31273748,4563.0,5.338831790102397e-09,4921.0,BID
346,1712175131.323476,11211699.10221116,4563.0,1.0834157641102339e-09,4921.0,BID
347,1712175131.9440217,11211765.02178927,4560.0,-1.0855583133747255e-09,4921.0,ASK
348,1712175131.9485986,11211942.67301377,4560.0,-2.92554608462462e-09,4921.0,ASK
349,1712175131.9530094,11212569.04105317,4560.0,-1.0314978522474378e-08,4921.0,ASK
350,1712175135.4999838,11212602.0440935,4563.0,5.434914152240589e-10,4921.0,BID
351,1712175144.9334085,11212604.234674,4565.0,3.607430355901756e-11,4921.0,BID
352,1712175145.473579,11212606.89111561,4565.0,4.3746066901357e-11,4921.0,BID
353,1712175146.723724,11212606.89111562,4565.0,1.84043343536568e-19,4921.0,BID
354,1712175150.5038984,11212606.89111562,4565.0,0.0,4921.0,BID
355,1712175161.5238645,11212740.37423765,4565.0,-2.1979384476845547e-09,4921.0,ASK
356,1712175161.5634878,11212938.6003375,4564.0,3.263998920428917e-09,4921.0,BID
357,1712175180.735397,11212938.6003375,4564.0,0.0,4921.0,BID
358,1712175199.2735083,11213237.13863719,4566.0,-4.915621082505547e-09,4921.0,ASK
359,1712175210.7533834,11213237.13863719,4566.0,-0.0,4921.0,ASK
360,1712175223.593887,11213395.18525038,4567.0,-2.602278594596848e-09,4921.0,ASK
361,1712175231.523449,11213663.8697201,4567.0,-4.423959679668219e-09,4921.0,ASK
362,1712175234.733523,11214389.90865025,4567.0,-1.1954419830051988e-08,4921.0,ASK
363,1712175235.9569054,11214792.08414025,4566.0,-6.621924050050308e-09,4921.0,ASK
364,1712175237.163566,11214798.65300383,4567.0,1.0815804742798318e-10,4921.0,BID
365,1712175240.4959009,11214851.42215335,4566.0,-8.68857772269616e-10,4921.0,ASK
366,1712175240.5050163,11214851.42215335,4566.0,-0.0,4921.0,ASK
367,1712175240.5190678,11214897.50501373,4566.0,-7.58677202894076e-10,4921.0,ASK
368,1712175244.1535308,11215579.32319555,4566.0,-1.1224995731505624e-08,4921.0,ASK
369,1712175246.6936202,11215872.8677542,4567.0,4.8327200795013315e-09,4921.0,BID
370,1712175249.9335608,11216114.68377695,4567.0,-3.981096273982986e-09,4921.0,ASK
371,1712175268.6476915,11216123.00993363,4570.0,1.3707624067487506e-10,4921.0,BID
372,1712175268.6572318,11216133.97725102,4570.0,1.8055853329193664e-10,4921.0,BID
373,1712175268.6601648,11216233.52394033,4569.0,1.6388697051446691e-09,4921.0,BID
374,1712175268.6630993,11216333.52394033,4570.0,1.6463327072825855e-09,4921.0,BID
375,1712175270.5151205,11216333.52394033,4570.0,0.0,4921.0,BID
376,1712175281.1633654,11216443.0050001,4568.0,1.8022145193149462e-09,4921.0,BID
377,1712175281.213637,11216551.15836081,4568.0,1.780358697608672e-09,4921.0,BID
378,1712175285.3534353,11216552.83220413,4570.0,2.7553850333108548e-11,4921.0,BID
379,1712175287.9634972,11216603.87443415,4571.0,8.40227964877087e-10,4921.0,BID
380,1712175293.9135091,11216610.43754944,4571.0,1.080382459897258e-10,4921.0,BID
381,1712175294.3134882,11216613.90492132,4571.0,5.707789052860605e-11,4921.0,BID
382,1712175299.9934003,11216620.46229836,4575.0,1.0794378621949136e-10,4921.0,BID
383,1712175300.543753,11216620.46229836,4575.0,0.0,4921.0,BID
384,1712175302.863748,11216653.27787482,4575.0,5.406317960392969e-10,4921.0,BID
385,1712175309.8541434,11216766.50628793,4575.0,1.8654214536466568e-09,4921.0,BID
386,1712175310.4333146,11217266.50628793,4575.0,8.237426465672339e-09,4921.0,BID
387,1712175310.5332966,11217481.80942493,4571.0,-3.5470875177121794e-09,4921.0,ASK
388,1712175312.88372,11217481.80942578,4571.0,-1.4023869837866198e-17,4921.0,ASK
389,1712175312.8879592,11217484.00385108,4570.0,-3.615283408242858e-11,4921.0,ASK
390,1712175328.9734182,11218971.96884014,4570.0,-2.4514004361762225e-08,4921.0,ASK
391,1712175330.498804,11218971.96884014,4570.0,-0.0,4921.0,ASK
392,1712175333.4633183,11219190.63001914,4571.0,-3.6017728850652236e-09,4921.0,ASK
393,1712175333.483415,11219190.63001928,4571.0,-2.3011028376371424e-18,4921.0,ASK
394,1712175339.8936625,11219429.1950466,4575.0,3.929627795220372e-09,4921.0,BID
395,1712175341.0634737,11220429.1950466,4571.0,-1.647193572064054e-08,4921.0,ASK
396,1712175349.9734864,11220474.1950466,4571.0,-7.41237107428824e-10,4921.0,ASK
397,1712175353.4234166,11221281.9210326,4571.0,-1.3304810521285478e-08,4921.0,ASK
398,1712175353.533274,11221856.8917992,4571.0,-9.47088150868626e-09,4921.0,ASK
399,1712175353.57336,11222139.1707805,4571.0,-4.64968123526266e-09,4921.0,ASK
400,1712175353.577929,11222250.0465985,4571.0,-1.826339347056982e-09,4921.0,ASK
401,1712175353.7335782,11222943.38378072,4570.0,-1.1420605498259056e-08,4921.0,ASK
402,1712175354.8934174,11222953.38378072,4571.0,1.6471935720640538e-10,4921.0,BID
403,1712175360.753369,11222953.38378072,4571.0,0.0,4921.0,BID
404,1712175361.8035884,11223156.24680195,4570.0,-3.340545224363431e-09,4921.0,ASK
405,1712175362.327765,11224156.36839195,4570.0,-1.646900150157408e-08,4921.0,ASK
406,1712175362.4039686,11224265.77758232,4570.0,-1.801641058950025e-09,4921.0,ASK
407,1712175362.4079256,11225821.61205541,4570.0,-2.561992514683445e-08,4921.0,ASK
408,1712175362.411906,11226204.36479063,4570.0,-6.302789014953955e-09,4921.0,ASK
409,1712175368.8336954,11226226.26579771,4567.0,-3.606438678061675e-10,4921.0,ASK
410,1712175368.838447,11226587.91939963,4567.0,-5.955349602117965e-09,4921.0,ASK
411,1712175368.9134057,11226587.91939999,4567.0,-5.919730031627322e-18,4921.0,ASK
412,1712175368.973492,11226589.01466937,4566.0,-1.8035800093182764e-11,4921.0,ASK
413,1712175368.9781156,11226599.96517309,4566.0,-1.803219368629488e-10,4921.0,ASK
414,1712175369.1534002,11226609.96517309,4565.0,-1.6466999279137562e-10,4921.0,ASK
415,1712175370.633294,11226698.36289634,4564.0,-1.455645245036651e-09,4921.0,ASK
416,1712175389.5938723,11226702.02870114,4565.0,-6.036480499323198e-11,4921.0,ASK
417,1712175390.753598,11226702.02870114,4565.0,-0.0,4921.0,ASK
418,1712175408.8137329,11226801.97566218,4567.0,1.645362425340514e-09,4921.0,BID
419,1712175420.509687,11226801.97566218,4567.0,0.0,4921.0,BID
420,1712175435.5339923,11226804.16528337,4567.0,3.604605207331132e-11,4921.0,BID
421,1712175445.4333937,11226866.32229332,4567.0,1.023243118993416e-09,4921.0,BID
422,1712175446.603897,11226996.70940761,4567.0,2.146462926873791e-09,4921.0,BID
423,1712175446.6080189,11227557.10069486,4567.0,9.225291388422492e-09,4921.0,BID
424,1712175450.5076797,11227557.10069486,4567.0,0.0,4921.0,BID
425,1712175460.1335013,11227647.73999411,4567.0,-1.492040466734838e-09,4921.0,ASK
426,1712175460.1567457,11227755.80426398,4567.0,-1.7788780913392163e-09,4921.0,ASK
427,1712175460.2940311,11228239.11104674,4567.0,-7.955856716518591e-09,4921.0,ASK
428,1712175460.3074856,11228834.2069737,4567.0,-9.79605107219371e-09,4921.0,ASK
429,1712175460.8634627,11229195.49906686,4567.0,-5.947336616227506e-09,4921.0,ASK
430,1712175467.606184,11229498.74612898,4565.0,-4.991840094093424e-09,4921.0,ASK
431,1712175467.613202,11229852.92547283,4565.0,-5.830251534058352e-09,4921.0,ASK
432,1712175467.6847968,11230066.34839301,4564.0,-3.513218174334024e-09,4921.0,ASK
433,1712175467.6889503,11230309.35749045,4564.0,-4.000245038973903e-09,4921.0,ASK
434,1712175467.763463,11230331.4126329,4564.0,-3.6305626042686544e-10,4921.0,ASK
435,1712175467.7676473,11231678.6535433,4564.0,-2.2177333379312945e-08,4921.0,ASK
436,1712175467.7870853,11232119.58992087,4565.0,7.258384873037435e-09,4921.0,BID
437,1712175473.7737482,11232547.1035433,4565.0,7.037428907964113e-09,4921.0,BID
438,1712175473.7789714,11232597.61237238,4566.0,8.314408599442282e-10,4921.0,BID
439,1712175476.7831967,11232604.18411389,4563.0,-1.0817939184354792e-10,4921.0,ASK
440,1712175477.023449,11232623.62374108,4560.0,-3.2000148571475816e-10,4921.0,ASK
441,1712175477.0285082,11232733.21806672,4560.0,-1.8040647945442518e-09,4921.0,ASK
442,1712175480.7299075,11232733.21806672,4560.0,-0.0,4921.0,ASK
443,1712175482.2834954,11232743.21806672,4563.0,1.6454896877829446e-10,4921.0,BID
444,1712175482.4274511,11232918.54131896,4563.0,2.884926035898104e-09,4921.0,BID
445,1712175506.8045168,11232952.27815817,4559.0,-5.551362101639261e-10,4921.0,ASK
446,1712175506.8096488,11233027.69194702,4559.0,-1.240926118715377e-09,4921.0,ASK
447,1712175506.8147075,11233078.2007761,4556.0,-8.311175739242112e-10,4921.0,ASK
448,1712175506.8176858,11233122.46488147,4555.0,-7.2836128925714e-10,4921.0,ASK
449,1712175506.820002,11233124.46488147,4559.0,-3.2909793755658896e-11,4921.0,ASK
450,1712175506.8223343,11233202.34507819,4551.0,-1.2815106058586232e-09,4921.0,ASK
451,1712175506.824673,11233224.4514845,4558.0,-3.637586361492309e-10,4921.0,ASK
452,1712175507.6307807,11233246.39093163,4558.0,3.610113400973263e-10,4921.0,BID
453,1712175510.7481654,11233246.39093163,4558.0,0.0,4921.0,BID
454,1712175520.9505706,11234362.36421307,4559.0,-1.836251843695716e-08,4921.0,ASK
455,1712175530.293746,11234670.93442859,4559.0,-5.077295635846011e-09,4921.0,ASK
456,1712175530.2981691,11234672.25050667,4559.0,-2.1655095518787597e-11,4921.0,ASK
457,1712175530.3032775,11234674.44204732,4559.0,-3.606018735309975e-11,4921.0,ASK
458,1712175532.5038564,11234718.32094157,4558.0,-7.21994888265518e-10,4921.0,ASK
459,1712175540.4913373,11234718.32094157,4558.0,-0.0,4921.0,ASK
460,1712175547.5236907,11234778.1381164,4551.0,-9.841388920123767e-10,4921.0,ASK
461,1712175547.528282,11235024.23110711,4551.0,-4.04883185960287e-09,4921.0,ASK
462,1712175555.28329,11235035.20083067,4558.0,1.8047879426545277e-10,4921.0,BID
463,1712175561.4836967,11235054.23110711,4558.0,3.1309461242894836e-10,4921.0,BID
464,1712175561.4977736,11235254.20083067,4559.0,3.2899912564401806e-09,4921.0,BID
465,1712175570.5635157,11235254.20083067,4559.0,0.0,4921.0,BID
466,1712175577.6637158,11235336.09779267,4558.0,-1.347351316430505e-09,4921.0,ASK
467,1712175577.669449,11235336.09779355,4558.0,-1.4463892444517388e-17,4921.0,ASK
468,1712175584.2339554,11235449.42817041,4558.0,1.8644871400230743e-09,4921.0,BID
469,1712175584.2395728,11235650.05103593,4558.0,3.300604507921757e-09,4921.0,BID
470,1712175584.2449355,11235944.62168872,4559.0,4.846213426312667e-09,4921.0,BID
471,1712175584.3533475,11236336.09779272,4559.0,-6.440481199728793e-09,4921.0,ASK
472,1712175584.373394,11236336.09779355,4559.0,-1.3636508766547118e-17,4921.0,ASK
473,1712175597.2473044,11236402.00289021,4552.0,-1.0842565655368219e-09,4921.0,ASK
474,1712175597.2515266,11236403.12155658,4552.0,-1.8404060037637988e-11,4921.0,ASK
475,1712175597.263351,11236516.45193255,4552.0,1.864487125344675e-09,4921.0,BID
476,1712175597.2714586,11236929.2828469,4557.0,6.791805975813839e-09,4921.0,BID
477,1712175597.3443494,11236974.35184272,4551.0,-7.41465487434301e-10,4921.0,ASK
478,1712175597.3520844,11237002.25885201,4551.0,-4.5912015277452446e-10,4921.0,ASK
479,1712175597.3545396,11237343.96397175,4551.0,-5.621659603352624e-09,4921.0,ASK
480,1712175598.7036777,11237387.88140697,4550.0,-7.225202585319201e-10,4921.0,ASK
481,1712175598.7131417,11237392.51894175,4550.0,-7.629573110901612e-11,4921.0,ASK
482,1712175598.9131732,11237736.14799375,4550.0,-5.653311725724401e-09,4921.0,ASK
483,1712175600.5514045,11237736.14799375,4550.0,-0.0,4921.0,ASK
484,1712175630.465861,11237736.14799375,4550.0,-0.0,4921.0,ASK
485,1712175632.0882215,11238065.86883792,4550.0,-5.426948466646519e-09,4921.0,ASK
486,1712175639.1331222,11238504.75406943,4557.0,7.223709317482222e-09,4921.0,BID
487,1712175644.9335618,11238642.73682013,4550.0,-2.271088681755168e-09,4921.0,ASK
488,1712175646.293626,11238862.32399623,4550.0,-3.6142340094823116e-09,4921.0,ASK
489,1712175660.754691,11238862.32399623,4550.0,-0.0,4921.0,ASK
490,1712175662.5034137,11241059.16054623,4552.0,3.615516866241348e-08,4921.0,BID
491,1712175666.2533903,11241089.16054623,4551.0,-4.937349844583947e-10,4921.0,ASK
492,1712175683.2435925,11241122.07493426,4555.0,5.416994954276179e-10,4921.0,BID
493,1712175690.75319,11241122.07493426,4555.0,0.0,4921.0,BID
494,1712175692.4432473,11241139.62927015,4555.0,2.8885742376618017e-10,4921.0,BID
495,1712175696.6932695,11241359.36119719,4555.0,3.615699207732576e-09,4921.0,BID
496,1712175705.393597,11241381.315094,4555.0,3.6125240591678297e-10,4921.0,BID
497,1712175712.8835657,11241481.315094,4554.0,1.645504709499273e-09,4921.0,BID
498,1712175720.4961998,11241481.315094,4554.0,0.0,4921.0,BID
499,1712175721.6531706,11241701.315094,4553.0,3.620012894264454e-09,4921.0,BID
500,1712175729.470155,11241723.108694,4553.0,3.5860505915472035e-10,4921.0,BID
501,1712175729.4756937,11241723.27381161,4553.0,2.716944900729302e-12,4921.0,BID
502,1712175730.9532278,11241823.27381161,4553.0,1.6454604064838424e-09,4921.0,BID
503,1712175735.236502,11241950.86738359,4553.0,2.099501708141999e-09,4921.0,BID
504,1712175743.241347,11242040.65156629,4551.0,-1.4773631776036971e-09,4921.0,ASK
505,1712175743.8831894,11242106.54218785,4553.0,1.084204089381527e-09,4921.0,BID
506,1712175746.059065,11242206.48993219,4551.0,-1.644600560283533e-09,4921.0,ASK
507,1712175746.064608,11242276.54218785,4551.0,-1.1526821307389988e-09,4921.0,ASK
508,1712175746.0692756,11242306.54218785,4551.0,-4.936381219451527e-10,4921.0,ASK
509,1712175750.4881752,11242306.54218785,4551.0,-0.0,4921.0,ASK
510,1712175752.563296,11242332.69339954,4553.0,4.302812364531872e-10,4921.0,BID
511,1712175753.0034387,11242966.90405388,4554.0,1.0435040172292924e-08,4921.0,BID
512,1712175753.204117,11242966.90405389,4554.0,1.5323596998821914e-19,4921.0,BID
513,1712175764.503755,11242970.0492303,4556.0,5.174943367746071e-11,4921.0,BID
514,1712175764.5137858,11242981.34911537,4557.0,1.8592364199529007e-10,4921.0,BID
515,1712175766.153444,11243006.06180753,4557.0,4.0661243025766735e-10,4921.0,BID
516,1712175770.7951553,11243071.93796036,4559.0,1.0838990112738806e-09,4921.0,BID
517,1712175771.253026,11243093.87259514,4559.0,3.609034214935381e-10,4921.0,BID
518,1712175773.8034923,11243564.38772143,4559.0,7.741661561346266e-09,4921.0,BID
519,1712175775.100607,11243572.86301985,4559.0,1.3944905982789431e-10,4921.0,BID
520,1712175775.1045234,11243764.38772143,4559.0,3.151268338523299e-09,4921.0,BID
521,1712175778.843181,11243796.02980079,4559.0,5.20625705332043e-10,4921.0,BID
522,1712175780.7355611,11243796.02980079,4559.0,0.0,4921.0,BID
523,1712175783.3034248,11243905.82338884,4559.0,1.8062966371813798e-09,4921.0,BID
524,1712175791.0177374,11243920.82338884,4559.0,-2.4677624658239147e-10,4921.0,ASK
525,1712175791.021702,11244362.01516408,4559.0,-7.2583766877833535e-09,4921.0,ASK
526,1712175794.974829,11244581.36151196,4559.0,3.6086312287831595e-09,4921.0,BID
527,1712175796.413287,11245596.5617425,4559.0,1.6701820161463652e-08,4921.0,BID
528,1712175797.177765,11247434.5617425,4558.0,3.023831608122904e-08,4921.0,BID
529,1712175810.7229624,11247434.5617425,4558.0,0.0,4921.0,BID
530,1712175812.92397,11247479.92221517,4562.0,7.46055567869471e-10,4921.0,BID
531,1712175812.9292734,11247653.68766733,4564.0,2.857965877737234e-09,4921.0,BID
532,1712175824.1534636,11247675.59827206,4564.0,3.6036945143813637e-10,4921.0,BID
533,1712175825.2132952,11247707.17407048,4564.0,5.193354221154695e-10,4921.0,BID
534,1712175828.3231914,11247768.87707335,4558.0,-1.014845440006058e-09,4921.0,ASK
535,1712175836.5746386,11247807.17407048,4558.0,-6.29880736680738e-10,4921.0,ASK
536,1712175836.5792594,11247834.20003051,4558.0,-4.4450303911488305e-10,4921.0,ASK
537,1712175840.508506,11247834.20003051,4558.0,-0.0,4921.0,ASK
538,1712175870.525175,11247834.20003051,4558.0,-0.0,4921.0,ASK
539,1712175900.7428937,11247834.20003051,4558.0,-0.0,4921.0,ASK
540,1712175902.394874,11248244.57399183,4563.0,6.751802042296625e-09,4921.0,BID
541,1712175913.1531484,11248249.29615408,4563.0,7.769280639526757e-11,4921.0,BID
542,1712175926.8732429,11248384.85802128,4563.0,2.23037272850595e-09,4921.0,BID
543,1712175930.7530687,11248384.85802128,4563.0,0.0,4921.0,BID
544,1712175931.6934433,11248452.28504201,4563.0,-1.109317646059434e-09,4921.0,ASK
545,1712175948.764843,11248670.21504201,4563.0,-3.585411189556287e-09,4921.0,ASK
546,1712175950.303886,11248671.92091445,4563.0,-2.806522340608485e-11,4921.0,ASK
547,1712175950.863028,11248674.11485916,4558.0,-3.6095048457181175e-11,4921.0,ASK
548,1712175950.872897,11248889.34504201,4558.0,-3.540993465444503e-09,4921.0,ASK
549,1712175953.073306,11249108.59504201,4558.0,-3.607127992067595e-09,4921.0,ASK
550,1712175957.6730478,11249130.51044854,4563.0,-3.605549662385087e-10,4921.0,ASK
551,1712175958.784873,11249327.67704201,4558.0,-3.243809069122428e-09,4921.0,ASK
552,1712175959.963506,11249546.92004201,4558.0,-3.607012827217586e-09,4921.0,ASK
553,1712175960.485318,11249546.92004201,4558.0,-0.0,4921.0,ASK
554,1712175963.7040155,11249554.45598443,4558.0,-1.2397144623421152e-10,4921.0,ASK
555,1712175963.7164347,11249766.14504201,4558.0,-3.482430883381541e-09,4921.0,ASK
556,1712175965.3234053,11249879.97010794,4558.0,-1.872500777453786e-09,4921.0,ASK
557,1712175965.3296204,11249985.39504201,4558.0,-1.734312819396927e-09,4921.0,ASK
558,1712175966.5333023,11249988.21397189,4558.0,-4.6373339214802616e-11,4921.0,ASK
559,1712175966.5393145,11250054.03231326,4558.0,-1.082757074440973e-09,4921.0,ASK
560,1712175966.6932783,11250092.89833292,4558.0,6.393728080608636e-10,4921.0,BID
561,1712175967.6128342,11250216.46332786,4558.0,-2.0327293219900044e-09,4921.0,ASK
562,1712175967.6729438,11250312.14833292,4558.0,1.5740842748607087e-09,4921.0,BID
563,1712175969.8429663,11250316.27374616,4558.0,6.786589085418193e-11,4921.0,BID
564,1712175969.923474,11250422.52518921,4557.0,-1.7479094616826581e-09,4921.0,ASK
565,1712175969.932764,11250535.69174616,4557.0,-1.8616678509391831e-09,4921.0,ASK
566,1712175971.5136764,11250754.96574616,4557.0,-3.607208413393823e-09,4921.0,ASK
567,1712175974.5630112,11250786.54154458,4557.0,-5.1944364457707e-10,4921.0,ASK
568,1712175974.9828455,11251005.81554458,4557.0,-3.6072084133631804e-09,4921.0,ASK
569,1712175976.5779335,11251225.08954458,4557.0,-3.607208413393823e-09,4921.0,ASK
570,1712175978.9235125,11251437.9256569,4558.0,-3.501300724370115e-09,4921.0,ASK
571,1712175979.0835912,11251444.33954458,4558.0,1.0551287248059811e-10,4921.0,BID
572,1712175981.1936135,11251466.01521039,4557.0,3.5657964044168816e-10,4921.0,BID
573,1712175982.4335537,11251566.01521039,4556.0,-1.645068915325296e-09,4921.0,ASK
574,1712175982.447336,11251685.31321039,4556.0,-1.9625343146116364e-09,4921.0,ASK
575,1712175984.6032958,11251904.56421039,4556.0,-3.6068300475425614e-09,4921.0,ASK
576,1712175986.0335362,11252123.86221039,4556.0,-3.607603229906291e-09,4921.0,ASK
577,1712175987.9731789,11252343.16021039,4556.0,-3.6076032299369324e-09,4921.0,ASK
578,1712175989.6230254,11253525.78459712,4556.0,-1.9454986171146263e-08,4921.0,ASK
579,1712175990.5079927,11253525.78459712,4556.0,-0.0,4921.0,ASK
580,1712175993.1532495,11257011.89576845,4556.0,-5.7331831377866734e-08,4921.0,ASK
581,1712175993.158274,11257713.76242057,4556.0,-1.1542747368472433e-08,4921.0,ASK
582,1712175993.7933233,11257735.71631738,4555.0,-3.610490452262884e-10,4921.0,ASK
583,1712175993.7985177,11257933.23642057,4555.0,-3.248372955790993e-09,4921.0,ASK
584,1712175997.0632646,11257938.45147763,4556.0,8.576570203947906e-11,4921.0,BID
585,1712175997.2047875,11257960.4703426,4555.0,-3.6211749757466686e-10,4921.0,ASK
586,1712175997.2129986,11258048.28592986,4555.0,-1.4441961812727456e-09,4921.0,ASK
587,1712175998.3531024,11258157.95147763,4554.0,-1.803535912563095e-09,4921.0,ASK
588,1712175998.832971,11258377.48947763,4554.0,-3.6104745312136356e-09,4921.0,ASK
589,1712176000.7630572,11258597.02747763,4554.0,-3.610474531183003e-09,4921.0,ASK
590,1712176003.65324,11259005.68940301,4554.0,-6.720765760190492e-09,4921.0,ASK
591,1712176003.6603296,11259029.8386895,4555.0,-3.9715394974279076e-10,4921.0,ASK
592,1712176003.853296,11259249.3766895,4554.0,-3.610474531183003e-09,4921.0,ASK
593,1712176006.2428916,11259468.9146895,4554.0,-3.6104745312136356e-09,4921.0,ASK
594,1712176007.7232833,11259688.3976895,4554.0,-3.609570013097681e-09,4921.0,ASK
595,1712176010.3738062,11259724.93404316,4554.0,-6.00868980989316e-10,4921.0,ASK
596,1712176010.3803225,11259907.8806895,4554.0,-3.008701032077733e-09,4921.0,ASK
597,1712176012.323311,11260127.4186895,4554.0,-3.6104745312136356e-09,4921.0,ASK
598,1712176014.71306,11260346.9566895,4554.0,-3.610474531183003e-09,4921.0,ASK
599,1712176016.9813955,11260566.4946895,4554.0,-3.6104745312136356e-09,4921.0,ASK
600,1712176019.983257,11260786.0326895,4554.0,-3.6104745312136356e-09,4921.0,ASK
601,1712176020.7381363,11260786.0326895,4554.0,-0.0,4921.0,ASK
602,1712176022.3532264,11261005.5706895,4554.0,-3.608511885084702e-09,4921.0,ASK
603,1712176023.942808,11261225.1086895,4554.0,-3.608511885115318e-09,4921.0,ASK
604,1712176026.8952277,11261444.4956895,4554.0,-3.606029921643907e-09,4921.0,ASK
605,1712176028.3530493,11261663.9376895,4554.0,-3.6069339480657805e-09,4921.0,ASK
606,1712176033.073423,11261883.3246895,4554.0,-3.606029921643907e-09,4921.0,ASK
607,1712176034.1332033,11262102.7666895,4554.0,-3.6069339480657805e-09,4921.0,ASK
608,1712176035.363248,11262270.61814968,4560.0,2.758948286807966e-09,4921.0,BID
609,1712176035.3698628,11262321.7666895,4560.0,8.40720576158573e-10,4921.0,BID
610,1712176036.4833162,11262371.7666895,4554.0,-8.21842206156744e-10,4921.0,ASK
611,1712176036.4896767,11262437.64284233,4554.0,-1.0827960555017822e-09,4921.0,ASK
612,1712176036.495713,11262541.1746895,4554.0,-1.701736833707313e-09,4921.0,ASK
613,1712176040.0136886,11262553.80240215,4554.0,-2.0755974446347968e-10,4921.0,ASK
614,1712176040.024398,11262760.6126895,4554.0,-3.399308456245648e-09,4921.0,ASK
615,1712176042.282941,11262780.4306895,4554.0,-3.2574537683179727e-10,4921.0,ASK
616,1712176043.2932162,11262781.50469587,4554.0,-1.7653275280053527e-11,4921.0,ASK
617,1712176043.2998986,11262790.5066895,4554.0,-1.4796436609510134e-10,4921.0,ASK
618,1712176050.7456686,11262790.5066895,4554.0,-0.0,4921.0,ASK
619,1712176067.4729917,11262831.55813507,4562.0,6.746549709309232e-10,4921.0,BID
620,1712176067.4768844,11262834.32789896,4561.0,4.55193465466492e-11,4921.0,BID
621,1712176080.5119245,11262834.32789896,4561.0,0.0,4921.0,BID
622,1712176088.7630637,11262960.30903327,4561.0,-2.070414770767707e-09,4921.0,ASK
623,1712176088.802924,11263492.07839227,4561.0,-8.739269903691409e-09,4921.0,ASK
624,1712176101.9330914,11263521.99650233,4560.0,4.916839122280925e-10,4921.0,BID
625,1712176110.54293,11263521.99650233,4560.0,0.0,4921.0,BID
626,1712176113.5329082,11264521.99650233,4560.0,1.6433476869117007e-08,4921.0,BID
627,1712176117.90601,11264565.85615145,4560.0,7.20766529299443e-10,4921.0,BID
628,1712176118.2230475,11265864.57740485,4560.0,2.1342505677159933e-08,4921.0,BID
629,1712176120.4329526,11265866.57740485,4560.0,3.2866953738234015e-11,4921.0,BID
630,1712176122.4630508,11265873.15635221,4560.0,1.0811497928931287e-10,4921.0,BID
631,1712176123.8261569,11266104.94681662,4560.0,3.80912323534219e-09,4921.0,BID
632,1712176129.783176,11266107.13979907,4560.0,3.603832636855149e-11,4921.0,BID
633,1712176137.1129854,11266326.43804468,4560.0,3.6038326466808716e-09,4921.0,BID
634,1712176140.752874,11266326.43804468,4560.0,0.0,4921.0,BID
635,1712176170.7434936,11266326.43804468,4560.0,0.0,4921.0,BID
636,1712176178.5740304,11266555.89414996,4560.0,3.769969318914165e-09,4921.0,BID
637,1712176179.6087365,11266665.54327276,4560.0,1.8015377202630115e-09,4921.0,BID
638,1712176182.6142287,11266744.59395642,4560.0,1.2988046305279501e-09,4921.0,BID
639,1712176182.6202097,11266783.64519222,4560.0,6.416127418143595e-10,4921.0,BID
640,1712176192.944338,11266884.84151837,4560.0,-1.66265806833673e-09,4921.0,ASK
641,1712176192.9539204,11267110.71871134,4560.0,-3.711167703757717e-09,4921.0,ASK
642,1712176195.5141544,11267112.91169379,4560.0,-3.603075430855379e-11,4921.0,ASK
643,1712176200.0142136,11268112.91169379,4559.0,-1.643002400974859e-08,4921.0,ASK
644,1712176200.8447096,11268112.91169379,4559.0,-0.0,4921.0,ASK
645,1712176200.8943186,11268222.56081659,4559.0,1.8046458458310363e-09,4921.0,BID
646,1712176204.634337,11270396.45545225,4559.0,3.577876250517176e-08,4921.0,BID
647,1712176207.6045642,11271054.35018909,4559.0,1.082787507575262e-08,4921.0,BID
648,1712176210.0498452,11271649.12371522,4555.0,-9.789002827780204e-09,4921.0,ASK
649,1712176224.3153372,11272067.22853462,4556.0,-6.881323864642203e-09,4921.0,ASK
650,1712176224.3213935,11272279.06227775,4555.0,-3.4864381473062227e-09,4921.0,ASK
651,1712176224.3273966,11273561.70335086,4555.0,-2.1110181506238545e-08,4921.0,ASK
652,1712176224.4347434,11273568.2895199,4555.0,1.0839760769887004e-10,4921.0,BID
653,1712176230.7364497,11273568.2895199,4555.0,0.0,4921.0,BID
654,1712176231.885378,11274068.2895199,4554.0,-8.22581922829281e-09,4921.0,ASK
655,1712176231.891183,11274278.87470237,4554.0,-3.464471286299664e-09,4921.0,ASK
656,1712176249.0292344,11274410.62678855,4554.0,-2.167537687723264e-09,4921.0,ASK
657,1712176249.0341194,11274430.76759672,4554.0,-3.3134929424716567e-10,4921.0,ASK
658,1712176260.5087376,11274430.76759672,4554.0,-0.0,4921.0,ASK
659,1712176266.086213,11274476.43142183,4554.0,-7.51196200816649e-10,4921.0,ASK
660,1712176266.094062,11274533.67612977,4554.0,-9.417083877288947e-10,4921.0,ASK
661,1712176266.2858355,11274545.53076459,4554.0,1.9501556466508326e-10,4921.0,BID
662,1712176266.325856,11274851.67235457,4554.0,5.0362053278147675e-09,4921.0,BID
663,1712176269.606527,11274852.95281114,4554.0,-2.106424744463396e-11,4921.0,ASK
664,1712176269.6129756,11274863.6130139,4552.0,-1.7536646994013632e-10,4921.0,ASK
665,1712176284.3962626,11274878.9999186,4554.0,2.5312343687855436e-10,4921.0,BID
666,1712176290.516264,11274878.9999186,4554.0,0.0,4921.0,BID
667,1712176294.9582396,11275001.11409207,4554.0,2.008780971930084e-09,4921.0,BID
668,1712176295.0765166,11275052.63148337,4554.0,8.47462275883491e-10,4921.0,BID
669,1712176300.2864685,11275130.73450476,4554.0,1.2847965044342515e-09,4921.0,BID
670,1712176304.8357415,11275350.73450476,4554.0,3.619005077514228e-09,4921.0,BID
671,1712176305.6867435,11275617.58900021,4554.0,4.389762609064269e-09,4921.0,BID
672,1712176306.5364745,11275804.50042341,4554.0,3.0746972254949717e-09,4921.0,BID
673,1712176306.542085,11276075.17119321,4554.0,4.452540410177626e-09,4921.0,BID
674,1712176306.6363564,11276075.17119417,4554.0,1.5779886182396142e-17,4921.0,BID
675,1712176308.0566974,11276728.53183017,4555.0,1.0747797541502008e-08,4921.0,BID
676,1712176308.576391,11277970.79359517,4555.0,2.043523470518928e-08,4921.0,BID
677,1712176308.7363627,11278959.14543517,4555.0,1.6258410578754357e-08,4921.0,BID
678,1712176308.8008604,11280469.70450917,4555.0,2.4848731630437312e-08,4921.0,BID
679,1712176308.9163506,11282092.20074198,4555.0,2.6690100476296746e-08,4921.0,BID
680,1712176311.1069305,11282534.72882321,4554.0,7.2795971495919215e-09,4921.0,BID
681,1712176317.0668466,11282557.89876172,4554.0,3.8114602324731636e-10,4921.0,BID
682,1712176320.266026,11282624.2793932,4554.0,1.0919629198911151e-09,4921.0,BID
683,1712176320.7582507,11282624.2793932,4554.0,0.0,4921.0,BID
684,1712176321.8466723,11282627.95070127,4553.0,-6.035807523669645e-11,4921.0,ASK
685,1712176322.953908,11283292.12754687,4553.0,-1.0919387653712933e-08,4921.0,ASK
686,1712176322.9589472,11283333.17899244,4553.0,-6.74905563048507e-10,4921.0,ASK
687,1712176323.0868738,11283520.14151692,4553.0,3.073754068714493e-09,4921.0,BID
688,1712176328.607224,11283755.42351472,4555.0,3.8681495131013795e-09,4921.0,BID
689,1712176330.6968737,11283955.42351472,4552.0,-3.288096453849017e-09,4921.0,ASK
690,1712176335.6577127,11284033.93902287,4552.0,-1.290832819612053e-09,4921.0,ASK
691,1712176335.662686,11284055.90738842,4552.0,-3.6117052430974685e-10,4921.0,ASK
692,1712176335.667414,11284155.90738842,4553.0,-1.6440482269245087e-09,4921.0,ASK
693,1712176335.671727,11284212.9886932,4552.0,-9.38444179129066e-10,4921.0,ASK
694,1712176335.674458,11284234.95705875,4552.0,-3.6117052430974685e-10,4921.0,ASK
695,1712176336.0970972,11284434.95705875,4555.0,3.288096453849017e-09,4921.0,BID
696,1712176350.753014,11284434.95705875,4555.0,0.0,4921.0,BID
697,1712176357.1188574,11284508.88826095,4555.0,1.2152998927038775e-09,4921.0,BID
698,1712176357.1270516,11284874.03499508,4555.0,6.0023748242974545e-09,4921.0,BID
699,1712176357.310552,11284894.88221791,4555.0,3.4269194756558004e-10,4921.0,BID
700,1712176359.3080242,11285173.97450491,4555.0,4.587789950060782e-09,4921.0,BID
701,1712176365.918721,11285354.77347307,4555.0,2.972019391918458e-09,4921.0,BID
702,1712176367.6775558,11285560.08881759,4555.0,3.375025817855594e-09,4921.0,BID
703,1712176367.7577746,11285625.03175775,4555.0,1.0675485567521778e-09,4921.0,BID
704,1712176371.6809328,11285627.22714743,4555.0,3.608837356709476e-11,4921.0,BID
705,1712176372.1584866,11285846.76611559,4555.0,3.6088373584241195e-09,4921.0,BID
706,1712176375.5111375,11286009.47614852,4555.0,2.674668876979e-09,4921.0,BID
707,1712176380.539537,11286009.47614852,4555.0,0.0,4921.0,BID
708,1712176382.3578844,11286667.76390914,4555.0,1.0819825931382893e-08,4921.0,BID
709,1712176382.4686098,11286680.42507269,4555.0,2.0810289039727439e-10,4921.0,BID
710,1712176385.6979132,11286702.3789695,4555.0,3.6084119469099455e-10,4921.0,BID
711,1712176386.6378553,11286803.15921099,4555.0,1.656455938371994e-09,4921.0,BID
712,1712176394.338242,11287379.70914359,4555.0,9.476357126264033e-09,4921.0,BID
713,1712176394.3453133,11287898.15921099,4555.0,8.521409357634731e-09,4921.0,BID
714,1712176394.4982357,11288329.66499979,4555.0,7.0923656833746274e-09,4921.0,BID
715,1712176396.2483182,11288429.66499979,4553.0,-1.6436316423651835e-09,4921.0,ASK
716,1712176396.2541597,11288601.48309109,4553.0,-2.824056515904589e-09,4921.0,ASK
717,1712176396.2598257,11288620.2527814,4553.0,-3.0850456911868616e-10,4921.0,ASK
718,1712176400.3479905,11288620.25278141,4555.0,1.53075125288701e-19,4921.0,BID
719,1712176410.5204337,11288620.25278141,4555.0,0.0,4921.0,BID
720,1712176439.1186492,11288697.09142025,4555.0,-1.2626973841025227e-09,4921.0,ASK
721,1712176439.1322448,11288912.47088288,4555.0,-3.539353223281114e-09,4921.0,ASK
722,1712176440.7520127,11288912.47088288,4555.0,-0.0,4921.0,ASK
723,1712176441.699902,11288964.19935914,4555.0,-8.500408643884797e-10,4921.0,ASK
724,1712176441.7072177,11289008.10715277,4555.0,-7.215255802832805e-10,4921.0,ASK
725,1712176441.7133522,11289117.92485538,4553.0,-1.80460631360684e-09,4921.0,ASK
726,1712176441.7161949,11289124.90358541,4552.0,-1.1467969165646498e-10,4921.0,ASK
727,1712176441.71912,11289289.63013933,4553.0,-2.7069094705020846e-09,4921.0,ASK
728,1712176460.0593925,11289291.47520118,4552.0,-3.031943105723418e-11,4921.0,ASK
729,1712176460.067207,11289358.73396034,4552.0,-1.1052460444903138e-09,4921.0,ASK
730,1712176462.9688025,11289593.88390129,4553.0,3.864159038100875e-09,4921.0,BID
731,1712176465.769928,11289658.84738257,4553.0,1.067528328164111e-09,4921.0,BID
732,1712176470.739784,11289658.84738257,4553.0,0.0,4921.0,BID
733,1712176476.9395857,11289885.07329745,4552.0,-3.717305201424064e-09,4921.0,ASK
734,1712176476.9448304,11289889.12933671,4553.0,-6.664813729237498e-11,4921.0,ASK
735,1712176476.9500203,11290105.03837857,4552.0,-3.547780123988608e-09,4921.0,ASK
736,1712176476.9544072,11290105.03837959,4552.0,-1.6741845055184918e-17,4921.0,ASK
737,1712176486.1996157,11290132.48987212,4556.0,4.510781889290648e-10,4921.0,BID
738,1712176496.2595403,11290142.57914999,4556.0,1.6578527319105686e-10,4921.0,BID
739,1712176500.5017724,11290142.57914999,4556.0,0.0,4921.0,BID
740,1712176504.7197895,11290250.33227039,4556.0,1.7728980218260895e-09,4921.0,BID
741,1712176504.7263143,11290360.73901849,4557.0,1.8165590432840727e-09,4921.0,BID
742,1712176504.7331305,11290580.42267403,4556.0,3.61452844138248e-09,4921.0,BID
743,1712176504.736729,11290629.17872928,4557.0,8.02199635474441e-10,4921.0,BID
744,1712176509.3463628,11291066.49476528,4554.0,-7.195306569844309e-09,4921.0,ASK
745,1712176510.4308467,11291696.1992994,4553.0,-1.0360738684256874e-08,4921.0,ASK
746,1712176510.4338925,11291718.16283992,4553.0,-3.6137345622353666e-10,4921.0,ASK
747,1712176510.4386787,11291740.12155828,4554.0,-3.612941156610752e-10,4921.0,ASK
748,1712176524.9899445,11291784.37548464,4553.0,-7.281246075181655e-10,4921.0,ASK
749,1712176530.5206244,11291784.37548464,4553.0,-0.0,4921.0,ASK
750,1712176549.760818,11291792.71526955,4557.0,1.372003831581336e-10,4921.0,BID
751,1712176549.7705228,11291926.94947174,4557.0,2.208328412550789e-09,4921.0,BID
752,1712176549.7755754,11291947.32436986,4556.0,3.3519375605501824e-10,4921.0,BID
753,1712176549.778465,11292083.44271634,4557.0,2.239325053494798e-09,4921.0,BID
754,1712176551.1110663,11292521.25474882,4553.0,-7.2025812714838175e-09,4921.0,ASK
755,1712176551.116186,11292679.01788721,4553.0,-2.595410225411131e-09,4921.0,ASK
756,1712176551.125851,11292902.69506763,4553.0,-3.6797825345668524e-09,4921.0,ASK
757,1712176559.830392,11292946.86609161,4557.0,7.26671188707331e-10,4921.0,BID
758,1712176560.7550714,11292946.86609161,4557.0,0.0,4921.0,BID
759,1712176568.0502574,11293327.23208951,4554.0,-6.256973816308297e-09,4921.0,ASK
760,1712176568.170436,11293329.23208951,4556.0,3.289975366286241e-11,4921.0,BID
761,1712176574.2150102,11293373.93810752,4553.0,-7.354084898907843e-10,4921.0,ASK
762,1712176574.219885,11293518.40367714,4554.0,-2.37644082661657e-09,4921.0,ASK
763,1712176574.2251978,11293636.80486455,4553.0,-1.9476849495992136e-09,4921.0,ASK
764,1712176590.7724054,11293636.80486455,4553.0,-0.0,4921.0,ASK
765,1712176605.3209262,11293856.44026978,4553.0,-3.612788645585342e-09,4921.0,ASK
766,1712176605.5894113,11294294.25230226,4553.0,-7.201581813239813e-09,4921.0,ASK
767,1712176606.205659,11294461.5150608,4553.0,-2.7513095816742027e-09,4921.0,ASK
768,1712176613.931439,11294683.10566534,4553.0,-3.6449497712547436e-09,4921.0,ASK
769,1712176613.937462,11294737.0279852,4553.0,-8.86969679293885e-10,4921.0,ASK
770,1712176613.943991,11294769.08783584,4553.0,-5.273533392875623e-10,4921.0,ASK
771,1712176620.564054,11294769.08783584,4553.0,-0.0,4921.0,ASK
772,1712176638.6614172,11294988.53045159,4557.0,3.6093113788029615e-09,4921.0,BID
773,1712176643.4116688,11295098.3481542,4553.0,-1.8062411545314246e-09,4921.0,ASK
774,1712176643.416872,11295120.3116947,4553.0,-3.61248230544779e-10,4921.0,ASK
775,1712176643.422285,11295209.06290873,4553.0,-1.4597473037978623e-09,4921.0,ASK
776,1712176644.67156,11295213.01114299,4559.0,6.49391039768403e-11,4921.0,BID
777,1712176650.5115373,11295213.01114299,4559.0,0.0,4921.0,BID
778,1712176652.0124116,11295391.75974128,4559.0,2.9398933804864803e-09,4921.0,BID
779,1712176652.0191,11295431.67115615,4559.0,6.564264307619443e-10,4921.0,BID
780,1712176654.101601,11295435.61939041,4559.0,6.493694427161087e-11,4921.0,BID
781,1712176661.191717,11295436.71612214,4559.0,1.8038039925675947e-11,4921.0,BID
782,1712176665.8518467,11295492.05408002,4559.0,9.101480941441871e-10,4921.0,BID
783,1712176680.751858,11295492.05408002,4559.0,0.0,4921.0,BID
784,1712176683.8917625,11295498.64314217,4556.0,-1.0836859746435944e-10,4921.0,ASK
785,1712176683.8959107,11295502.59397623,4556.0,-6.497834384370993e-11,4921.0,ASK
786,1712176683.9746082,11298988.70514756,4556.0,5.733516693513741e-08,4921.0,BID
787,1712176684.0397189,11299100.37967957,4556.0,1.8366820851300671e-09,4921.0,BID
788,1712176685.1831944,11299207.37967957,4559.0,1.7598012686775435e-09,4921.0,BID
789,1712176696.1124463,11299346.45327171,4559.0,2.287307326041808e-09,4921.0,BID
790,1712176696.1192832,11299646.07237533,4559.0,4.927757744581338e-09,4921.0,BID
791,1712176698.9222412,11299688.97066302,4559.0,7.055370196544453e-10,4921.0,BID
792,1712176699.8220637,11299699.95243328,4554.0,-1.8061432931149528e-10,4921.0,ASK
793,1712176699.8318584,11299896.61185903,4554.0,-3.234406606818961e-09,4921.0,ASK
794,1712176701.4998298,11300203.6361889,4559.0,5.049549581511697e-09,4921.0,BID
795,1712176701.5098343,11301765.8243121,4564.0,2.5692903188042124e-08,4921.0,BID
796,1712176701.5135162,11301809.67434499,4561.0,7.211901262780681e-10,4921.0,BID
797,1712176701.5171816,11301933.57239291,4564.0,2.0377190833349907e-09,4921.0,BID
798,1712176701.5208583,11301975.21440326,4561.0,6.848753518114656e-10,4921.0,BID
799,1712176701.524732,11302253.98501109,4563.0,4.584867937641584e-09,4921.0,BID
800,1712176701.5284586,11302666.97850416,4564.0,6.792396944501027e-09,4921.0,BID
801,1712176710.1535764,11302688.88910889,4564.0,3.60358037399845e-10,4921.0,BID
802,1712176710.7621672,11302688.88910889,4564.0,0.0,4921.0,BID
803,1712176740.5053494,11302688.88910889,4564.0,0.0,4921.0,BID
804,1712176752.6826088,11302754.62092308,4563.0,1.080491053130402e-09,4921.0,BID
805,1712176754.9729536,11302982.57746696,4556.0,-3.747120160971849e-09,4921.0,ASK
806,1712176765.142529,11303105.2117023,4557.0,-2.015845686424999e-09,4921.0,ASK
807,1712176770.5248842,11303105.2117023,4557.0,-0.0,4921.0,ASK
808,1712176776.392918,11303212.06629036,4556.0,-1.756407107501465e-09,4921.0,ASK
809,1712176776.3998194,11303580.09126786,4557.0,-6.0493582723579435e-09,4921.0,ASK
810,1712176786.022473,11303607.53942454,4557.0,-4.5117517513827565e-10,4921.0,ASK
811,1712176786.0280883,11303611.68969884,4557.0,-6.821954404915693e-11,4921.0,ASK
812,1712176792.4430845,11303794.57417293,4557.0,3.0061375555162427e-09,4921.0,BID
813,1712176800.555873,11303794.57417293,4557.0,0.0,4921.0,BID
814,1712176803.4163172,11303801.15023606,4562.0,1.0819585017626864e-10,4921.0,BID
815,1712176830.4964983,11303801.15023606,4562.0,0.0,4921.0,BID
816,1712176832.963254,11303823.09449763,4557.0,-3.6104836862617836e-10,4921.0,ASK
817,1712176837.8930929,11304130.66727267,4557.0,-5.060486920924623e-09,4921.0,ASK
818,1712176838.5809577,11304297.47613498,4557.0,-2.744501901718345e-09,4921.0,ASK
819,1712176841.918783,11304302.47613498,4557.0,8.226487081422331e-11,4921.0,BID
820,1712176842.453244,11304303.79336878,4556.0,-2.1672413661790888e-11,4921.0,ASK
821,1712176842.4597218,11304306.20776737,4556.0,-3.972403762176981e-11,4921.0,ASK
822,1712176843.1729736,11304525.40987171,4557.0,3.6065265591675804e-09,4921.0,BID
823,1712176843.2135448,11304613.78054241,4557.0,1.453960361787688e-09,4921.0,BID
824,1712176843.2217147,11304744.40987171,4557.0,2.149240979875293e-09,4921.0,BID
825,1712176844.6709511,11304963.40987171,4557.0,3.603201341662981e-09,4921.0,BID
826,1712176846.2232642,11304964.50610143,4557.0,1.8036239243217783e-11,4921.0,BID
827,1712176849.8434875,11304985.93540142,4557.0,3.5257571905863155e-10,4921.0,BID
828,1712176849.8506904,11305008.38969715,4558.0,3.6943994749415477e-10,4921.0,BID
829,1712176852.5003574,11305018.14376632,4555.0,-1.604834480363344e-10,4921.0,ASK
1030,1712176852.51186,11305042.494818,4555.0,-4.0064722414137107e-10,4921.0,ASK
830,1712176852.51186,11305042.494818,4555.0,-4.006472241413711e-10,4921.0,ASK
831,1712176853.9645257,11305065.42256835,4554.0,-3.772296841049867e-10,4921.0,ASK
832,1712176853.971362,11305287.04013162,4554.0,-3.6462680425144355e-09,4921.0,ASK
833,1712176853.976735,11305928.18623325,4553.0,-1.0548760244747111e-08,4921.0,ASK
834,1712176853.9806485,11306147.77340935,4551.0,-3.6128621348557715e-09,4921.0,ASK
835,1712176853.9837484,11306257.50545018,4552.0,-1.8054184326114902e-09,4921.0,ASK
836,1712176853.9869983,11306696.33720934,4553.0,-7.220087595301478e-09,4921.0,ASK
837,1712176853.9902627,11308399.44150008,4551.0,-2.802113089218439e-08,4921.0,ASK
838,1712176856.333509,11308461.86507211,4551.0,-1.0270534177607208e-09,4921.0,ASK
839,1712176860.743249,11308461.86507211,4551.0,-0.0,4921.0,ASK
840,1712176874.8335888,11308495.49695977,4551.0,-5.53151443807706e-10,4921.0,ASK
841,1712176874.8401158,11308538.44786973,4551.0,-7.064235613934673e-10,4921.0,ASK
842,1712176878.4934947,11308576.73926854,4551.0,-6.297875026159046e-10,4921.0,ASK
843,1712176886.4138854,11308595.88496794,4551.0,-3.1489375123136395e-10,4921.0,ASK
844,1712176889.2240677,11308605.36292329,4551.0,-1.558861262754079e-10,4921.0,ASK
845,1712176889.2315135,11309084.90100706,4551.0,-7.887073900933267e-09,4921.0,ASK
846,1712176889.2359338,11309095.88496794,4551.0,-1.80655747932044e-10,4921.0,ASK
847,1712176889.9036722,11309105.45781764,4551.0,-1.5744687561568198e-10,4921.0,ASK
848,1712176890.7635188,11309105.45781764,4551.0,-0.0,4921.0,ASK
849,1712176920.4887342,11309105.45781764,4551.0,-0.0,4921.0,ASK
850,1712176949.687139,11309112.04832731,4552.0,-1.083904169976862e-10,4921.0,ASK
851,1712176950.5456696,11309112.04832731,4552.0,-0.0,4921.0,ASK
852,1712176972.7844365,11309262.04832731,4552.0,-2.466964672270963e-09,4921.0,ASK
853,1712176972.930198,11309415.45214949,4552.0,-2.5229453993940663e-09,4921.0,ASK
854,1712176980.5360658,11309415.45214949,4552.0,-0.0,4921.0,ASK
855,1712176990.96432,11309437.14817908,4553.0,-3.5681415215259233e-10,4921.0,ASK
856,1712176996.5743158,11309456.55871001,4558.0,3.192267095638509e-10,4921.0,BID
857,1712177010.5246897,11309456.55871001,4558.0,0.0,4921.0,BID
858,1712177012.644274,11309460.50781049,4558.0,6.49469339092024e-11,4921.0,BID
859,1712177013.8745944,11309496.89745811,4558.0,5.984643974547033e-10,4921.0,BID
860,1712177013.8804357,11309614.00719068,4558.0,1.925987475089759e-09,4921.0,BID
861,1712177022.0045,11309617.95629116,4558.0,6.49469339092024e-11,4921.0,BID
862,1712177028.8701308,11309727.65352678,4558.0,1.8040814987678366e-09,4921.0,BID
863,1712177034.1646428,11309760.63646837,4558.0,5.42437686435654e-10,4921.0,BID
864,1712177040.7594275,11309760.63646837,4558.0,0.0,4921.0,BID
865,1712177045.1944833,11309782.57110315,4559.0,3.6072893348578e-10,4921.0,BID
1065,1712177045.1944833,11309782.57110315,4559.0,3.6072893348578004e-10,4921.0,BID
1066,1712177046.884465,11309793.54082671,4559.0,1.804040377238552e-10,4921.0,BID
866,1712177046.884465,11309793.54082671,4559.0,1.8040403772385517e-10,4921.0,BID
867,1712177054.3648818,11309804.41485088,4558.0,-1.788302007587815e-10,4921.0,ASK
868,1712177054.3724043,11309980.5033512,4558.0,-2.89588669040936e-09,4921.0,ASK
869,1712177054.386439,11310026.00326685,4558.0,-7.4827487261113e-10,4921.0,ASK
870,1712177054.4457023,11310245.54223501,4555.0,-3.6104570983277447e-09,4921.0,ASK
871,1712177054.453005,11310249.49393643,4555.0,-6.498822767830859e-11,4921.0,ASK
872,1712177054.457566,11310469.08111253,4554.0,-3.6112499083812635e-09,4921.0,ASK
873,1712177054.4608822,11310512.98890616,4555.0,-7.220914196349166e-10,4921.0,ASK
874,1712177054.4642024,11310516.94147532,4554.0,-6.500249819990641e-11,4921.0,ASK
875,1712177054.4675648,11310736.37797002,4555.0,-3.6087718575039955e-09,4921.0,ASK
876,1712177054.4709153,11310740.33053885,4554.0,-6.500249277797572e-11,4921.0,ASK
877,1712177054.4743624,11310740.33053918,4554.0,-5.421930698260406e-18,4921.0,ASK
878,1712177054.5249307,11311385.59173559,4553.0,-1.0611728233909289e-08,4921.0,ASK
879,1712177054.5323331,11311409.58433387,4553.0,-3.9457344404471016e-10,4921.0,ASK
880,1712177054.537368,11311519.34715507,4553.0,-1.8051189738896163e-09,4921.0,ASK
881,1712177056.8147862,11311738.69350295,4555.0,3.607289336083095e-09,4921.0,BID
882,1712177070.7557702,11311738.69350295,4555.0,0.0,4921.0,BID
883,1712177075.3747673,11311855.02111986,4555.0,1.912797788275222e-09,4921.0,BID
884,1712177075.381534,11312836.38834378,4555.0,1.6136813469329667e-08,4921.0,BID
885,1712177088.95494,11312858.36153648,4555.0,3.613095111604669e-10,4921.0,BID
886,1712177093.1349533,11313513.36153648,4555.0,1.0770293285512576e-08,4921.0,BID
887,1712177095.3049054,11313532.82491126,4555.0,3.2004008349874156e-10,4921.0,BID
888,1712177100.556676,11313532.82491126,4555.0,0.0,4921.0,BID
889,1712177102.849542,11313886.52801921,4555.0,5.8283759280717125e-09,4921.0,BID
890,1712177102.853752,11313971.90284759,4555.0,1.4068199668168078e-09,4921.0,BID
891,1712177107.995231,11314268.21462583,4555.0,4.88267249191325e-09,4921.0,BID
892,1712177112.6949456,11314295.6981604,4555.0,4.528780429398345e-10,4921.0,BID
893,1712177116.0054543,11314296.8009984,4553.0,-1.817273953469694e-11,4921.0,ASK
894,1712177116.0130885,11314516.43640362,4553.0,-3.619187052500495e-09,4921.0,ASK
895,1712177117.6353009,11314734.88433333,4553.0,3.599619642684529e-09,4921.0,BID
896,1712177118.349849,11314831.95944355,4551.0,-1.599619067262121e-09,4921.0,ASK
897,1712177121.1752236,11314905.07678176,4553.0,1.2048390991481879e-09,4921.0,BID
898,1712177130.0621908,11315090.14857745,4551.0,-3.0496424111354754e-09,4921.0,ASK
899,1712177130.0700808,11315254.73175411,4551.0,-2.7120276962329127e-09,4921.0,ASK
900,1712177130.076572,11315417.38029289,4551.0,-2.680148426346057e-09,4921.0,ASK
901,1712177130.5255685,11315417.38029289,4551.0,-0.0,4921.0,ASK
902,1712177147.7840009,11315603.92167213,4555.0,3.073423878542778e-09,4921.0,BID
903,1712177147.7913263,11315721.92264589,4555.0,1.9441638735684e-09,4921.0,BID
904,1712177147.8750226,11315721.92264665,4555.0,1.2520958222319466e-17,4921.0,BID
905,1712177151.7957463,11315970.81818131,4554.0,-4.100760284971425e-09,4921.0,ASK
906,1712177151.8037412,11316507.75555918,4553.0,-8.846488458253116e-09,4921.0,ASK
907,1712177160.5449052,11316507.75555918,4553.0,-0.0,4921.0,ASK
908,1712177164.575232,11316531.22285955,4555.0,-3.8661160166375015e-10,4921.0,ASK
909,1712177167.0253603,11316636.30018955,4555.0,1.731094510587689e-09,4921.0,BID
910,1712177167.085272,11316636.30019054,4555.0,1.6325011968789657e-17,4921.0,BID
911,1712177171.8941662,11316729.34800245,4554.0,1.532914439511018e-09,4921.0,BID
912,1712177171.9014626,11317635.02779591,4555.0,1.4920604842421076e-08,4921.0,BID
913,1712177186.6571276,11317636.30019054,4555.0,-2.096204155478352e-11,4921.0,ASK
914,1712177186.775138,11317788.20968754,4555.0,2.5026301711913504e-09,4921.0,BID
1114,1712177186.775138,11317788.20968754,4555.0,2.50263017119135e-09,4921.0,BID
915,1712177186.795247,11317912.05443582,4555.0,2.040277992535634e-09,4921.0,BID
916,1712177190.502445,11317912.05443582,4555.0,0.0,4921.0,BID
917,1712177197.136696,11317914.24789929,4559.0,3.61323653969235e-11,4921.0,BID
918,1712177207.7654946,11317939.49731802,4559.0,4.159272473692033e-10,4921.0,BID
919,1712177218.275838,11317948.27887675,4555.0,-1.4465638156378448e-10,4921.0,ASK
920,1712177220.7453244,11317948.27887675,4555.0,-0.0,4921.0,ASK
921,1712177250.7582765,11317948.27887675,4555.0,-0.0,4921.0,ASK
922,1712177253.0561764,11318049.2668021,4555.0,-1.663543862719401e-09,4921.0,ASK
923,1712177253.065876,11318847.12289429,4555.0,-1.3142844561741668e-08,4921.0,ASK
924,1712177253.0712774,11319267.31027079,4555.0,-6.921620866456987e-09,4921.0,ASK
925,1712177257.5559657,11319267.31027175,4555.0,1.5801639911592605e-17,4921.0,BID
926,1712177257.559703,11319448.27887675,4555.0,2.981041655704541e-09,4921.0,BID
927,1712177268.4056463,11319478.27887675,4555.0,4.94181019248484e-10,4921.0,BID
928,1712177280.562645,11319478.27887675,4555.0,0.0,4921.0,BID
929,1712177285.406218,11319512.86278675,4561.0,5.69625003078225e-10,4921.0,BID
930,1712177286.1659265,11319670.84634275,4561.0,2.6021170993736043e-09,4921.0,BID
931,1712177305.6759715,11319670.84634301,4561.0,4.295098351887133e-18,4921.0,BID
932,1712177305.684054,11319712.76647046,4563.0,6.904584452071543e-10,4921.0,BID
933,1712177310.5180583,11319712.76647046,4563.0,0.0,4921.0,BID
934,1712177340.787074,11319712.76647046,4563.0,0.0,4921.0,BID
935,1712177347.4062796,11319714.95801111,4563.0,-3.6095813263619246e-11,4921.0,ASK
936,1712177347.4228373,11319816.2729355,4563.0,-1.6687094501465127e-09,4921.0,ASK
937,1712177349.8362525,11319832.8208864,4563.0,2.725533499836441e-10,4921.0,BID
938,1712177354.773008,11319837.92697149,4563.0,8.409987466404893e-11,4921.0,BID
939,1712177354.780795,11320052.11913201,4563.0,3.527856182657264e-09,4921.0,BID
940,1712177355.8463998,11320067.01146161,4563.0,2.4528440688389597e-10,4921.0,BID
941,1712177363.5460658,11320118.40500656,4563.0,8.464783905177748e-10,4921.0,BID
942,1712177370.7764003,11320118.40500656,4563.0,0.0,4921.0,BID
943,1712177372.826192,11320266.16711223,4563.0,2.433644469276752e-09,4921.0,BID
944,1712177378.5759594,11320826.1723151,4563.0,-9.22329550296242e-09,4921.0,ASK
945,1712177390.066185,11320877.25808998,4563.0,8.41383607330251e-10,4921.0,BID
946,1712177400.5478656,11320877.25808998,4563.0,0.0,4921.0,BID
947,1712177402.736683,11321279.46898998,4565.0,6.6301928298190255e-09,4921.0,BID
1147,1712177402.736683,11321279.46898998,4565.0,6.630192829819025e-09,4921.0,BID
948,1712177409.486453,11321359.49278877,4565.0,-1.319141815778841e-09,4921.0,ASK
949,1712177410.896406,11321399.42942622,4565.0,6.583302622294756e-10,4921.0,BID
950,1712177430.5327084,11321399.42942622,4565.0,0.0,4921.0,BID
951,1712177432.2298152,11321427.42942622,4564.0,-4.6154419179921926e-10,4921.0,ASK
952,1712177432.237148,11321707.00220126,4564.0,-4.608399660886411e-09,4921.0,ASK
953,1712177435.546465,11321898.25987482,4565.0,3.1526381560491117e-09,4921.0,BID
954,1712177460.7764127,11321898.25987482,4565.0,0.0,4921.0,BID
955,1712177472.5869217,11321916.87983758,4566.0,-3.069147548585709e-10,4921.0,ASK
956,1712177472.595905,11321959.68536763,4565.0,-7.055679397398391e-10,4921.0,ASK
957,1712177472.6033976,11322205.83264986,4565.0,-4.0572708850798115e-09,4921.0,ASK
958,1712177478.2065363,11322257.80676955,4565.0,-8.566947426065801e-10,4921.0,ASK
1158,1712177478.2065363,11322257.80676955,4565.0,-8.5669474260658e-10,4921.0,ASK
959,1712177485.036572,11322265.26314879,4565.0,-1.2290426335833596e-10,4921.0,ASK
960,1712177488.736731,11322276.44771765,4565.0,-1.8435639502215284e-10,4921.0,ASK
961,1712177490.772039,11322276.44771765,4565.0,-0.0,4921.0,ASK
1162,1712177494.7465255,11325776.44771765,4569.0,5.7689217105384664e-08,4921.0,BID
962,1712177494.7465255,11325776.44771765,4569.0,5.768921710538466e-08,4921.0,BID
963,1712177505.796752,11325778.99378906,4565.0,-4.196596181361062e-11,4921.0,ASK
964,1712177505.8047464,11325788.90004863,4569.0,-1.6328124544332718e-10,4921.0,ASK
965,1712177520.0292208,11325792.96668258,4570.0,6.702883679292422e-11,4921.0,BID
966,1712177520.0371027,11325857.25017334,4570.0,1.0595612156457596e-09,4921.0,BID
967,1712177520.0433846,11325898.2545344,4570.0,6.75859853551439e-10,4921.0,BID
968,1712177520.5239108,11325898.2545344,4570.0,0.0,4921.0,BID
969,1712177522.206836,11326308.68053173,4569.0,-6.7630566060135805e-09,4921.0,ASK
970,1712177522.2167566,11326508.68053173,4569.0,-3.295627786729672e-09,4921.0,ASK
971,1712177525.3468318,11326536.48245775,4569.0,4.58123999558661e-10,4921.0,BID
972,1712177528.6167305,11326700.43221153,4569.0,2.701586820922929e-09,4921.0,BID
973,1712177533.1773114,11327091.13904014,4565.0,-6.43812140417673e-09,4921.0,ASK
974,1712177533.1870198,11327391.13904014,4565.0,-4.94344168009451e-09,4921.0,ASK
975,1712177533.1921258,11328182.02920393,4565.0,-1.3032398000194697e-08,4921.0,ASK
976,1712177534.7467976,11328207.04408357,4570.0,4.1219866208887926e-10,4921.0,BID
977,1712177536.756849,11333761.55622634,4565.0,-9.152802279720085e-08,4921.0,ASK
978,1712177536.7651706,11333766.55622634,4569.0,-8.239069466824184e-11,4921.0,ASK
979,1712177538.986999,11333788.43806441,4570.0,3.6057196784482456e-10,4921.0,BID
980,1712177544.7571814,11334055.24754363,4565.0,-4.396523667398874e-09,4921.0,ASK
981,1712177544.7969196,11334056.6650138,4570.0,2.3357270398610128e-11,4921.0,BID
982,1712177544.8062131,11334077.75979745,4570.0,3.476027757716729e-10,4921.0,BID
983,1712177550.5467856,11334077.75979745,4570.0,0.0,4921.0,BID
984,1712177553.167014,11334081.18945649,4570.0,5.647964378922462e-11,4921.0,BID
985,1712177553.1789193,11334092.37402535,4570.0,1.8418754098937544e-10,4921.0,BID
986,1712177563.7425582,11334121.53305199,4570.0,-4.801910097546886e-10,4921.0,ASK
987,1712177563.7491748,11334125.47402535,4570.0,-6.489997079095752e-11,4921.0,ASK
988,1712177564.767254,11334132.47397102,4570.0,-1.1527514348245172e-10,4921.0,ASK
989,1712177564.775919,11334227.97402535,4565.0,-1.5726954156280475e-09,4921.0,ASK
1190,1712177572.956922,11334271.88181898,4565.0,-7.2307378500288e-10,4921.0,ASK
990,1712177572.956922,11334271.88181898,4565.0,-7.230737850028801e-10,4921.0,ASK
991,1712177577.6867256,11334379.2774166,4565.0,-1.768591287419798e-09,4921.0,ASK
992,1712177578.7671862,11334480.2774166,4565.0,-1.663268550928394e-09,4921.0,ASK
993,1712177580.7584398,11334480.2774166,4565.0,-0.0,4921.0,ASK
994,1712177590.9274762,11334502.15925467,4570.0,3.6033932326522877e-10,4921.0,BID
995,1712177594.6439335,11334809.85925467,4565.0,-5.067051927383338e-09,4921.0,ASK
996,1712177599.276959,11334809.85925468,4570.0,1.8403873305423724e-19,4921.0,BID
997,1712177599.3174162,11334871.78484968,4571.0,1.019760173845917e-09,4921.0,BID
998,1712177603.417493,11334909.1452308,4567.0,-6.152323404824977e-10,4921.0,ASK
999,1712177604.7482672,11334912.35512207,4572.0,5.2858907217001006e-11,4921.0,BID
1000,1712177606.6575778,11334963.95512207,4572.0,-8.4972336513398e-10,4921.0,ASK
1201,1712177610.2557275,11334974.44061575,4572.0,-1.7266994138212758e-10,4921.0,ASK
1202,1712177610.7694392,11334974.44061575,4572.0,-0.0,4921.0,ASK
1203,1712177615.6573837,11334985.82738804,4572.0,1.8750478464771043e-10,4921.0,BID
1204,1712177617.64714,11335030.62626916,4572.0,-7.376984752887101e-10,4921.0,ASK
1205,1712177621.3877752,11335039.67090524,4572.0,-1.4893707340696608e-10,4921.0,ASK
1206,1712177621.3905816,11336030.62626916,4572.0,-1.6317958011030997e-08,4921.0,ASK
1207,1712177628.0903575,11336120.62626916,4572.0,-1.482020557599416e-09,4921.0,ASK
1208,1712177629.1570227,11336294.65014916,4573.0,2.8656329741352107e-09,4921.0,BID
1209,1712177629.197728,11336294.6501496,4573.0,7.26925979370586e-18,4921.0,BID
1210,1712177640.5307176,11336294.6501496,4573.0,0.0,4921.0,BID
1211,1712177642.4171188,11336326.39618134,4573.0,-5.227066185147109e-10,4921.0,ASK
1212,1712177645.1072204,11336436.26214434,4575.0,1.8089714797264753e-09,4921.0,BID
1213,1712177645.1174462,11336456.26214434,4575.0,3.2930516973910006e-10,4921.0,BID
1214,1712177645.1199594,11336456.26214486,4575.0,8.556632544585403e-18,4921.0,BID
1215,1712177645.1671977,11336459.78016949,4576.0,5.7925184910330675e-11,4921.0,BID
1216,1712177645.177296,11336518.39715573,4576.0,9.65143830156836e-10,4921.0,BID
1217,1712177654.6371412,11336583.36598221,4577.0,1.0697285215907819e-09,4921.0,BID
1218,1712177656.4971595,11336896.19528821,4577.0,5.150815385567966e-09,4921.0,BID
1219,1712177656.507006,11336897.89528821,4577.0,2.7990939446224864e-11,4921.0,BID
1220,1712177661.3693676,11336914.39296136,4576.0,-2.7163845285054936e-10,4921.0,ASK
1221,1712177661.3790822,11337205.19528821,4577.0,-4.788135480172322e-09,4921.0,ASK
1222,1712177663.5770445,11337512.39528821,4576.0,-5.058127407210978e-09,4921.0,ASK
1223,1712177666.6472094,11337819.49528821,4576.0,-5.0564808813377484e-09,4921.0,ASK
1224,1712177668.297226,11337843.79528821,4576.0,-4.001057812452741e-10,4921.0,ASK
1225,1712177670.5276232,11337843.79528821,4576.0,-0.0,4921.0,ASK
1226,1712177673.8173933,11338080.29528821,4577.0,-3.893579143602832e-09,4921.0,ASK
1227,1712177674.787243,11338280.76207868,4577.0,-3.300352280577218e-09,4921.0,ASK
1228,1712177674.7899885,11338387.39528821,4576.0,-1.7555384382345335e-09,4921.0,ASK
1229,1712177676.1871884,11338489.79528821,4577.0,-1.685845684170742e-09,4921.0,ASK
1230,1712177679.0475018,11338598.07401254,4578.0,1.7826291025177219e-09,4921.0,BID
1231,1712177684.7075946,11339487.59015442,4578.0,1.4644403796715468e-08,4921.0,BID
1232,1712177692.1870637,11339515.38228718,4578.0,4.575512408816103e-10,4921.0,BID
1233,1712177692.3471668,11339933.04064891,4578.0,6.876050259536045e-09,4921.0,BID
1234,1712177696.0771518,11340021.97337062,4578.0,1.4641293464407562e-09,4921.0,BID
1235,1712177698.2129824,11340336.96861963,4578.0,5.185872862079241e-09,4921.0,BID
1236,1712177699.797225,11341293.96861963,4578.0,1.5755413278764952e-08,4921.0,BID
1237,1712177700.7488832,11341293.96861963,4578.0,0.0,4921.0,BID
1238,1712177701.1473367,11341527.08832255,4578.0,3.846310157066128e-09,4921.0,BID
1239,1712177702.697276,11341834.08832255,4577.0,-5.065282785740831e-09,4921.0,ASK
1240,1712177703.8569884,11342140.98832255,4577.0,-5.063632856500807e-09,4921.0,ASK
1241,1712177706.9697576,11342331.58832255,4577.0,-3.144765143193209e-09,4921.0,ASK
1242,1712177707.2772565,11342643.34991157,4577.0,-5.143845635572308e-09,4921.0,ASK
1243,1712177707.2796426,11343568.90028304,4577.0,-1.527092626691422e-08,4921.0,ASK
1244,1712177707.557155,11343634.43108251,4577.0,1.0812118256874752e-09,4921.0,BID
1245,1712177712.7973323,11343852.91480547,4577.0,3.604826843246828e-09,4921.0,BID
1246,1712177716.3175666,11343985.0921262,4577.0,2.18083227152676e-09,4921.0,BID
1247,1712177719.2676497,11344006.93572602,4578.0,3.6040394185484855e-10,4921.0,BID
1248,1712177721.037381,11344025.13572602,4577.0,-3.0028712279058365e-10,4921.0,ASK
1249,1712177730.8021595,11344025.13572602,4577.0,-0.0,4921.0,ASK
1250,1712177736.087771,11344332.13572602,4577.0,-5.0642382639741326e-09,4921.0,ASK
1251,1712177737.4274223,11345576.06245261,4578.0,2.0519678587561663e-08,4921.0,BID
1252,1712177740.707379,11346093.97371298,4578.0,8.543407238142214e-09,4921.0,BID
1253,1712177745.0281374,11346164.03512596,4577.0,-1.1557253694981344e-09,4921.0,ASK
1254,1712177748.7810209,11347756.16133804,4578.0,2.62635390367964e-08,4921.0,BID
1255,1712177748.7871535,11347794.38763773,4578.0,6.30576839024948e-10,4921.0,BID
1256,1712177760.5310326,11347794.38763773,4578.0,0.0,4921.0,BID
1257,1712177761.1975546,11348011.08763773,4578.0,-3.5736421824456222e-09,4921.0,ASK
1258,1712177762.3332365,11348054.58679202,4578.0,-7.17353081092052e-10,4921.0,ASK
1259,1712177762.3356934,11348318.08763773,4577.0,-4.345444104023675e-09,4921.0,ASK
1260,1712177762.947225,11348572.18763773,4577.0,-4.190412914449577e-09,4921.0,ASK
1261,1712177763.4876363,11348603.83182022,4581.0,5.218504170573175e-10,4921.0,BID
1262,1712177763.4907303,11348604.93182022,4580.0,1.814031564085101e-11,4921.0,BID
1263,1712177765.0383873,11348630.26939023,4577.0,-4.1784683427703807e-10,4921.0,ASK
1264,1712177766.5077322,11348652.31085561,4577.0,-3.6349012666959127e-10,4921.0,ASK
1265,1712177766.509356,11348737.46939023,4576.0,-1.404366089128663e-09,4921.0,ASK
1266,1712177766.5107627,11348937.46939023,4577.0,-3.298239208544448e-09,4921.0,ASK
1267,1712177766.9277844,11349156.67699181,4576.0,-3.614995531692691e-09,4921.0,ASK
1268,1712177766.9308815,11349157.76939023,4578.0,-1.8014956500588102e-11,4921.0,ASK
1269,1712177770.217951,11349173.43120762,4576.0,-2.5828210097158516e-10,4921.0,ASK
1270,1712177770.2212496,11349391.86939023,4578.0,-3.602306892654264e-09,4921.0,ASK
1271,1712177771.028557,11349413.72731372,4577.0,-3.6046330134497736e-10,4921.0,ASK
1272,1712177771.0317883,11349476.46939023,4576.0,-1.0346918838631806e-09,4921.0,ASK
1273,1712177772.1875176,11349555.55542651,4578.0,-1.3042233285319842e-09,4921.0,ASK
1274,1712177773.6776173,11349683.78712764,4578.0,-2.114694122227379e-09,4921.0,ASK
1275,1712177776.287644,11349714.12229542,4578.0,-5.002631988574024e-10,4921.0,ASK
1276,1712177776.2892208,11349716.20737564,4578.0,-3.438546666346715e-11,4921.0,ASK
1277,1712177776.3475382,11349716.20737624,4578.0,-9.890953313105852e-18,4921.0,ASK
1278,1712177776.3506286,11349955.15541364,4577.0,-3.940538928801006e-09,4921.0,ASK
1279,1712177776.4150207,11349955.15541369,4577.0,-7.986484041638269e-19,4921.0,ASK
1280,1712177776.427989,11350200.67912457,4576.0,-4.0489796492658025e-09,4921.0,ASK
1281,1712177776.4304764,11350411.87156169,4576.0,-3.482815883282613e-09,4921.0,ASK
1282,1712177776.571576,11350637.59181069,4576.0,-3.722396877086526e-09,4921.0,ASK
1283,1712177776.7721975,11350689.69878898,4576.0,-8.593063941706831e-10,4921.0,ASK
1284,1712177777.2978055,11350821.9422564,4576.0,-2.1808529465981714e-09,4921.0,ASK
1285,1712177777.3012044,11350883.11552079,4576.0,-1.0088202956264216e-09,4921.0,ASK
1286,1712177781.0475366,11350884.82061379,4576.0,2.8119022935461317e-11,4921.0,BID
1287,1712177785.6679688,11350934.82061361,4576.0,-8.245597991565391e-10,4921.0,ASK
1288,1712177785.6715133,11350982.99726679,4576.0,-7.944906322780933e-10,4921.0,ASK
1289,1712177790.5115695,11350982.99726679,4576.0,-0.0,4921.0,ASK
1290,1712177801.3885655,11350982.99726697,4576.0,-2.9788559781887285e-18,4921.0,ASK
1291,1712177801.3963878,11350984.99726697,4576.0,-3.29744562005533e-11,4921.0,ASK
1292,1712177801.399048,11351415.82250079,4576.0,-7.1031139013282675e-09,4921.0,ASK
1293,1712177801.407482,11351415.8225012,4576.0,-6.756168197953817e-18,4921.0,ASK
1294,1712177804.7981093,11351506.92250115,4574.0,-1.5019864791306044e-09,4921.0,ASK
1295,1712177804.997511,11351508.92250115,4575.0,3.29744562005533e-11,4921.0,BID
1296,1712177805.837994,11351547.62250115,4574.0,-6.380557274684223e-10,4921.0,ASK
1297,1712177805.8975918,11351573.30584182,4574.0,-4.2344709601232044e-10,4921.0,ASK
1298,1712177805.9074442,11351595.16376515,4574.0,-3.603765677215449e-10,4921.0,ASK
1299,1712177806.928677,11351837.61370036,4573.0,-3.997327384718887e-09,4921.0,ASK
1300,1712177806.9374335,11351837.61370052,4574.0,-2.6410475682910376e-18,4921.0,ASK
1301,1712177811.4082992,11351937.61370052,4576.0,-1.648722810027664e-09,4921.0,ASK
1302,1712177820.567701,11351937.61370052,4576.0,-0.0,4921.0,ASK
1303,1712177820.6708386,11352244.91370052,4573.0,-5.066160412928824e-09,4921.0,ASK
1304,1712177826.9653788,11352334.70993781,4573.0,-1.4803844536256867e-09,4921.0,ASK
1305,1712177826.968168,11352534.70993781,4573.0,-3.2972082088820366e-09,4921.0,ASK
1306,1712177826.969941,11352552.31370052,4572.0,-2.9021635455010846e-10,4921.0,ASK
1307,1712177832.9477465,11352859.71370052,4572.0,-5.067809017057831e-09,4921.0,ASK
1308,1712177835.1808257,11353041.91370052,4572.0,-3.0037566782792522e-09,4921.0,ASK
1309,1712177850.5376594,11353041.91370052,4572.0,-0.0,4921.0,ASK
1310,1712177861.15776,11353044.09853774,4577.0,3.601631788997242e-11,4921.0,BID
1311,1712177877.4351509,11353087.80483144,4576.0,7.204837747732341e-10,4921.0,BID
1312,1712177879.8579333,11353131.21150664,4576.0,7.155446630543004e-10,4921.0,BID
1313,1712177879.8614235,11353306.2885544,4577.0,2.886087141387601e-09,4921.0,BID
1314,1712177880.7615757,11353306.2885544,4577.0,0.0,4921.0,BID
1315,1712177881.708841,11353460.39225847,4572.0,-2.540297849589983e-09,4921.0,ASK
1316,1712177881.7123208,11353504.12722457,4572.0,-7.20942050055435e-10,4921.0,ASK
1317,1712177881.7177243,11353613.4885544,4573.0,-1.8027493412249103e-09,4921.0,ASK
1318,1712177881.9079769,11353904.80520763,4577.0,4.802162752775126e-09,4921.0,BID
1319,1712177882.7377863,11353915.72939377,4577.0,1.8007799830687587e-10,4921.0,BID
1320,1712177901.3079069,11353954.22939377,4572.0,-6.34647089108009e-10,4921.0,ASK
1321,1712177910.7654352,11353954.22939377,4572.0,-0.0,4921.0,ASK
1322,1712177913.4681122,11354261.62939377,4572.0,-5.067038534951943e-09,4921.0,ASK
1323,1712177918.5878687,11354568.92939377,4572.0,-5.065390181529133e-09,4921.0,ASK
1324,1712177921.2380624,11354723.72939377,4572.0,-2.551651155556728e-09,4921.0,ASK
1325,1712177923.248127,11354803.86856651,4572.0,-1.3209768263718362e-09,4921.0,ASK
1326,1712177923.251711,11354823.72939377,4572.0,-3.27376633282199e-10,4921.0,ASK
1327,1712177923.4081063,11354866.11527046,4574.0,6.986690648095759e-10,4921.0,BID
1328,1712177924.018042,11355019.08729843,4574.0,2.5215197153543123e-09,4921.0,BID
1329,1712177929.4180338,11355020.24656821,4574.0,1.910886352404457e-11,4921.0,BID
1330,1712177934.687912,11355327.54656821,4572.0,-5.06539018149843e-09,4921.0,ASK
1331,1712177935.367819,11355359.04656821,4572.0,-5.19231339791021e-10,4921.0,ASK
1332,1712177935.7481065,11355575.9893782,4574.0,3.575984313966206e-09,4921.0,BID
1333,1712177935.9906569,11355676.5989618,4574.0,-1.6584015520057602e-09,4921.0,ASK
1334,1712177939.548023,11355741.45052116,4576.0,1.068982922343232e-09,4921.0,BID
1335,1712177940.500733,11355741.45052116,4576.0,0.0,4921.0,BID
1336,1712177948.428142,11355970.46568332,4574.0,-3.774470885598921e-09,4921.0,ASK
1337,1712177948.4309976,11356048.75052116,4572.0,-1.290237023713506e-09,4921.0,ASK
1338,1712177952.3081608,11356070.60844465,4575.0,3.6024730874044844e-10,4921.0,BID
1339,1712177952.947914,11356092.61064487,4572.0,-3.6262517889725435e-10,4921.0,ASK
1340,1712177954.50812,11356179.99458287,4575.0,1.44020215402668e-09,4921.0,BID
1341,1712177954.5180204,11356186.83188261,4576.0,1.1268768656223108e-10,4921.0,BID
1342,1712177970.5024252,11356186.83188261,4576.0,0.0,4921.0,BID
1343,1712177973.2783897,11356283.82690139,4573.0,-1.598551728058024e-09,4921.0,ASK
1344,1712177973.2817912,11356350.33222674,4572.0,-1.0960583760252647e-09,4921.0,ASK
1345,1712177973.2852304,11356493.93188261,4572.0,-2.366631616048264e-09,4921.0,ASK
1346,1712177993.7490249,11356515.78502947,4575.0,3.6015649171615446e-10,4921.0,BID
1347,1712177993.758008,11356580.47949037,4576.0,1.066213951683497e-09,4921.0,BID
1348,1712177999.1581242,11356687.87949037,4572.0,-1.770033737364616e-09,4921.0,ASK
1349,1712178000.641194,11356818.6423982,4572.0,-2.155072238882345e-09,4921.0,ASK
1350,1712178000.6786249,11356818.6423982,4572.0,-0.0,4921.0,ASK
1351,1712178005.5797322,11356836.4423982,4572.0,-2.9376071855497185e-10,4921.0,ASK
1352,1712178007.228347,11357005.14994266,4572.0,-2.784249971325187e-09,4921.0,ASK
1353,1712178007.2322,11357143.8423982,4572.0,-2.288898617976917e-09,4921.0,ASK
1354,1712178016.748195,11357410.0423982,4572.0,-4.393208049664294e-09,4921.0,ASK
1355,1712178017.054424,11357452.59526199,4572.0,-7.022674069789613e-10,4921.0,ASK
1356,1712178017.057386,11357454.3423982,4572.0,-2.8833707235712e-11,4921.0,ASK
1357,1712178018.1783764,11357463.55922743,4572.0,-1.5210912232148664e-10,4921.0,ASK
1358,1712178018.181417,11357559.1423982,4572.0,-1.5774483668196843e-09,4921.0,ASK
1359,1712178026.1781278,11357576.6423982,4572.0,-2.8880969522667287e-10,4921.0,ASK
1360,1712178029.1139038,11357580.21123967,4572.0,-5.889805810526639e-11,4921.0,ASK
1361,1712178029.1169114,11357780.21123967,4570.0,-3.3006822311619754e-09,4921.0,ASK
1362,1712178029.1195872,11357884.0423982,4570.0,-1.713568300004122e-09,4921.0,ASK
1363,1712178030.5392077,11357884.0423982,4570.0,-0.0,4921.0,ASK
1364,1712178030.8421905,11357982.1423982,4570.0,-1.6188545137451019e-09,4921.0,ASK
1365,1712178031.0186691,11357999.02962041,4570.0,-2.7867437205679163e-10,4921.0,ASK
1366,1712178031.0217297,11358046.7850752,4570.0,-7.880645620929651e-10,4921.0,ASK
1367,1712178031.0486104,11358147.44117777,4570.0,-1.661035534949981e-09,4921.0,ASK
1368,1712178031.5023668,11360099.27254513,4570.0,-3.2209286636826785e-08,4921.0,ASK
1369,1712178031.509062,11360150.86098777,4570.0,-8.51316852407482e-10,4921.0,ASK
1370,1712178031.6184418,11360276.7653696,4570.0,-2.07768477903245e-09,4921.0,ASK
1371,1712178032.0622976,11360469.6653696,4569.0,-3.183252147780732e-09,4921.0,ASK
1372,1712178032.1847663,11360482.48485964,4569.0,-2.1154831105400303e-10,4921.0,ASK
1373,1712178032.1882415,11360508.45113234,4569.0,-4.284976326791882e-10,4921.0,ASK
1374,1712178033.0087495,11360769.69016474,4567.0,-4.310988651977099e-09,4921.0,ASK
1375,1712178033.0126526,11360791.25113234,4568.0,-3.55800914570827e-10,4921.0,ASK
1376,1712178044.2981744,11361419.86431452,4572.0,-1.0373428005695448e-08,4921.0,ASK
1377,1712178044.3380826,11361461.86431452,4572.0,-6.930875593910449e-10,4921.0,ASK
1378,1712178048.0987291,11361637.11874074,4575.0,2.892063393816812e-09,4921.0,BID
1379,1712178054.588236,11362050.75067892,4572.0,-6.8257892980793446e-09,4921.0,ASK
1380,1712178059.3482978,11364764.4686749,4572.0,-4.478200435023472e-08,4921.0,ASK
1381,1712178059.5484,11364962.9686749,4572.0,-3.275663822360057e-09,4921.0,ASK
1382,1712178060.7515302,11364962.9686749,4572.0,-0.0,4921.0,ASK
1383,1712178061.878338,11365270.3686749,4572.0,-5.070033540797923e-09,4921.0,ASK
1384,1712178062.0781715,11365329.16518055,4572.0,-9.69747090856915e-10,4921.0,ASK
1385,1712178064.706975,11365340.95875191,4572.0,-1.9451464656328104e-10,4921.0,ASK
1386,1712178064.714945,11365342.95875191,4569.0,-3.2986555242627056e-11,4921.0,ASK
1387,1712178064.7171035,11365636.96518055,4569.0,-4.849129650015964e-09,4921.0,ASK
1388,1712178069.2223067,11365944.76518055,4569.0,-5.076630851852593e-09,4921.0,ASK
1389,1712178070.3243556,11366038.01048006,4574.0,1.5379206116810883e-09,4921.0,BID
1390,1712178071.5084038,11366345.81048006,4569.0,-5.076630851852593e-09,4921.0,ASK
1391,1712178073.8583484,11366379.61048006,4569.0,-5.574727836126857e-10,4921.0,ASK
1392,1712178076.75537,11366543.57045381,4572.0,2.704237365821796e-09,4921.0,BID
1393,1712178084.5884914,11366575.97045381,4569.0,-5.343821949367022e-10,4921.0,ASK
1394,1712178090.766337,11366575.97045381,4569.0,-0.0,4921.0,ASK
1395,1712178094.1684787,11366883.57045381,4569.0,-5.0727154213423984e-09,4921.0,ASK
1396,1712178095.2047844,11367191.17045381,4570.0,-5.0727154213423984e-09,4921.0,ASK
1397,1712178106.6611166,11367464.97045381,4570.0,-4.515310410822531e-09,4921.0,ASK
1398,1712178110.289236,11367566.15813905,4570.0,-1.668713691052715e-09,4921.0,ASK
1399,1712178110.2961297,11367574.37964419,4571.0,-1.3558308164781296e-10,4921.0,ASK
1400,1712178113.0785446,11367882.17964419,4570.0,-5.076013675830339e-09,4921.0,ASK
1401,1712178113.518857,11367966.62156149,4573.0,1.3925546687161442e-09,4921.0,BID
1402,1712178113.522122,11368100.85447471,4573.0,2.2136715505369403e-09,4921.0,BID
1403,1712178118.3766072,11368122.73152568,4571.0,-3.6078040906332015e-10,4921.0,ASK
1404,1712178118.3807056,11368140.55447471,4570.0,-2.939231092193769e-10,4921.0,ASK
1405,1712178120.5531657,11368140.55447471,4570.0,-0.0,4921.0,ASK
1406,1712178120.7433906,11368448.35447471,4570.0,-5.075415176318085e-09,4921.0,ASK
1407,1712178123.4684086,11368631.5921268,4570.0,-3.0214657579123467e-09,4921.0,ASK
1408,1712178126.9191487,11368939.16490184,4570.0,-5.071668389394417e-09,4921.0,ASK
1409,1712178130.458294,11370683.25348579,4570.0,-2.8758848823266044e-08,4921.0,ASK
1410,1712178135.97844,11370835.38624484,4570.0,-2.5085669723935543e-09,4921.0,ASK
1411,1712178135.9883325,11370961.95348579,4570.0,-2.0870087574378247e-09,4921.0,ASK
1412,1712178136.1491373,11371054.20462558,4570.0,-1.521159307734758e-09,4921.0,ASK
1413,1712178136.1566763,11371269.52626083,4570.0,-3.550509081659657e-09,4921.0,ASK
1414,1712178136.868538,11371415.11108071,4570.0,-2.400595855281241e-09,4921.0,ASK
1415,1712178144.9889271,11371459.86858035,4569.0,-7.38021094640857e-10,4921.0,ASK
1416,1712178144.9911084,11372376.46215171,4569.0,-1.511401209415621e-08,4921.0,ASK
1417,1712178145.0283678,11372386.05337865,4569.0,-1.5815288751012183e-10,4921.0,ASK
1418,1712178145.032063,11372560.16215171,4569.0,-2.870936676764062e-09,4921.0,ASK
1419,1712178145.0486968,11372592.02956228,4569.0,-5.254721872595521e-10,4921.0,ASK
1420,1712178145.052928,11372867.5313535,4569.0,-4.542839416043611e-09,4921.0,ASK
1421,1712178145.0571766,11373049.61037308,4569.0,-3.002360686365814e-09,4921.0,ASK
1422,1712178145.2091992,11373158.76359755,4568.0,-1.799863326894827e-09,4921.0,ASK
1423,1712178145.2139072,11373205.05595708,4568.0,-7.63329902892348e-10,4921.0,ASK
1424,1712178145.8089287,11373512.62873212,4569.0,5.071668389394417e-09,4921.0,BID
1425,1712178145.9229257,11373642.69271812,4570.0,-2.1446677337023022e-09,4921.0,ASK
1426,1712178146.4484596,11373642.69271856,4570.0,-7.248448993505804e-18,4921.0,ASK
1427,1712178147.4797778,11373950.4927182,4567.0,-5.075415170359614e-09,4921.0,ASK
1428,1712178147.4907718,11373950.49271856,4568.0,-5.958470782797144e-18,4921.0,ASK
1429,1712178150.5480793,11373950.49271856,4568.0,-0.0,4921.0,ASK
1430,1712178158.6486344,11374053.19271856,4567.0,-1.6927129850198139e-09,4921.0,ASK
1431,1712178159.2046528,11374361.19271856,4567.0,-5.076490743815822e-09,4921.0,ASK
1432,1712178159.288632,11374365.29919923,4568.0,6.768347762014879e-11,4921.0,BID
1433,1712178164.278592,11374419.06977523,4567.0,-8.862526992036671e-10,4921.0,ASK
1434,1712178164.324866,11374443.02086348,4567.0,-3.9476453835483526e-10,4921.0,ASK
1435,1712178167.589225,11374566.55913292,4565.0,-2.0361716925900124e-09,4921.0,ASK
1436,1712178167.5935156,11374656.82086348,4565.0,-1.4877040250143683e-09,4921.0,ASK
1437,1712178170.1561625,11374781.19549654,4565.0,-2.0499567321379198e-09,4921.0,ASK
