,time,acc_trade_volume,trade_price,dev,high,ask_bid
0,1712173460.2636824,393691528.5535058,10.2,0.0,10.59,ASK
1,1712173470.4236398,393691528.5535058,10.2,-0.0,10.59,ASK
2,1712173500.3246317,393691528.5535058,10.2,-0.0,10.59,ASK
3,1712173505.1123574,393692137.1551059,10.2,-1.437497578706991e-07,10.59,ASK
4,1712173530.3024435,393692137.1551059,10.2,-0.0,10.59,ASK
5,1712173560.4434805,393692137.1551059,10.2,-0.0,10.59,ASK
6,1712173590.442435,393692137.1551059,10.2,-0.0,10.59,ASK
7,1712173620.3025258,393692137.1551059,10.2,-0.0,10.59,ASK
8,1712173632.6623762,393789567.76919216,10.2,-2.301276672167273e-05,10.59,ASK
9,1712173650.3039317,393789567.76919216,10.2,-0.0,10.59,ASK
10,1712173680.433266,393789567.76919216,10.2,-0.0,10.59,ASK
11,1712173695.1321466,393792137.1551059,10.2,6.067374528463088e-07,10.59,BID
12,1712173701.602513,393792873.8938092,10.2,-1.7397424103218224e-07,10.59,ASK
13,1712173710.433154,393792873.8938092,10.2,-0.0,10.59,ASK
14,1712173740.2935574,393792873.8938092,10.2,-0.0,10.59,ASK
15,1712173770.3024845,393792873.8938092,10.2,-0.0,10.59,ASK
16,1712173800.313703,393792873.8938092,10.2,-0.0,10.59,ASK
17,1712173830.2753353,393792873.8938092,10.2,-0.0,10.59,ASK
18,1712173860.4329948,393792873.8938092,10.2,-0.0,10.59,ASK
19,1712173890.4328663,393792873.8938092,10.2,-0.0,10.59,ASK
20,1712173920.2830868,393792873.8938092,10.2,-0.0,10.59,ASK
21,1712173950.2941694,393792873.8938092,10.2,-0.0,10.59,ASK
22,1712173980.432885,393792873.8938092,10.2,-0.0,10.59,ASK
23,1712174010.4228475,393792873.8938092,10.2,-0.0,10.59,ASK
24,1712174040.2835178,393792873.8938092,10.2,-0.0,10.59,ASK
25,1712174070.3036268,393792873.8938092,10.2,-0.0,10.59,ASK
26,1712174100.422716,393792873.8938092,10.2,-0.0,10.59,ASK
27,1712174117.9118707,393814486.6822846,10.2,-5.103889785908577e-06,10.59,ASK
28,1712174130.423543,393814486.6822846,10.2,-0.0,10.59,ASK
29,1712174160.3234844,393814486.6822846,10.2,-0.0,10.59,ASK
30,1712174190.323667,393814486.6822846,10.2,-0.0,10.59,ASK
31,1712174220.3251998,393814486.6822846,10.2,-0.0,10.59,ASK
32,1712174250.3134344,393814486.6822846,10.2,-0.0,10.59,ASK
33,1712174280.4277923,393814486.6822846,10.2,-0.0,10.59,ASK
34,1712174310.4238718,393814486.6822846,10.2,-0.0,10.59,ASK
35,1712174340.275182,393814486.6822846,10.2,-0.0,10.59,ASK
36,1712174370.2940352,393814486.6822846,10.2,-0.0,10.59,ASK
37,1712174400.3742435,393814486.6822846,10.2,-0.0,10.59,ASK
38,1712174430.2944765,393814486.6822846,10.2,-0.0,10.59,ASK
39,1712174460.4239385,393814486.6822846,10.2,-0.0,10.59,ASK
40,1712174490.4354415,393814486.6822846,10.2,-0.0,10.59,ASK
41,1712174520.2953186,393814486.6822846,10.2,-0.0,10.59,ASK
42,1712174550.2834616,393814486.6822846,10.2,-0.0,10.59,ASK
43,1712174580.4298658,393814486.6822846,10.2,-0.0,10.59,ASK
44,1712174587.7895784,393912787.4911076,10.2,-2.321663528474056e-05,10.59,ASK
45,1712174587.804859,393912787.4911081,10.2,-1.2669655357228514e-16,10.59,ASK
46,1712174588.8833475,393913847.16010815,10.18,-2.502720882035967e-07,10.59,ASK
47,1712174588.8845265,393954681.0813888,10.18,-9.644134864917697e-06,10.59,ASK
48,1712174610.424441,393954681.0813888,10.18,-0.0,10.59,ASK
49,1712174640.2772536,393954681.0813888,10.18,-0.0,10.59,ASK
50,1712174649.6035058,393969524.1638932,10.18,-3.504448841602956e-06,10.59,ASK
51,1712174657.8537245,394409254.8271874,10.18,-0.0001038203225744,10.59,ASK
52,1712174657.85525,394469524.1638932,10.18,-1.4229578468015692e-05,10.59,ASK
53,1712174670.2964976,394469524.1638932,10.18,-0.0,10.59,ASK
54,1712174675.0980372,394471596.9177994,10.21,4.887719692221557e-07,10.59,BID
55,1712174700.433341,394471596.9177994,10.21,0.0,10.59,BID
56,1712174730.4334283,394471596.9177994,10.21,0.0,10.59,BID
57,1712174754.313361,394498223.6955994,10.18,-6.284573927076682e-06,10.59,ASK
58,1712174754.4135644,394510102.0641861,10.18,-2.803586903251227e-06,10.59,ASK
59,1712174754.4156473,394533169.5759414,10.18,-5.444499669790588e-06,10.59,ASK
60,1712174754.493276,394559796.35374206,10.18,-6.284573927231431e-06,10.59,ASK
61,1712174760.305563,394559796.35374206,10.18,-0.0,10.59,ASK
62,1712174790.3009408,394559796.35374206,10.18,-0.0,10.59,ASK
63,1712174808.7037046,394563385.7974421,10.17,-8.470174260988446e-07,10.59,ASK
64,1712174808.786417,394589878.53564304,10.17,-6.251612449358837e-06,10.59,ASK
65,1712174808.787828,394788955.7234503,10.17,-4.697715337080591e-05,10.59,ASK
66,1712174808.7892096,394821489.61471903,10.17,-7.677170934120002e-06,10.59,ASK
67,1712174808.790532,395113820.17021805,10.17,-6.898257651673174e-05,10.59,ASK
68,1712174808.8678267,395220805.4310904,10.17,-2.524580070560245e-05,10.59,ASK
69,1712174820.4459689,395220805.4310904,10.17,-0.0,10.59,ASK
70,1712174850.433635,395220805.4310904,10.17,-0.0,10.59,ASK
71,1712174851.8136404,395221788.7152594,10.18,2.316625636102592e-07,10.59,BID
72,1712174880.2949207,395221788.7152594,10.18,0.0,10.59,BID
73,1712174910.277408,395221788.7152594,10.18,0.0,10.59,BID
74,1712174940.4243536,395221788.7152594,10.18,0.0,10.59,BID
75,1712174970.423382,395221788.7152594,10.18,0.0,10.59,BID
76,1712175000.3347893,395221788.7152594,10.18,0.0,10.59,BID
77,1712175030.2952008,395221788.7152594,10.18,0.0,10.59,BID
78,1712175060.425072,395221788.7152594,10.18,0.0,10.59,BID
79,1712175071.5235636,395242423.3910945,10.18,4.861565037595296e-06,10.59,BID
80,1712175090.4348876,395242423.3910945,10.18,0.0,10.59,BID
81,1712175120.294879,395242423.3910945,10.18,0.0,10.59,BID
82,1712175150.2935522,395242423.3910945,10.18,0.0,10.59,BID
83,1712175180.4272892,395242423.3910945,10.18,0.0,10.59,BID
84,1712175200.60405,395243405.7093656,10.18,2.3142441704951426e-07,10.59,BID
85,1712175200.60577,395722771.0335306,10.18,0.0001129337038334,10.59,BID
86,1712175210.445139,395722771.0335306,10.18,0.0,10.59,BID
87,1712175218.1937642,395723753.3518017,10.21,2.311581180419173e-07,10.59,BID
88,1712175220.3633003,395725823.7908261,10.21,4.872135665990079e-07,10.59,BID
89,1712175240.315587,395725823.7908261,10.21,0.0,10.59,BID
90,1712175270.3050113,395725823.7908261,10.21,0.0,10.59,BID
91,1712175300.335251,395725823.7908261,10.21,0.0,10.59,BID
92,1712175312.6538556,395730708.1263273,10.21,1.1494010934344593e-06,10.59,BID
93,1712175316.103741,395732428.7433694,10.21,4.049023882810976e-07,10.59,BID
94,1712175330.2837534,395732428.7433694,10.21,0.0,10.59,BID
95,1712175360.4447775,395732428.7433694,10.21,0.0,10.59,BID
96,1712175361.983677,395733357.68151015,10.16,-2.1859791788708921e-07,10.59,ASK
97,1712175390.449545,395733357.68151015,10.16,-0.0,10.59,ASK
98,1712175409.3335354,395734440.35867554,10.21,2.547752515280524e-07,10.59,BID
99,1712175420.2955935,395734440.35867554,10.21,0.0,10.59,BID
100,1712175450.2944996,395734440.35867554,10.21,0.0,10.59,BID
101,1712175480.4252284,395734440.35867554,10.21,0.0,10.59,BID
102,1712175487.009964,395742388.4450347,10.19,-1.870336327934487e-06,10.59,ASK
103,1712175510.4348922,395742388.4450347,10.19,-0.0,10.59,ASK
104,1712175540.2848012,395742388.4450347,10.19,-0.0,10.59,ASK
105,1712175570.3140223,395742388.4450347,10.19,-0.0,10.59,ASK
106,1712175572.2933776,395744466.9954754,10.2,4.891132446230112e-07,10.59,BID
107,1712175600.3253765,395744466.9954754,10.2,0.0,10.59,BID
108,1712175630.275232,395744466.9954754,10.2,0.0,10.59,BID
109,1712175649.0933518,395745447.38763225,10.2,2.307136078299555e-07,10.59,BID
110,1712175660.4349475,395745447.38763225,10.2,0.0,10.59,BID
111,1712175690.4352803,395745447.38763225,10.2,0.0,10.59,BID
112,1712175720.285345,395745447.38763225,10.2,0.0,10.59,BID
113,1712175750.2931674,395745447.38763225,10.2,0.0,10.59,BID
114,1712175780.4248643,395745447.38763225,10.2,0.0,10.59,BID
115,1712175810.425025,395745447.38763225,10.2,0.0,10.59,BID
116,1712175840.3035176,395745447.38763225,10.2,0.0,10.59,BID
117,1712175855.8788047,395746615.9162323,10.2,2.7498671103654575e-07,10.59,BID
118,1712175855.8805509,395748678.9855545,10.2,4.854965873680636e-07,10.59,BID
119,1712175855.8822474,395749368.9562597,10.21,1.6236896121460793e-07,10.59,BID
120,1712175870.3080988,395749368.9562597,10.21,0.0,10.59,BID
121,1712175900.4346764,395749368.9562597,10.21,0.0,10.59,BID
122,1712175930.4454937,395749368.9562597,10.21,0.0,10.59,BID
123,1712175960.2856555,395749368.9562597,10.21,0.0,10.59,BID
124,1712175990.3033526,395749368.9562597,10.21,0.0,10.59,BID
125,1712176020.4391286,395749368.9562597,10.21,0.0,10.59,BID
126,1712176050.4244351,395749368.9562597,10.21,0.0,10.59,BID
127,1712176080.2966485,395749368.9562597,10.21,0.0,10.59,BID
128,1712176110.2864556,395749368.9562597,10.21,0.0,10.59,BID
129,1712176140.4341514,395749368.9562597,10.21,0.0,10.59,BID
130,1712176170.4349334,395749368.9562597,10.21,0.0,10.59,BID
131,1712176200.5205944,395749368.9562597,10.21,0.0,10.59,BID
132,1712176230.4270222,395749368.9562597,10.21,0.0,10.59,BID
133,1712176250.7457738,395750348.3881892,10.21,2.308683358556147e-07,10.59,BID
134,1712176260.3097756,395750348.3881892,10.21,0.0,10.59,BID
135,1712176267.8465967,395760348.3881892,10.21,2.3571601528971234e-06,10.59,BID
136,1712176290.3188462,395760348.3881892,10.21,0.0,10.59,BID
137,1712176320.4584408,395760348.3881892,10.21,0.0,10.59,BID
138,1712176350.438193,395760348.3881892,10.21,0.0,10.59,BID
139,1712176380.3198586,395760348.3881892,10.21,0.0,10.59,BID
140,1712176407.4185307,395760953.3621892,10.2,1.4259862877763778e-07,10.59,BID
141,1712176407.4281285,395761365.1364752,10.21,9.70594579964615e-08,10.59,BID
142,1712176409.9982398,395762381.47453535,10.21,2.395613922941804e-07,10.59,BID
143,1712176410.3087158,395762381.47453535,10.21,0.0,10.59,BID
144,1712176440.4440205,395762381.47453535,10.21,0.0,10.59,BID
145,1712176458.8690135,395767278.6341828,10.2,1.1543055317968322e-06,10.59,BID
146,1712176470.4390905,395767278.6341828,10.2,0.0,10.59,BID
147,1712176471.169517,395767768.9283004,10.19,1.1556546847044601e-07,10.59,BID
148,1712176497.3697405,395769268.3329521,10.2,3.534192941951141e-07,10.59,BID
149,1712176497.3719983,395769845.4449344,10.19,1.3602899606898765e-07,10.59,BID
150,1712176499.8395505,395771923.9953752,10.2,4.899276715446229e-07,10.59,BID
151,1712176500.301585,395771923.9953752,10.2,0.0,10.59,BID
152,1712176530.303325,395771923.9953752,10.2,0.0,10.59,BID
153,1712176552.930252,395786394.3092378,10.2,3.410998924131469e-06,10.59,BID
154,1712176560.4421644,395786394.3092378,10.2,0.0,10.59,BID
155,1712176590.45253,395786394.3092378,10.2,0.0,10.59,BID
156,1712176620.3144891,395786394.3092378,10.2,0.0,10.59,BID
157,1712176620.5223277,395787292.1332378,10.19,2.116312182695131e-07,10.59,BID
158,1712176620.5238893,395789335.4857084,10.19,4.816502707676788e-07,10.59,BID
159,1712176636.7415097,395803335.4857084,10.19,3.300019887828836e-06,10.59,BID
160,1712176650.2960231,395803335.4857084,10.19,0.0,10.59,BID
161,1712176680.4560275,395803335.4857084,10.19,0.0,10.59,BID
162,1712176703.612462,395804343.3669084,10.18,2.375637620183528e-07,10.59,BID
163,1712176703.6141698,395804611.4617462,10.19,6.31915926607888e-08,10.59,BID
164,1712176703.615486,395805298.19424623,10.18,1.618670496103281e-07,10.59,BID
165,1712176707.047919,395806280.5125173,10.19,2.3153842335624945e-07,10.59,BID
166,1712176710.4435773,395806280.5125173,10.19,0.0,10.59,BID
167,1712176719.10215,395820998.373165,10.19,3.469065229528064e-06,10.59,BID
168,1712176740.30608,395820998.373165,10.19,0.0,10.59,BID
169,1712176770.3028417,395820998.373165,10.19,0.0,10.59,BID
170,1712176800.3570302,395820998.373165,10.19,0.0,10.59,BID
171,1712176830.30328,395820998.373165,10.19,0.0,10.59,BID
172,1712176860.435423,395820998.373165,10.19,0.0,10.59,BID
173,1712176871.4639077,395821542.9651021,10.17,-1.2835850707478412e-07,10.59,ASK
174,1712176871.4664297,395903823.1126701,10.17,-1.939315693993552e-05,10.59,ASK
175,1712176875.5833635,395904411.92523146,10.19,1.3878116104125985e-07,10.59,BID
176,1712176875.823532,395920774.1305524,10.17,-3.856517338040632e-06,10.59,ASK
177,1712176875.8833995,395921755.4848213,10.18,2.313019350734493e-07,10.59,BID
178,1712176888.324579,395930919.78922135,10.18,2.159996046775196e-06,10.59,BID
179,1712176888.3272157,395931226.309457,10.19,7.224579939479967e-08,10.59,BID
180,1712176888.3296888,395936490.2588881,10.18,1.2406953616265088e-06,10.59,BID
181,1712176890.4488246,395936490.2588881,10.18,0.0,10.59,BID
182,1712176891.7933896,395937472.5771592,10.19,2.3146505944847882e-07,10.59,BID
183,1712176920.296721,395937472.5771592,10.19,0.0,10.59,BID
184,1712176950.323892,395937472.5771592,10.19,0.0,10.59,BID
185,1712176960.624258,395937472.5771593,10.17,-1.4044694588028317e-17,10.59,ASK
186,1712176960.7473702,395942461.5524592,10.17,1.1755566140712314e-06,10.59,BID
187,1712176961.2539968,395943389.74390817,10.18,2.1871056305297345e-07,10.59,BID
188,1712176961.3139503,395944525.1215081,10.17,-2.6753001705724066e-07,10.59,ASK
189,1712176961.340134,395946191.16470814,10.17,-3.925712166033633e-07,10.59,ASK
190,1712176965.0451362,395947172.51897705,10.19,2.312373648298012e-07,10.59,BID
191,1712176980.3241358,395947172.51897705,10.19,0.0,10.59,BID
192,1712177010.307327,395947172.51897705,10.19,0.0,10.59,BID
193,1712177033.5346751,395948091.82077706,10.18,2.1661085079257259e-07,10.59,BID
194,1712177033.536704,395948153.8732459,10.18,1.4621137550506386e-08,10.59,BID
195,1712177040.4463658,395948153.8732459,10.18,0.0,10.59,BID
196,1712177070.4377167,395948153.8732459,10.18,0.0,10.59,BID
197,1712177100.3283029,395948153.8732459,10.18,0.0,10.59,BID
198,1712177118.2624266,395948656.432301,10.16,-1.1843770981087154e-07,10.59,ASK
199,1712177118.2697806,395949640.6842696,10.16,-2.3195791187494706e-07,10.59,ASK
200,1712177118.271142,396321290.4146635,10.16,-8.75864089377274e-05,10.59,ASK
201,1712177118.272486,396322274.666632,10.16,-2.3195791187494706e-07,10.59,ASK
202,1712177130.3156202,396322274.666632,10.16,-0.0,10.59,ASK
203,1712177132.0153224,396323256.9849032,10.17,2.312950060711072e-07,10.59,BID
204,1712177132.1159906,396345202.8967031,10.16,-5.167347439251684e-06,10.59,ASK
205,1712177132.118521,396375004.95170313,10.16,-7.017141688729212e-06,10.59,ASK
206,1712177135.9548151,396375988.23587227,10.17,2.3152243478244725e-07,10.59,BID
207,1712177147.0855453,396555392.805801,10.16,-4.2242297948747285e-05,10.59,ASK
208,1712177147.088652,396858086.9987143,10.16,-7.127186497803676e-05,10.59,ASK
209,1712177147.0916352,396868114.2201242,10.16,-2.3609926690361013e-06,10.59,ASK
210,1712177157.0254705,396875617.4257861,10.16,-1.7666921710319988e-06,10.59,ASK
211,1712177157.0281408,397163389.8106754,10.16,-6.775840118647132e-05,10.59,ASK
212,1712177160.3367257,397163389.8106754,10.16,-0.0,10.59,ASK
213,1712177161.5858428,397164373.0948445,10.17,2.310575083060695e-07,10.59,BID
214,1712177190.307548,397164373.0948445,10.17,0.0,10.59,BID
215,1712177192.6165583,397164974.2542933,10.16,-1.4126341325831482e-07,10.59,ASK
216,1712177192.6193233,397177471.0486315,10.16,-2.936558389813596e-06,10.59,ASK
217,1712177195.8455994,397191471.0486315,10.16,3.2897890726928183e-06,10.59,BID
218,1712177196.5154002,397192061.59981257,10.16,1.3877063016972153e-07,10.59,BID
219,1712177198.865618,397206061.59981257,10.16,3.2897890726928183e-06,10.59,BID
220,1712177220.449726,397206061.59981257,10.16,0.0,10.59,BID
221,1712177240.9759755,397212605.0128807,10.16,1.5374504653497057e-06,10.59,BID
222,1712177240.9791317,397220061.59981257,10.16,1.7520112102058272e-06,10.59,BID
223,1712177249.965861,397234061.59981257,10.16,3.2894616755555325e-06,10.59,BID
224,1712177250.4359565,397234061.59981257,10.16,0.0,10.59,BID
225,1712177280.346074,397234061.59981257,10.16,0.0,10.59,BID
226,1712177303.8759146,397234652.1509937,10.16,1.387475456990922e-07,10.59,BID
227,1712177310.3102276,397234652.1509937,10.16,0.0,10.59,BID
228,1712177319.805859,397235636.4029622,10.18,2.312455835033504e-07,10.59,BID
229,1712177340.4760294,397235636.4029622,10.18,0.0,10.59,BID
230,1712177359.9659991,397236348.0988686,10.15,-1.6720936609094058e-07,10.59,ASK
231,1712177363.6060746,397239295.053682,10.18,6.923721800408204e-07,10.59,BID
232,1712177364.6522555,397241375.6419173,10.18,4.888237192248788e-07,10.59,BID
233,1712177370.4474716,397241375.6419173,10.18,0.0,10.59,BID
234,1712177372.4261496,397242377.6065538,10.18,2.35403311059693e-07,10.59,BID
235,1712177400.321912,397242377.6065538,10.18,0.0,10.59,BID
236,1712177430.3121996,397242377.6065538,10.18,0.0,10.59,BID
237,1712177460.471171,397242377.6065538,10.18,0.0,10.59,BID
238,1712177490.458757,397242377.6065538,10.18,0.0,10.59,BID
239,1712177520.2997985,397242377.6065538,10.18,0.0,10.59,BID
240,1712177550.3283129,397242377.6065538,10.18,0.0,10.59,BID
241,1712177580.4428773,397242377.6065538,10.18,0.0,10.59,BID
242,1712177610.4569678,397242377.6065538,10.18,0.0,10.59,BID
243,1712177622.1378362,397416569.8652232,10.18,4.102520783608771e-05,10.59,BID
244,1712177622.1419573,397714770.1002242,10.19,7.023117279228486e-05,10.59,BID
245,1712177622.1439142,397715754.3521927,10.18,2.318078993829177e-07,10.59,BID
246,1712177622.1457603,397942672.9021203,10.2,5.344313658801958e-05,10.59,BID
247,1712177622.1476438,397972072.9021203,10.19,6.924194677734106e-06,10.59,BID
248,1712177640.327969,397972072.9021203,10.19,0.0,10.59,BID
249,1712177670.3388543,397972072.9021203,10.19,0.0,10.59,BID
250,1712177686.747501,397974147.3889238,10.2,4.877223844240288e-07,10.59,BID
251,1712177700.438672,397974147.3889238,10.2,0.0,10.59,BID
252,1712177730.4736817,397974147.3889238,10.2,0.0,10.59,BID
253,1712177760.3093903,397974147.3889238,10.2,0.0,10.59,BID
254,1712177790.3010914,397974147.3889238,10.2,0.0,10.59,BID
255,1712177820.339696,397974147.3889238,10.2,0.0,10.59,BID
256,1712177825.7676415,398134485.203537,10.17,-3.770092983221985e-05,10.59,ASK
257,1712177850.3230853,398134485.203537,10.17,-0.0,10.59,ASK
258,1712177880.4491117,398134485.203537,10.17,-0.0,10.59,ASK
259,1712177910.4498749,398134485.203537,10.17,-0.0,10.59,ASK
260,1712177915.9829905,398162367.2219297,10.17,-6.553507885593063e-06,10.59,ASK
261,1712177940.3019135,398162367.2219297,10.17,-0.0,10.59,ASK
262,1712177970.3038652,398162367.2219297,10.17,-0.0,10.59,ASK
263,1712178000.4176776,398162367.2219297,10.17,-0.0,10.59,ASK
264,1712178030.3200994,398162367.2219297,10.17,-0.0,10.59,ASK
265,1712178060.4397523,398162367.2219297,10.17,-0.0,10.59,ASK
266,1712178090.4644823,398162367.2219297,10.17,-0.0,10.59,ASK
267,1712178120.3300264,398162367.2219297,10.17,-0.0,10.59,ASK
268,1712178150.328833,398162367.2219297,10.17,-0.0,10.59,ASK
269,1712178156.2605095,398188718.0229067,10.16,-6.193627981166492e-06,10.59,ASK
270,1712178180.450718,398188718.0229067,10.16,-0.0,10.59,ASK
271,1712178210.4482732,398188718.0229067,10.16,-0.0,10.59,ASK
272,1712178240.3272552,398188718.0229067,10.16,-0.0,10.59,ASK
273,1712178270.2903416,398188718.0229067,10.16,-0.0,10.59,ASK
274,1712178282.0167248,398188718.0229072,10.16,-9.806230811551512e-17,10.59,ASK
275,1712178300.4586444,398188718.0229072,10.16,-0.0,10.59,ASK
276,1712178307.2760448,398190688.4662569,10.15,-4.632297066025251e-07,10.59,ASK
277,1712178307.2784584,398415386.986108,10.15,-5.282416743232243e-05,10.59,ASK
278,1712178307.2808774,398469574.1782262,10.15,-1.27388169314083e-05,10.59,ASK
279,1712178323.240257,398759910.55116266,10.15,-6.82549096712262e-05,10.59,ASK
280,1712178323.243357,398760435.08318233,10.15,-1.2331174788905864e-07,10.59,ASK
281,1712178330.4549236,398760435.08318233,10.15,-0.0,10.59,ASK
282,1712178342.325135,398765366.0496517,10.14,-1.1576370972225392e-06,10.59,ASK
283,1712178342.3275945,398807243.3451824,10.14,-9.831482557905818e-06,10.59,ASK
284,1712178360.3035555,398807243.3451824,10.14,-0.0,10.59,ASK
285,1712178373.123912,398808486.83486855,10.14,-2.919000592367787e-07,10.59,ASK
286,1712178373.2037354,398811366.19946855,10.14,-6.759096650649153e-07,10.59,ASK
287,1712178390.330709,398811366.19946855,10.14,-0.0,10.59,ASK
288,1712178405.1532,398821228.1324074,10.14,-2.3149935145579383e-06,10.59,ASK
289,1712178420.3441348,398821228.1324074,10.14,-0.0,10.59,ASK
290,1712178421.7986798,398844980.81720746,10.14,-5.57558248088804e-06,10.59,ASK
291,1712178434.7134228,398854633.32686,10.14,-2.2657802336092426e-06,10.59,ASK
292,1712178434.7165892,398895472.20821947,10.14,-9.586307963254547e-06,10.59,ASK
293,1712178434.8126888,398900649.31951946,10.13,-1.2152483522959775e-06,10.59,ASK
294,1712178434.8385625,398901634.86701393,10.13,-2.313423257420297e-07,10.59,ASK
295,1712178434.8439016,398914290.9245195,10.13,-2.9708175349070205e-06,10.59,ASK
296,1712178450.2966137,398914290.9245195,10.13,-0.0,10.59,ASK
297,1712178480.4436047,398914290.9245195,10.13,-0.0,10.59,ASK
298,1712178510.4574115,398914290.9245195,10.13,-0.0,10.59,ASK
299,1712178519.52129,398951827.7025215,10.14,8.809238348400891e-06,10.59,BID
300,1712178524.391622,398953777.5977672,10.14,-4.576069894206414e-07,10.59,ASK
301,1712178524.3949857,399146562.5160642,10.13,-4.524331564002757e-05,10.59,ASK
302,1712178540.303582,399146562.5160642,10.13,-0.0,10.59,ASK
303,1712178570.318802,399146562.5160642,10.13,-0.0,10.59,ASK
304,1712178600.312227,399146562.5160642,10.13,-0.0,10.59,ASK
305,1712178630.3053482,399146562.5160642,10.13,-0.0,10.59,ASK
306,1712178660.3116472,399146562.5160642,10.13,-0.0,10.59,ASK
307,1712178690.3121378,399146562.5160642,10.13,-0.0,10.59,ASK
308,1712178720.4479926,399146562.5160642,10.13,-0.0,10.59,ASK
309,1712178750.457594,399146562.5160642,10.13,-0.0,10.59,ASK
310,1712178754.398278,399148643.1042995,10.16,4.88129035594982e-07,10.59,BID
311,1712178780.3143785,399148643.1042995,10.16,0.0,10.59,BID
312,1712178780.6285448,399156593.9206788,10.19,1.865340300513534e-06,10.59,BID
313,1712178780.6311426,399197791.676932,10.17,9.665401810785772e-06,10.59,BID
314,1712178781.7277052,399199239.331432,10.19,3.3963408928817325e-07,10.59,BID
315,1712178781.731383,399199874.3069614,10.19,1.4897155064131474e-07,10.59,BID
316,1712178786.227801,399201952.85740215,10.19,4.876485279966253e-07,10.59,BID
317,1712178788.8373332,399204031.4078429,10.19,4.876485279966253e-07,10.59,BID
318,1712178790.657446,399204406.345932,10.19,8.796419065545583e-08,10.59,BID
319,1712178790.6590748,399206109.95828366,10.2,3.996843373551533e-07,10.59,BID
320,1712178792.587619,399207662.9955279,10.21,3.6435792522452107e-07,10.59,BID
321,1712178792.591618,399208184.44508713,10.21,1.2233723320854945e-07,10.59,BID
322,1712178810.3197348,399208184.44508713,10.21,0.0,10.59,BID
323,1712178840.44313,399208184.44508713,10.21,0.0,10.59,BID
324,1712178844.6145494,399449004.8929218,10.16,-5.649083216240619e-05,10.59,ASK
325,1712178844.6172986,399480504.8929218,10.17,-7.389161631064821e-06,10.59,ASK
326,1712178844.707428,399495071.6723218,10.15,-3.4170249977968e-06,10.59,ASK
327,1712178844.710758,399614406.5149218,10.15,-2.799315683139654e-05,10.59,ASK
328,1712178849.9268565,400080831.5149218,10.15,-0.0001094123718656,10.59,ASK
329,1712178850.0184605,400094372.63885176,10.15,-3.176430266186756e-06,10.59,ASK
330,1712178856.5575185,400096453.2270871,10.16,4.880572304273496e-07,10.59,BID
331,1712178866.5842383,400127953.2270871,10.19,7.389161631064821e-06,10.59,BID
332,1712178866.5880165,400167439.9003349,10.2,9.262647965101646e-06,10.59,BID
333,1712178866.5898297,400477439.9003349,10.14,-7.271873351206649e-05,10.59,ASK
334,1712178866.5916836,400480789.1341996,10.16,7.856517576725786e-07,10.59,BID
335,1712178866.593506,400510889.1341996,10.14,-7.060754447461941e-06,10.59,ASK
336,1712178866.5953584,400526852.8925995,10.16,3.7447235256062905e-06,10.59,BID
337,1712178866.5972018,400535990.6175447,10.2,2.1434960812763136e-06,10.59,BID
338,1712178866.6902642,400566090.6175447,10.14,7.060754447461941e-06,10.59,BID
339,1712178866.7907016,400579789.431734,10.14,3.2134207047089257e-06,10.59,BID
340,1712178867.3066683,400580381.1477103,10.14,1.388026980491484e-07,10.59,BID
341,1712178870.437827,400580381.1477103,10.14,0.0,10.59,BID
342,1712178900.338457,400580381.1477103,10.14,0.0,10.59,BID
343,1712178926.818999,400603455.8716103,10.13,-5.397618969607937e-06,10.59,ASK
344,1712178930.3075955,400603455.8716103,10.13,-0.0,10.59,ASK
345,1712178936.7857718,400605544.6511378,10.14,4.885787418951551e-07,10.59,BID
346,1712178936.906868,400611947.7752378,10.13,-1.4977312232846284e-06,10.59,ASK
347,1712178939.6357734,400614040.6746461,10.14,4.895424080552968e-07,10.59,BID
348,1712178960.427805,400614040.6746461,10.14,0.0,10.59,BID
349,1712178987.3455625,400626803.0874461,10.13,-2.985134171780241e-06,10.59,ASK
350,1712178990.1381018,400627807.9983765,10.14,2.3504912471681466e-07,10.59,BID
351,1712178990.4186716,400627807.9983765,10.14,0.0,10.59,BID
352,1712178991.6153088,400628710.2686685,10.13,-2.11034548077392e-07,10.59,ASK
353,1712178996.6027138,400629714.1914859,10.14,2.348103444523717e-07,10.59,BID
354,1712179020.306754,400629714.1914859,10.14,0.0,10.59,BID
355,1712179047.634971,400634215.6157859,10.13,-1.0528460912811069e-06,10.59,ASK
356,1712179050.3160636,400634215.6157859,10.13,-0.0,10.59,ASK
357,1712179054.8447962,400635220.5267162,10.14,2.3503788814346762e-07,10.59,BID
358,1712179080.4534955,400635220.5267162,10.14,0.0,10.59,BID
359,1712179108.5342638,400670998.60981625,10.13,-8.368089945409362e-06,10.59,ASK
360,1712179110.425746,400670998.60981625,10.13,-0.0,10.59,ASK
361,1712179119.759838,400672002.5326336,10.14,2.347863169614876e-07,10.59,BID
362,1712179119.796384,400687777.1011336,10.13,-3.68918085709614e-06,10.59,ASK
363,1712179120.93426,400688781.0239509,10.14,2.347863169614876e-07,10.59,BID
364,1712179132.4194589,400694958.6965348,10.14,1.444765442405357e-06,10.59,BID
365,1712179140.2967074,400694958.6965348,10.14,0.0,10.59,BID
366,1712179170.3089197,400694958.6965348,10.14,0.0,10.59,BID
367,1712179200.330187,400694958.6965348,10.14,0.0,10.59,BID
368,1712179225.7837615,400726771.88349056,10.13,-7.441796666158292e-06,10.59,ASK
369,1712179225.7877324,400935779.1443694,10.13,-4.889134620092329e-05,10.59,ASK
370,1712179225.9236782,400937717.4876694,10.13,-4.534206751349675e-07,10.59,ASK
371,1712179227.603525,400938722.3985997,10.14,2.3507053290652002e-07,10.59,BID
372,1712179227.7033892,400943284.28079975,10.13,-1.0671235105914836e-06,10.59,ASK
373,1712179228.4132257,400944289.1917301,10.14,2.350705329204629e-07,10.59,BID
374,1712179230.293948,400944289.1917301,10.14,0.0,10.59,BID
375,1712179230.532451,400982602.60418594,10.13,-8.957048802807e-06,10.59,ASK
376,1712179232.4037726,400983607.51511633,10.14,2.3493172936260842e-07,10.59,BID
377,1712179242.2646651,400984163.4301163,10.13,-1.299638290015418e-07,10.59,ASK
378,1712179242.2665782,401021920.9275721,10.12,-8.827084973805458e-06,10.59,ASK
379,1712179247.1934836,401022925.83850247,10.14,2.3493172934867375e-07,10.59,BID
380,1712179252.653941,401025020.6065183,10.13,-4.897224795557944e-07,10.59,ASK
381,1712179258.8333745,401026027.4995215,10.14,2.353951055521165e-07,10.59,BID
382,1712179260.043187,401029479.17605007,10.14,8.069454829585172e-07,10.59,BID
383,1712179260.4491816,401029479.17605007,10.14,0.0,10.59,BID
384,1712179290.4462128,401029479.17605007,10.14,0.0,10.59,BID
385,1712179320.3035438,401029479.17605007,10.14,0.0,10.59,BID
386,1712179350.3202307,401029479.17605007,10.14,0.0,10.59,BID
387,1712179380.3266957,401029479.17605007,10.14,0.0,10.59,BID
388,1712179410.3146026,401029479.17605007,10.14,0.0,10.59,BID
389,1712179427.222791,401049222.512674,10.13,-4.614738304546053e-06,10.59,ASK
390,1712179427.2266035,401059333.0753591,10.13,-2.363207485750928e-06,10.59,ASK
391,1712179427.303095,401078935.16022414,10.13,4.581722613510653e-06,10.59,BID
392,1712179430.7824123,401079940.0711545,10.14,2.348843587834085e-07,10.59,BID
393,1712179440.42576,401079940.0711545,10.14,0.0,10.59,BID
394,1712179458.7920618,401080821.49499047,10.13,-2.059963054514573e-07,10.59,ASK
395,1712179461.1222682,401081828.3879936,10.14,2.3531952527408e-07,10.59,BID
396,1712179470.462078,401081828.3879936,10.14,0.0,10.59,BID
397,1712179500.2998536,401081828.3879936,10.14,0.0,10.59,BID
398,1712179530.3136363,401081828.3879936,10.14,0.0,10.59,BID
399,1712179541.2019029,401173325.1864848,10.13,-2.141631163092125e-05,10.59,ASK
400,1712179541.2058766,401179430.04102993,10.13,-1.4289403515278478e-06,10.59,ASK
401,1712179543.3518124,401493290.9059928,10.13,7.346423266868075e-05,10.59,BID
402,1712179548.7910995,401494295.8169232,10.14,2.352157233945093e-07,10.59,BID
403,1712179560.4396372,401494295.8169232,10.14,0.0,10.59,BID
404,1712179586.416324,401963338.8169232,10.14,0.0001096798646671,10.59,BID
405,1712179590.4330854,401963338.8169232,10.14,0.0,10.59,BID
406,1712179599.301545,401964345.7099264,10.14,2.351878251611002e-07,10.59,BID
407,1712179620.3074195,401964345.7099264,10.14,0.0,10.59,BID
408,1712179625.971485,401984241.0702423,10.13,-4.647102869605522e-06,10.59,ASK
409,1712179636.6313884,402069741.0702423,10.12,-1.9970851949504914e-05,10.59,ASK
410,1712179644.1825802,402070748.95721686,10.13,2.3541943334543285e-07,10.59,BID
411,1712179646.5777044,402170748.95721686,10.13,2.335772157836832e-05,10.59,BID
412,1712179650.306915,402170748.95721686,10.13,0.0,10.59,BID
413,1712179652.7413375,402255524.2116589,10.13,1.9791905913164445e-05,10.59,BID
414,1712179652.7612522,402255524.21165913,10.13,6.957746863440821e-17,10.59,BID
415,1712179654.280455,402256529.1225895,10.14,2.3460976574365525e-07,10.59,BID
416,1712179658.6812742,403187324.0207368,10.12,-0.0002173063964224,10.59,ASK
417,1712179658.6914482,403393720.7457258,10.12,-4.818604896744493e-05,10.59,ASK
418,1712179661.3514416,403394725.6566562,10.14,2.3460976574365525e-07,10.59,BID
419,1712179664.7512312,403493295.70102257,10.14,2.301248231924447e-05,10.59,BID
420,1712179674.7420287,403494297.653432,10.16,2.3391905984547866e-07,10.59,BID
421,1712179680.421701,403494297.653432,10.16,0.0,10.59,BID
422,1712179700.1711483,403495301.57624936,10.16,2.336482827015715e-07,10.59,BID
423,1712179710.4246223,403495301.57624936,10.16,0.0,10.59,BID
424,1712179740.2968633,403495301.57624936,10.16,0.0,10.59,BID
425,1712179770.2933562,403495301.57624936,10.16,0.0,10.59,BID
426,1712179800.40636,403495301.57624936,10.16,0.0,10.59,BID
427,1712179830.302276,403495301.57624936,10.16,0.0,10.59,BID
428,1712179860.4440787,403495301.57624936,10.16,0.0,10.59,BID
429,1712179890.4117153,403495301.57624936,10.16,0.0,10.59,BID
430,1712179891.6906717,403515158.7191065,10.15,-4.621501795799362e-06,10.59,ASK
431,1712179891.6948469,403516158.7191065,10.15,-2.3273750050798134e-07,10.59,ASK
432,1712179891.7902246,403517158.7191065,10.14,-2.3273750050798134e-07,10.59,ASK
433,1712179891.7944624,403519146.29307103,10.14,-4.6258299658089204e-07,10.59,ASK
434,1712179891.9185536,403560494.470728,10.14,9.623271518452042e-06,10.59,BID
435,1712179891.9237227,403560494.47072864,10.14,1.3872236043690522e-16,10.59,BID
436,1712179896.490116,403561498.393546,10.15,2.33650487212838e-07,10.59,BID
437,1712179907.790199,403562502.3163633,10.16,2.33650487212838e-07,10.59,BID
438,1712179909.3099823,403563506.2391807,10.16,2.33650487212838e-07,10.59,BID
439,1712179912.1400526,403583381.9788257,10.14,-4.625829965725687e-06,10.59,ASK
440,1712179912.2003734,403659878.2368377,10.14,1.7803547887925765e-05,10.59,BID
441,1712179914.6501849,403660883.147768,10.16,2.338804581594395e-07,10.59,BID
442,1712179920.2916873,403660883.147768,10.16,0.0,10.59,BID
443,1712179950.3114936,403660883.147768,10.16,0.0,10.59,BID
444,1712179980.3454983,403660883.147768,10.16,0.0,10.59,BID
445,1712179991.2398646,403661867.3997365,10.16,2.2898284953807042e-07,10.59,BID
446,1712180010.3142958,403661867.3997365,10.16,0.0,10.59,BID
447,1712180040.459606,403661867.3997365,10.16,0.0,10.59,BID
448,1712180070.4372313,403661867.3997365,10.16,0.0,10.59,BID
449,1712180100.271017,403661867.3997365,10.16,0.0,10.59,BID
450,1712180130.2946742,403661867.3997365,10.16,0.0,10.59,BID
451,1712180160.3578649,403661867.3997365,10.16,0.0,10.59,BID
452,1712180190.3048987,403661867.3997365,10.16,0.0,10.59,BID
453,1712180220.420745,403661867.3997365,10.16,0.0,10.59,BID
454,1712180226.4087565,403858717.7934373,10.16,4.580557718725779e-05,10.59,BID
455,1712180233.1686802,404316229.0864573,10.16,0.00010645936974,10.59,BID
456,1712180233.248572,404923117.2912035,10.16,0.0001412182316932,10.59,BID
457,1712180233.374072,404924120.241056,10.17,2.333787401749832e-07,10.59,BID
458,1712180238.1287549,404925114.3885781,10.2,2.313305053782066e-07,10.59,BID
459,1712180246.939965,404943879.0645854,10.2,4.36639622144443e-06,10.59,BID
460,1712180246.9515848,404972211.3542136,10.22,6.59270654763988e-06,10.59,BID
461,1712180246.9555564,405005111.3542136,10.21,7.655577726461116e-06,10.59,BID
462,1712180246.9595044,405007083.7408013,10.23,4.589592349259958e-07,10.59,BID
463,1712180246.9618597,405011995.6898709,10.21,1.14297288420765e-06,10.59,BID
464,1712180246.9643638,405021818.8725821,10.23,2.285779293820618e-06,10.59,BID
465,1712180246.9666958,405023622.6954004,10.24,4.197357383009444e-07,10.59,BID
466,1712180250.44266,405023622.6954004,10.24,0.0,10.59,BID
467,1712180280.3047938,405023622.6954004,10.24,0.0,10.59,BID
468,1712180310.3044531,405023622.6954004,10.24,0.0,10.59,BID
469,1712180340.431862,405023622.6954004,10.24,0.0,10.59,BID
470,1712180370.4441524,405023622.6954004,10.24,0.0,10.59,BID
471,1712180400.328025,405023622.6954004,10.24,0.0,10.59,BID
472,1712180425.2238965,405024601.1689816,10.22,-2.2745676013075761e-07,10.59,ASK
473,1712180430.3259785,405024601.1689816,10.22,-0.0,10.59,ASK
474,1712180445.955425,405025019.71250033,10.22,9.729473874612733e-08,10.59,BID
475,1712180445.958962,405025600.1802392,10.22,1.3493568640651566e-07,10.59,BID
476,1712180448.7045956,405034871.9292491,10.22,2.155313264126725e-06,10.59,BID
477,1712180448.825536,405036379.0373859,10.22,-3.503427621011509e-07,10.59,ASK
478,1712180450.224475,405047157.8945326,10.22,2.5056560262278764e-06,10.59,BID
479,1712180450.9142303,405050007.3506491,10.22,6.623853338601196e-07,10.59,BID
480,1712180452.2343783,405060775.6712786,10.23,2.5032067045962114e-06,10.59,BID
481,1712180457.4146338,405061760.1012426,10.23,2.2884085373158725e-07,10.59,BID
482,1712180460.441013,405061760.1012426,10.23,0.0,10.59,BID
483,1712180490.4505725,405061760.1012426,10.23,0.0,10.59,BID
484,1712180513.0075164,405069689.5022729,10.22,-1.8431079322591967e-06,10.59,ASK
485,1712180513.01229,405101189.5022729,10.2,-7.32185188317473e-06,10.59,ASK
486,1712180513.0162425,405102175.5022729,10.14,-2.291855859304852e-07,10.59,ASK
487,1712180513.0197873,405361854.7133183,10.14,-6.035976890203099e-05,10.59,ASK
488,1712180513.023294,405557899.6968778,10.13,-4.556864546228589e-05,10.59,ASK
489,1712180513.0265648,405561729.484105,10.17,-8.901947562454233e-07,10.59,ASK
490,1712180513.028594,405563697.988042,10.16,-4.575585478794993e-07,10.59,ASK
491,1712180513.0306425,405708809.016842,10.15,-3.3729570142500975e-05,10.59,ASK
492,1712180513.03301,405739609.016842,10.18,-7.159144063548625e-06,10.59,ASK
493,1712180513.0350602,405741579.4601917,10.15,-4.580093444707788e-07,10.59,ASK
494,1712180513.037131,405761455.19983673,10.14,-4.619911801563974e-06,10.59,ASK
495,1712180513.0392468,405762455.19983673,10.15,-2.324397423230073e-07,10.59,ASK
496,1712180513.0413518,405990641.67565113,10.13,-5.303960563989477e-05,10.59,ASK
497,1712180513.0434916,405992475.9706122,10.14,-4.263630481012791e-07,10.59,ASK
498,1712180513.045617,406213474.9335501,10.12,-5.136894199893534e-05,10.59,ASK
499,1712180513.0477366,406312191.6166696,10.13,-2.294568038725908e-05,10.59,ASK
500,1712180518.8059828,406313180.8581192,10.21,2.2993902765283775e-07,10.59,BID
501,1712180520.3183217,406313180.8581192,10.21,0.0,10.59,BID
502,1712180523.925863,406314168.1693416,10.21,2.288156919170308e-07,10.59,BID
503,1712180524.845715,406315155.48056406,10.21,2.288156919170308e-07,10.59,BID
504,1712180525.6057358,406316142.7917865,10.21,2.288156919170308e-07,10.59,BID
505,1712180526.245752,406317130.1030089,10.21,2.288156919170308e-07,10.59,BID
506,1712180526.8964653,406318117.41423136,10.21,2.288156919170308e-07,10.59,BID
507,1712180527.5957716,406319104.7254538,10.21,2.288156919170308e-07,10.59,BID
508,1712180528.4161978,406320092.0366762,10.21,2.288156919170308e-07,10.59,BID
509,1712180530.3260045,406321079.34789866,10.21,2.288156919170308e-07,10.59,BID
510,1712180550.3146625,406321079.34789866,10.21,0.0,10.59,BID
511,1712180580.4471312,406321079.34789866,10.21,0.0,10.59,BID
512,1712180610.4371867,406321079.34789866,10.21,0.0,10.59,BID
513,1712180640.317743,406321079.34789866,10.21,0.0,10.59,BID
514,1712180670.2884064,406321079.34789866,10.21,0.0,10.59,BID
515,1712180700.320443,406321079.34789866,10.21,0.0,10.59,BID
516,1712180730.1938417,406322058.7798281,10.21,2.2698664700076162e-07,10.59,BID
517,1712180730.305165,406322058.7798281,10.21,0.0,10.59,BID
518,1712180760.4446323,406322058.7798281,10.21,0.0,10.59,BID
519,1712180768.1893947,406324021.4883659,10.19,4.548632571004158e-07,10.59,BID
520,1712180790.441609,406324021.4883659,10.19,0.0,10.59,BID
521,1712180820.3147285,406324021.4883659,10.19,0.0,10.59,BID
522,1712180848.450432,406327744.233464,10.2,8.627527110572835e-07,10.59,BID
523,1712180850.3020582,406327744.233464,10.2,0.0,10.59,BID
524,1712180880.4386847,406327744.233464,10.2,0.0,10.59,BID
525,1712180910.4535716,406327744.233464,10.2,0.0,10.59,BID
526,1712180940.3151171,406327744.233464,10.2,0.0,10.59,BID
527,1712180967.141387,406328736.3844473,10.2,2.299307085150703e-07,10.59,BID
528,1712180967.903715,406473847.4132473,10.2,3.362943969800901e-05,10.59,BID
529,1712180970.289461,406473847.4132473,10.2,0.0,10.59,BID
530,1712180970.2944052,406474835.6886408,10.22,2.2895346903557285e-07,10.59,BID
531,1712180970.9722044,406475436.4474279,10.23,1.3917761107625737e-07,10.59,BID
532,1712180970.9854784,406475823.9640344,10.22,8.977585795931548e-08,10.59,BID
533,1712180972.0315106,406476811.2752568,10.23,2.287300997984324e-07,10.59,BID
534,1712180972.2641776,408531568.3914203,10.18,-0.0004760249752686,10.59,ASK
535,1712180972.2684283,408571289.17159694,10.19,-9.20210143208546e-06,10.59,ASK
536,1712180972.2707012,409408579.85827714,10.18,-0.000193974886513,10.59,ASK
537,1712180975.7016263,409409568.1336708,10.23,2.289534690493815e-07,10.59,BID
538,1712181000.419237,409409568.1336708,10.23,0.0,10.59,BID
539,1712181030.3084352,409409568.1336708,10.23,0.0,10.59,BID
540,1712181060.4342,409409568.1336708,10.23,0.0,10.59,BID
541,1712181090.4143472,409409568.1336708,10.23,0.0,10.59,BID
542,1712181120.331946,409409568.1336708,10.23,0.0,10.59,BID
543,1712181133.692574,409419754.6436794,10.2,-2.346145574028451e-06,10.59,ASK
544,1712181150.4901388,409419754.6436794,10.2,-0.0,10.59,ASK
545,1712181161.5828483,409420741.9549019,10.23,2.2739097311950026e-07,10.59,BID
546,1712181175.072806,409422838.2777239,10.23,4.828111700177238e-07,10.59,BID
547,1712181175.5327826,409424934.6005459,10.23,4.82811170003996e-07,10.59,BID
548,1712181176.4815445,409427030.9233679,10.23,4.828111700177238e-07,10.59,BID
549,1712181178.2633374,409429127.24619,10.23,4.828111700177238e-07,10.59,BID
550,1712181179.0031335,409431223.569012,10.23,4.828111700177238e-07,10.59,BID
551,1712181179.7731133,409433319.891834,10.23,4.828111700177238e-07,10.59,BID
552,1712181180.4347367,409433319.891834,10.23,0.0,10.59,BID
553,1712181204.0790188,409464819.891834,10.24,7.254639232228033e-06,10.59,BID
554,1712181204.083142,409469708.67232186,10.25,1.1259155150730682e-06,10.59,BID
555,1712181204.0860703,409755675.19313353,10.23,6.585980765029035e-05,10.59,BID
556,1712181204.0883253,409756843.19313353,10.24,2.68997416610868e-07,10.59,BID
557,1712181204.0907056,409775710.9531127,10.26,4.345358468866109e-06,10.59,BID
558,1712181207.8742468,409790193.8124569,10.27,3.3354895108802565e-06,10.59,BID
559,1712181207.8767135,409795062.3616292,10.27,1.121256121577851e-06,10.59,BID
560,1712181210.4427223,409795062.3616292,10.27,0.0,10.59,BID
561,1712181234.308891,409811631.56240886,10.27,3.812735423530536e-06,10.59,BID
562,1712181240.323244,409811631.56240886,10.27,0.0,10.59,BID
563,1712181270.3143704,409811631.56240886,10.27,0.0,10.59,BID
564,1712181300.3796966,409811631.56240886,10.27,0.0,10.59,BID
565,1712181329.3335876,409833150.443396,10.26,4.96861487119921e-06,10.59,BID
566,1712181330.278815,409854648.4322656,10.27,4.963790973271205e-06,10.59,BID
567,1712181330.299748,409854648.4322656,10.27,0.0,10.59,BID
568,1712181360.445006,409854648.4322656,10.27,0.0,10.59,BID
569,1712181390.4667103,409854648.4322656,10.27,0.0,10.59,BID
570,1712181415.8341496,409874122.628955,10.27,4.496047870094969e-06,10.59,BID
571,1712181420.300411,409874122.628955,10.27,0.0,10.59,BID
572,1712181421.1542249,409900412.8521519,10.26,-6.069397687279575e-06,10.59,ASK
573,1712181424.6841242,409902509.1749739,10.26,4.839600178580594e-07,10.59,BID
574,1712181450.2963495,409902509.1749739,10.26,0.0,10.59,BID
575,1712181465.924275,409903483.8338433,10.26,2.249959812377185e-07,10.59,BID
576,1712181480.4547832,409903483.8338433,10.26,0.0,10.59,BID
577,1712181494.6941211,409905582.199865,10.26,4.843980258119578e-07,10.59,BID
578,1712181510.447124,409905582.199865,10.26,0.0,10.59,BID
579,1712181540.330792,409905582.199865,10.26,0.0,10.59,BID
580,1712181570.3273392,409905582.199865,10.26,0.0,10.59,BID
581,1712181586.4446056,409932164.022304,10.25,-6.136259444493618e-06,10.59,ASK
582,1712181588.654421,409934258.3059015,10.26,4.834532144627285e-07,10.59,BID
583,1712181595.414963,409960247.9049259,10.25,-5.999548106156067e-06,10.59,ASK
584,1712181595.9747195,409987124.5875431,10.24,-6.204326205426495e-06,10.59,ASK
585,1712181598.5444665,409989220.9103651,10.26,4.839239576190833e-07,10.59,BID
586,1712181600.4680696,409989220.9103651,10.26,0.0,10.59,BID
587,1712181600.5363913,410014950.483048,10.25,-5.9384161367035285e-06,10.59,ASK
588,1712181602.6811495,410017048.84906965,10.26,4.843053865348492e-07,10.59,BID
589,1712181605.511115,410042478.9885818,10.25,-5.869306602904602e-06,10.59,ASK
590,1712181608.4245796,410067654.6998014,10.25,-5.810584248778466e-06,10.59,ASK
591,1712181611.294678,410092578.52809405,10.25,-5.752449368110774e-06,10.59,ASK
592,1712181615.3047702,410117252.9934599,10.25,-5.694896106465271e-06,10.59,ASK
593,1712181617.5415354,410119343.2104873,10.26,4.824245889290984e-07,10.59,BID
594,1712181630.2987168,410119343.2104873,10.26,0.0,10.59,BID
595,1712181630.5411887,410121437.4940848,10.26,4.83214404667683e-07,10.59,BID
596,1712181631.2353723,410123531.7776823,10.26,4.832144046814355e-07,10.59,BID
597,1712181631.7896285,410125626.0612798,10.26,4.83214404667683e-07,10.59,BID
598,1712181632.74553,410127720.3448773,10.26,4.832144046814355e-07,10.59,BID
599,1712181633.284863,410129814.6284748,10.26,4.83214404667683e-07,10.59,BID
600,1712181633.824724,410131908.9120723,10.26,4.832144046814355e-07,10.59,BID
601,1712181634.5349472,410134003.1956698,10.26,4.83214404667683e-07,10.59,BID
602,1712181635.574808,410136097.4792673,10.26,4.832144046814355e-07,10.59,BID
603,1712181646.414714,410160504.1436576,10.25,-5.631353756252206e-06,10.59,ASK
604,1712181650.5847692,410184690.2149466,10.24,-5.580456273122116e-06,10.59,ASK
605,1712181652.4828546,410186788.58096826,10.25,4.841563430776978e-07,10.59,BID
606,1712181660.4613347,410186788.58096826,10.25,0.0,10.59,BID
607,1712181677.6051126,410311503.11752695,10.25,2.877081721579087e-05,10.59,BID
608,1712181680.81505,410313597.4011245,10.26,4.831373490625906e-07,10.59,BID
609,1712181690.4473314,410313597.4011245,10.26,0.0,10.59,BID
610,1712181714.4253042,410345079.2054197,10.25,-7.2604665420074685e-06,10.59,ASK
611,1712181717.3752673,410364760.8460447,10.24,-4.539063006348244e-06,10.59,ASK
612,1712181719.2454965,410366859.2120664,10.24,4.839340258288637e-07,10.59,BID
613,1712181720.3089397,410366859.2120664,10.24,0.0,10.59,BID
614,1712181721.8351328,410394034.0517536,10.23,-6.266387533243171e-06,10.59,ASK
615,1712181721.8392973,410413527.2291415,10.23,-4.4950330957868085e-06,10.59,ASK
616,1712181722.6549537,410415627.6423495,10.23,4.843451991919353e-07,10.59,BID
617,1712181723.4351664,410417486.7226616,10.23,4.286949923285924e-07,10.59,BID
618,1712181723.4394305,410417728.0555576,10.24,5.56502068770874e-08,10.59,BID
619,1712181724.4851427,410419826.4215792,10.24,4.838731278449072e-07,10.59,BID
620,1712181737.3051064,410421924.7876009,10.24,4.838731278586518e-07,10.59,BID
621,1712181738.615147,410424023.1536225,10.24,4.838731278449072e-07,10.59,BID
622,1712181750.337268,410424023.1536225,10.24,0.0,10.59,BID
623,1712181755.0855503,410451526.3945628,10.21,-6.341260076344006e-06,10.59,ASK
624,1712181755.0920403,410483026.3945628,10.21,-7.2627692437637074e-06,10.59,ASK
625,1712181755.2051823,410512621.29716414,10.21,6.823522170963467e-06,10.59,BID
626,1712181756.0961485,410514719.6631858,10.24,4.838078795082201e-07,10.59,BID
627,1712181780.456735,410514719.6631858,10.24,0.0,10.59,BID
628,1712181810.4471798,410514719.6631858,10.24,0.0,10.59,BID
629,1712181810.8251898,410515219.6631858,10.24,1.1525744177773269e-07,10.59,BID
630,1712181814.895554,410517318.02920747,10.24,4.837045991335104e-07,10.59,BID
631,1712181840.335401,410517318.02920747,10.24,0.0,10.59,BID
632,1712181863.9256012,410518304.02920747,10.24,2.272862811545354e-07,10.59,BID
633,1712181863.9326422,410569371.2317128,10.24,1.1771678038951927e-05,10.59,BID
634,1712181867.4953604,410571467.55453485,10.25,4.832306473829314e-07,10.59,BID
635,1712181869.7898462,410572362.0089177,10.24,-2.061837833036061e-07,10.59,ASK
636,1712181870.2463682,410602462.0089177,10.27,6.93845543889606e-06,10.59,BID
637,1712181870.2537165,410604419.2073612,10.28,4.51160604170214e-07,10.59,BID
638,1712181870.257097,410621468.5908392,10.25,3.930112542267178e-06,10.59,BID
639,1712181870.2599154,410622069.750288,10.26,1.3857535041863214e-07,10.59,BID
640,1712181870.2676282,410664097.1111361,10.26,9.687872772715382e-06,10.59,BID
641,1712181870.2719023,410671491.0851562,10.28,1.7044106064778052e-06,10.59,BID
642,1712181870.3101969,410671491.0851562,10.28,0.0,10.59,BID
643,1712181874.467733,410707372.4613562,10.28,8.268127174135353e-06,10.59,BID
644,1712181874.4723735,410707889.85688585,10.29,1.1922318738402637e-07,10.59,BID
645,1712181874.4753702,410710193.90218914,10.29,5.309199813389505e-07,10.59,BID
646,1712181878.0953684,410712278.0488864,10.29,4.802488579628593e-07,10.59,BID
647,1712181900.4486184,410712278.0488864,10.29,0.0,10.59,BID
648,1712181910.8057766,411382879.8251616,10.26,-0.0001545121137286,10.59,ASK
649,1712181912.9354637,411384963.97185886,10.29,4.802043819466665e-07,10.59,BID
650,1712181930.440318,411384963.97185886,10.29,0.0,10.59,BID
651,1712181960.288875,411384963.97185886,10.29,0.0,10.59,BID
652,1712181974.525664,411390525.38104737,10.26,-1.279359511779912e-06,10.59,ASK
653,1712181976.2433472,411392617.6293839,10.28,4.813056762357905e-07,10.59,BID
654,1712181978.0884376,411392620.7117867,10.28,7.090831190598153e-10,10.59,BID
655,1712181978.0940852,411394709.8777203,10.29,4.80596593103019e-07,10.59,BID
656,1712181990.332299,411394709.8777203,10.29,0.0,10.59,BID
657,1712182020.4514651,411394709.8777203,10.29,0.0,10.59,BID
658,1712182050.460411,411394709.8777203,10.29,0.0,10.59,BID
659,1712182053.885751,411396009.8777203,10.22,-2.990481391677872e-07,10.59,ASK
660,1712182055.105552,411398102.1260568,10.27,4.812945936195536e-07,10.59,BID
661,1712182064.7660842,411400194.3743932,10.27,4.812945936058424e-07,10.59,BID
662,1712182065.2857077,411402286.6227297,10.27,4.812945936195536e-07,10.59,BID
663,1712182080.3064885,411402286.6227297,10.27,0.0,10.59,BID
664,1712182089.345981,411405771.41618186,10.27,8.016171994540747e-07,10.59,BID
665,1712182089.3523157,411421745.2655249,10.28,3.674511144128009e-06,10.59,BID
666,1712182093.7459793,411423839.5491224,10.28,4.817541628566959e-07,10.59,BID
667,1712182110.3543618,411423839.5491224,10.28,0.0,10.59,BID
668,1712182133.9357517,411425376.4745476,10.28,3.535254219327955e-07,10.59,BID
669,1712182134.0156276,411578414.79068446,10.28,-3.520205625852803e-05,10.59,ASK
670,1712182138.0556989,411580502.9803433,10.29,4.803278793433247e-07,10.59,BID
671,1712182139.2561166,411583068.4226325,10.23,-5.901060993956962e-07,10.59,ASK
672,1712182140.308851,411585156.61229134,10.29,4.803278793433247e-07,10.59,BID
673,1712182140.448907,411585156.61229134,10.29,0.0,10.59,BID
674,1712182150.6962082,411615256.61229134,10.21,-6.92099805060638e-06,10.59,ASK
675,1712182150.702042,411629546.6213594,10.19,-3.2857516579160367e-06,10.59,ASK
676,1712182150.7077837,411659646.6213594,10.22,-6.92099805060638e-06,10.59,ASK
677,1712182150.7126808,411687881.1790702,10.23,-6.492070394549844e-06,10.59,ASK
678,1712182150.715272,411713027.92897016,10.22,-5.782079968002369e-06,10.59,ASK
679,1712182150.717895,411722414.7892995,10.19,-2.158353556166348e-06,10.59,ASK
680,1712182152.3860009,411724505.00632685,10.29,4.806108960712779e-07,10.59,BID
681,1712182159.3142664,411920008.4276368,10.23,-4.495278397915665e-05,10.59,ASK
682,1712182159.317826,411978780.8716368,10.23,-1.351375316788745e-05,10.59,ASK
683,1712182159.5259712,412048254.8291178,10.23,1.597438951143176e-05,10.59,BID
684,1712182159.545785,412224817.4237222,10.23,4.059765359027516e-05,10.59,BID
685,1712182159.6112149,412256317.4237222,10.24,7.242904936681095e-06,10.59,BID
686,1712182161.436035,412258407.6407496,10.28,4.806108960712779e-07,10.59,BID
687,1712182162.0761597,412260497.857777,10.28,4.80610896084983e-07,10.59,BID
688,1712182164.106111,412265704.2840515,10.28,1.1971317639963817e-06,10.59,BID
689,1712182164.1122277,412272269.10393685,10.28,1.5094719478155925e-06,10.59,BID
690,1712182164.8259394,412284040.3500967,10.28,2.706603711811974e-06,10.59,BID
691,1712182165.453467,412295804.2840515,10.28,2.7049223909788133e-06,10.59,BID
692,1712182165.4573417,412295811.59625655,10.29,1.681320833160679e-09,10.59,BID
693,1712182170.4528525,412295811.59625655,10.29,0.0,10.59,BID
694,1712182195.2160287,412396879.3020316,10.23,2.320006703055918e-05,10.59,BID
695,1712182200.3562975,412396879.3020316,10.23,0.0,10.59,BID
696,1712182201.4363418,412416207.7445316,10.22,-4.436047915382299e-06,10.59,ASK
697,1712182201.441438,412478744.1437101,10.22,-1.435265480968736e-05,10.59,ASK
698,1712182201.5362215,412492275.9524316,10.22,-3.105669371461275e-06,10.59,ASK
699,1712182203.2561965,412494374.3184524,10.23,4.815934968518724e-07,10.59,BID
700,1712182203.2622223,412494374.31845325,10.23,2.0519687000365327e-16,10.59,BID
701,1712182206.4159558,412496464.5354806,10.27,4.797232310335679e-07,10.59,BID
702,1712182207.316111,412498550.7016999,10.29,4.787935348633658e-07,10.59,BID
703,1712182208.1560242,412500636.867919,10.29,4.78793534849686e-07,10.59,BID
704,1712182208.6759534,412502723.0341383,10.29,4.787935348633658e-07,10.59,BID
705,1712182209.3759446,412504809.2003575,10.29,4.787935348633658e-07,10.59,BID
706,1712182210.0660806,412506895.3665767,10.29,4.78793534849686e-07,10.59,BID
707,1712182210.8012052,412508981.5327959,10.29,4.787935348633658e-07,10.59,BID
708,1712182216.7938514,412539948.9326004,10.23,-7.107291202975937e-06,10.59,ASK
709,1712182216.803145,412570748.9326004,10.23,-7.068871472381105e-06,10.59,ASK
710,1712182216.8059244,412701111.5127961,10.23,-2.991936117569981e-05,10.59,ASK
711,1712182216.926097,412781852.3038931,10.23,1.853072320918708e-05,10.59,BID
712,1712182216.9459784,412821435.5739476,10.23,9.084709365972332e-06,10.59,BID
713,1712182217.0259209,412842771.8996476,10.23,4.896874807339479e-06,10.59,BID
714,1712182219.8363323,412844858.0658668,10.29,4.787935348633658e-07,10.59,BID
715,1712182230.3222363,412844858.0658668,10.29,0.0,10.59,BID
716,1712182235.3628645,412845348.8336025,10.28,1.125171754646898e-07,10.59,BID
717,1712182260.4565089,412845348.8336025,10.28,0.0,10.59,BID
718,1712182266.0165975,412874748.8336025,10.28,6.740461713370948e-06,10.59,BID
719,1712182266.0232694,412942625.09819394,10.28,1.556181505868509e-05,10.59,BID
720,1712182284.4262216,412943208.7557815,10.28,1.3381366062763534e-07,10.59,BID
721,1712182290.4465368,412943208.7557815,10.28,0.0,10.59,BID
722,1712182312.6559324,412952983.9268469,10.23,-2.240611324385703e-06,10.59,ASK
723,1712182312.7211325,412973362.65474695,10.23,4.671100710530375e-06,10.59,BID
724,1712182312.7428331,412997212.33656746,10.23,5.466693811519109e-06,10.59,BID
725,1712182312.9160535,413017516.5367675,10.25,4.654017878168879e-06,10.59,BID
726,1712182320.3079803,413017516.5367675,10.25,0.0,10.59,BID
727,1712182341.3752763,413019602.7029867,10.28,4.780962783391184e-07,10.59,BID
728,1712182350.322016,413019602.7029867,10.28,0.0,10.59,BID
729,1712182380.444299,413019602.7029867,10.28,0.0,10.59,BID
730,1712182410.5011363,413019602.7029867,10.28,0.0,10.59,BID
731,1712182440.319821,413019602.7029867,10.28,0.0,10.59,BID
732,1712182448.207337,413022168.1452759,10.22,-5.879312833706437e-07,10.59,ASK
733,1712182470.3113852,413022168.1452759,10.22,-0.0,10.59,ASK
734,1712182494.2323737,413024258.3623033,10.28,4.790193880504139e-07,10.59,BID
735,1712182500.3612883,413024258.3623033,10.28,0.0,10.59,BID
736,1712182530.320698,413024258.3623033,10.28,0.0,10.59,BID
737,1712182560.4530103,413024258.3623033,10.28,0.0,10.59,BID
738,1712182590.456442,413024258.3623033,10.28,0.0,10.59,BID
739,1712182620.3022425,413024258.3623033,10.28,0.0,10.59,BID
740,1712182625.310143,413217387.6362568,10.22,-4.427386591123921e-05,10.59,ASK
741,1712182625.3156204,413257272.3720689,10.22,-9.143365006783349e-06,10.59,ASK
742,1712182625.3194387,413355024.0827238,10.23,-2.240906332601524e-05,10.59,ASK
743,1712182625.3223784,413483767.2756719,10.21,-2.951369693930155e-05,10.59,ASK
744,1712182625.4497385,413506667.0304719,10.21,5.249647827396949e-06,10.59,BID
745,1712182625.4562168,413522272.7892719,10.21,3.5775377725470963e-06,10.59,BID
746,1712182625.769682,413546547.4994151,10.21,5.564849077068054e-06,10.59,BID
747,1712182627.669665,413548641.7830126,10.25,4.801034523614394e-07,10.59,BID
748,1712182650.3296714,413548641.7830126,10.25,0.0,10.59,BID
749,1712182680.4494357,413548641.7830126,10.25,0.0,10.59,BID
750,1712182710.4538262,413548641.7830126,10.25,0.0,10.59,BID
751,1712182740.3061028,413548641.7830126,10.25,0.0,10.59,BID
752,1712182770.3183408,413548641.7830126,10.25,0.0,10.59,BID
753,1712182800.3830206,413548641.7830126,10.25,0.0,10.59,BID
754,1712182821.058349,413549131.59692055,10.21,-1.1219547367547885e-07,10.59,ASK
755,1712182821.0619938,413579231.59692055,10.2,-6.894626108032893e-06,10.59,ASK
756,1712182821.065507,413658125.46577656,10.19,-1.807122019861758e-05,10.59,ASK
757,1712182821.068957,413756164.6814629,10.2,-2.245660252764048e-05,10.59,ASK
758,1712182827.257213,413758258.9650604,10.24,4.797110421507339e-07,10.59,BID
759,1712182830.299142,413758258.9650604,10.24,0.0,10.59,BID
760,1712182855.5767307,413772907.4025604,10.24,3.3536902937084486e-06,10.59,BID
761,1712182860.3437884,413772907.4025604,10.24,0.0,10.59,BID
762,1712182878.9565978,413785564.6814629,10.24,2.8977244630778526e-06,10.59,BID
763,1712182878.9619102,413821735.5275604,10.24,8.280859290056794e-06,10.59,BID
764,1712182890.3208487,413821735.5275604,10.24,0.0,10.59,BID
765,1712182920.43839,413821735.5275604,10.24,0.0,10.59,BID
766,1712182950.4381258,413821735.5275604,10.24,0.0,10.59,BID
767,1712182980.2856262,413821735.5275604,10.24,0.0,10.59,BID
768,1712183010.3079531,413821735.5275604,10.24,0.0,10.59,BID
769,1712183040.4396195,413821735.5275604,10.24,0.0,10.59,BID
770,1712183070.4383173,413821735.5275604,10.24,0.0,10.59,BID
771,1712183100.3108296,413821735.5275604,10.24,0.0,10.59,BID
772,1712183130.32031,413821735.5275604,10.24,0.0,10.59,BID
773,1712183160.38219,413821735.5275604,10.24,0.0,10.59,BID
774,1712183190.277818,413821735.5275604,10.24,0.0,10.59,BID
775,1712183220.4362056,413821735.5275604,10.24,0.0,10.59,BID
776,1712183250.4441948,413821735.5275604,10.24,0.0,10.59,BID
777,1712183280.321605,413821735.5275604,10.24,0.0,10.59,BID
778,1712183310.2984216,413821735.5275604,10.24,0.0,10.59,BID
779,1712183340.442581,413821735.5275604,10.24,0.0,10.59,BID
780,1712183370.4263618,413821735.5275604,10.24,0.0,10.59,BID
781,1712183377.0024765,413822741.97606856,10.18,-2.305577223535685e-07,10.59,ASK
782,1712183380.612813,413823242.4648271,10.23,1.1465221249159e-07,10.59,BID
783,1712183400.51849,413823242.4648271,10.23,0.0,10.59,BID
784,1712183430.4270444,413823242.4648271,10.23,0.0,10.59,BID
785,1712183460.3320508,413823242.4648271,10.23,0.0,10.59,BID
786,1712183490.3145497,413823242.4648271,10.23,0.0,10.59,BID
787,1712183509.0420132,413841306.2144456,10.2,-4.13902528393863e-06,10.59,ASK
788,1712183509.0486362,413852664.0310926,10.18,-2.6024657817455223e-06,10.59,ASK
789,1712183509.201808,413870727.7807111,10.18,-4.13902528393863e-06,10.59,ASK
790,1712183520.439884,413870727.7807111,10.18,-0.0,10.59,ASK
791,1712183550.4353004,413870727.7807111,10.18,-0.0,10.59,ASK
792,1712183580.3215816,413870727.7807111,10.18,-0.0,10.59,ASK
793,1712183582.031738,413887563.4722242,10.18,-3.857207447043372e-06,10.59,ASK
794,1712183582.039443,413919063.4722242,10.18,-7.2169316292812765e-06,10.59,ASK
795,1712183582.044561,413966191.0328482,10.18,-1.0797345488184472e-05,10.59,ASK
796,1712183595.6814222,413968285.3164457,10.23,4.798190963575042e-07,10.59,BID
797,1712183610.2835162,413968285.3164457,10.23,0.0,10.59,BID
798,1712183640.4311707,413968285.3164457,10.23,0.0,10.59,BID
799,1712183647.8221447,413969911.2137914,10.23,3.724228697764315e-07,10.59,BID
800,1712183647.828372,414065548.2685473,10.23,2.190631929062992e-05,10.59,BID
801,1712183670.4248126,414065548.2685473,10.23,0.0,10.59,BID
802,1712183700.293108,414065548.2685473,10.23,0.0,10.59,BID
803,1712183725.2005956,414066525.7856538,10.21,2.2450461945036626e-07,10.59,BID
804,1712183730.331561,414066525.7856538,10.21,0.0,10.59,BID
805,1712183760.4328835,414066525.7856538,10.21,0.0,10.59,BID
806,1712183776.7007473,414119789.5814146,10.18,-1.2232973426189632e-05,10.59,ASK
807,1712183776.7095754,414165155.9459438,10.18,-1.0419188565153632e-05,10.59,ASK
808,1712183782.560439,414167114.8098028,10.21,4.498877556577476e-07,10.59,BID
809,1712183790.4248726,414167114.8098028,10.21,0.0,10.59,BID
810,1712183820.3203218,414167114.8098028,10.21,0.0,10.59,BID
811,1712183834.5003126,414170056.95027,10.21,6.755557464524935e-07,10.59,BID
812,1712183834.507356,414191926.9219314,10.21,5.021645021772855e-06,10.59,BID
813,1712183834.6202614,414206903.41303134,10.21,-3.438807472644509e-06,10.59,ASK
814,1712183834.6403153,414228879.7858313,10.21,-5.046076180452566e-06,10.59,ASK
815,1712183842.1403744,414229418.47339255,10.22,1.2369004185025557e-07,10.59,BID
816,1712183844.932011,414252341.8359713,10.18,-5.26351800350536e-06,10.59,ASK
817,1712183844.9393868,414261341.8359713,10.18,-2.066523262842013e-06,10.59,ASK
818,1712183844.9455774,414328232.7026416,10.17,-1.5359059116206677e-05,10.59,ASK
819,1712183850.294247,414328232.7026416,10.17,-0.0,10.59,ASK
820,1712183880.4538798,414328232.7026416,10.17,-0.0,10.59,ASK
821,1712183910.439503,414328232.7026416,10.17,-0.0,10.59,ASK
822,1712183940.333317,414328232.7026416,10.17,-0.0,10.59,ASK
823,1712183970.3130546,414328232.7026416,10.17,-0.0,10.59,ASK
824,1712184000.3261468,414328232.7026416,10.17,-0.0,10.59,ASK
825,1712184030.2868695,414328232.7026416,10.17,-0.0,10.59,ASK
826,1712184060.4418705,414328232.7026416,10.17,-0.0,10.59,ASK
827,1712184080.8675597,414330326.9862391,10.23,4.819589303621101e-07,10.59,BID
828,1712184090.4339604,414330326.9862391,10.23,0.0,10.59,BID
829,1712184120.2855585,414330326.9862391,10.23,0.0,10.59,BID
830,1712184150.3094862,414330326.9862391,10.23,0.0,10.59,BID
831,1712184180.4326017,414330326.9862391,10.23,0.0,10.59,BID
832,1712184210.4262826,414330326.9862391,10.23,0.0,10.59,BID
833,1712184239.1744316,414427589.9383407,10.19,-2.2383079967568177e-05,10.59,ASK
834,1712184240.303394,414427589.9383407,10.19,-0.0,10.59,ASK
835,1712184270.319315,414427589.9383407,10.19,-0.0,10.59,ASK
836,1712184300.3215275,414427589.9383407,10.19,-0.0,10.59,ASK
837,1712184330.326362,414427589.9383407,10.19,-0.0,10.59,ASK
838,1712184360.438582,414427589.9383407,10.19,-0.0,10.59,ASK
839,1712184390.4384823,414427589.9383407,10.19,-0.0,10.59,ASK
840,1712184403.0816414,414432902.5091257,10.21,-1.2243768333810064e-06,10.59,ASK
841,1712184418.3009734,414525725.36522985,10.21,-2.139268524070336e-05,10.59,ASK
842,1712184418.448881,414531569.6649608,10.21,1.3469232669930264e-06,10.59,BID
843,1712184420.3135157,414531569.6649608,10.21,0.0,10.59,BID
844,1712184437.8591585,414578813.5778904,10.21,1.0885540240619448e-05,10.59,BID
845,1712184450.3077247,414578813.5778904,10.21,0.0,10.59,BID
846,1712184480.4221425,414578813.5778904,10.21,0.0,10.59,BID
847,1712184510.4224002,414578813.5778904,10.21,0.0,10.59,BID
848,1712184540.298504,414578813.5778904,10.21,0.0,10.59,BID
849,1712184570.3072195,414578813.5778904,10.21,0.0,10.59,BID
850,1712184600.36057,414578813.5778904,10.21,0.0,10.59,BID
851,1712184608.100354,414676852.7935767,10.24,2.259490174676748e-05,10.59,BID
852,1712184608.1068037,414739236.8545331,10.24,1.4377529624323108e-05,10.59,BID
853,1712184630.305798,414739236.8545331,10.24,0.0,10.59,BID
854,1712184660.4530723,414739236.8545331,10.24,0.0,10.59,BID
855,1712184690.4207282,414739236.8545331,10.24,0.0,10.59,BID
856,1712184720.2847664,414739236.8545331,10.24,0.0,10.59,BID
857,1712184728.530829,414740285.3702243,10.25,-2.415578587863311e-07,10.59,ASK
858,1712184750.2956538,414740285.3702243,10.25,-0.0,10.59,ASK
859,1712184780.4313426,414740285.3702243,10.25,-0.0,10.59,ASK
860,1712184791.770481,414741333.8859156,10.25,-2.415572607120024e-07,10.59,ASK
861,1712184799.6916735,414757887.5292156,10.26,3.8136317497242137e-06,10.59,BID
862,1712184799.698694,414813493.07233423,10.26,1.281041646572174e-05,10.59,BID
863,1712184806.271358,414913884.4287189,10.26,-2.312818134160368e-05,10.59,ASK
864,1712184810.434286,414913884.4287189,10.26,-0.0,10.59,ASK
865,1712184840.3122983,414913884.4287189,10.26,-0.0,10.59,ASK
866,1712184842.9617534,415041333.8859156,10.26,-2.9349788962927893e-05,10.59,ASK
867,1712184842.967528,415444550.7002207,10.25,-9.285507107260045e-05,10.59,ASK
868,1712184860.001514,415528028.035477,10.25,-1.9223637564660008e-05,10.59,ASK
869,1712184870.292584,415528028.035477,10.25,-0.0,10.59,ASK
870,1712184900.4128163,415528028.035477,10.25,-0.0,10.59,ASK
871,1712184930.4370294,415528028.035477,10.25,-0.0,10.59,ASK
872,1712184960.295962,415528028.035477,10.25,-0.0,10.59,ASK
873,1712184990.3230703,415528028.035477,10.25,-0.0,10.59,ASK
874,1712185020.417933,415528028.035477,10.25,-0.0,10.59,ASK
875,1712185050.4572794,415528028.035477,10.25,-0.0,10.59,ASK
876,1712185080.2971485,415528028.035477,10.25,-0.0,10.59,ASK
877,1712185110.2874455,415528028.035477,10.25,-0.0,10.59,ASK
878,1712185140.4232192,415528028.035477,10.25,-0.0,10.59,ASK
879,1712185170.432902,415528028.035477,10.25,-0.0,10.59,ASK
880,1712185200.433264,415528028.035477,10.25,-0.0,10.59,ASK
881,1712185230.293302,415528028.035477,10.25,-0.0,10.59,ASK
882,1712185260.425192,415528028.035477,10.25,-0.0,10.59,ASK
883,1712185290.4426775,415528028.035477,10.25,-0.0,10.59,ASK
884,1712185320.2834232,415528028.035477,10.25,-0.0,10.59,ASK
885,1712185326.5628576,415692029.3782505,10.24,-3.774446412589166e-05,10.59,ASK
886,1712185326.5687065,415726918.6016079,10.24,-8.029660105966628e-06,10.59,ASK
887,1712185350.305135,415726918.6016079,10.24,-0.0,10.59,ASK
888,1712185380.4428067,415726918.6016079,10.24,-0.0,10.59,ASK
889,1712185410.435355,415726918.6016079,10.24,-0.0,10.59,ASK
890,1712185420.6132643,415727892.3114423,10.27,2.2399168589918745e-07,10.59,BID
891,1712185440.2963252,415727892.3114423,10.27,0.0,10.59,BID
892,1712185470.298318,415727892.3114423,10.27,0.0,10.59,BID
893,1712185500.432862,415727892.3114423,10.27,0.0,10.59,BID
894,1712185510.782836,415736727.5115285,10.22,-2.0335147080255377e-06,10.59,ASK
895,1712185523.383145,415737471.3388386,10.22,-1.7119971937900165e-07,10.59,ASK
896,1712185530.4521885,415737471.3388386,10.22,-0.0,10.59,ASK
897,1712185554.5737278,415772895.7392783,10.22,-8.153116570288227e-06,10.59,ASK
898,1712185554.581262,416037471.3388386,10.22,-6.08934993422521e-05,10.59,ASK
899,1712185560.2959287,416037471.3388386,10.22,-0.0,10.59,ASK
900,1712185576.5934618,416190528.4202959,10.22,-3.5202071152928275e-05,10.59,ASK
901,1712185590.3078585,416190528.4202959,10.22,-0.0,10.59,ASK
902,1712185606.3535032,416194559.9328047,10.26,9.2688655888828e-07,10.59,BID
903,1712185620.4529605,416194559.9328047,10.26,0.0,10.59,BID
904,1712185650.4366713,416194559.9328047,10.26,0.0,10.59,BID
905,1712185680.3158042,416194559.9328047,10.26,0.0,10.59,BID
906,1712185710.3008072,416194559.9328047,10.26,0.0,10.59,BID
907,1712185740.432067,416194559.9328047,10.26,0.0,10.59,BID
908,1712185770.4302332,416194559.9328047,10.26,0.0,10.59,BID
909,1712185773.543594,416195047.2622394,10.26,1.1204102833062961e-07,10.59,BID
910,1712185800.3231742,416195047.2622394,10.26,0.0,10.59,BID
911,1712185814.0433962,416203882.4623256,10.22,-2.033528404072601e-06,10.59,ASK
912,1712185817.1556113,416204626.2896358,10.22,-1.7120087243536065e-07,10.59,ASK
913,1712185820.1033614,416229935.3954722,10.22,-5.825197516497774e-06,10.59,ASK
914,1712185830.3036654,416229935.3954722,10.22,-0.0,10.59,ASK
915,1712185860.4458876,416229935.3954722,10.22,-0.0,10.59,ASK
916,1712185890.436187,416229935.3954722,10.22,-0.0,10.59,ASK
917,1712185920.289041,416229935.3954722,10.22,-0.0,10.59,ASK
918,1712185928.9836042,416239686.6174222,10.25,2.244177770080771e-06,10.59,BID
919,1712185950.3075676,416239686.6174222,10.25,0.0,10.59,BID
920,1712185969.443354,416240271.98327583,10.25,1.3471489270360513e-07,10.59,BID
921,1712185980.4477377,416240271.98327583,10.25,0.0,10.59,BID
922,1712186006.7734828,416252098.5198612,10.25,2.721731029220212e-06,10.59,BID
923,1712186010.4160702,416252098.5198612,10.25,0.0,10.59,BID
924,1712186010.5639205,416253076.9934424,10.22,-2.251773031272761e-07,10.59,ASK
925,1712186010.5709531,416258011.7881539,10.21,-1.1356502474586305e-06,10.59,ASK
926,1712186012.9532683,416263925.05644655,10.21,-1.3608275505859064e-06,10.59,ASK
927,1712186015.6078682,416303776.27346087,10.21,-9.1710085444152e-06,10.59,ASK
928,1712186015.7233288,416309689.54175353,10.21,1.3608275505859064e-06,10.59,BID
929,1712186037.9034867,416327191.43006086,10.21,-4.027730624946873e-06,10.59,ASK
930,1712186037.9105842,416361550.6273608,10.21,-7.907123436254987e-06,10.59,ASK
931,1712186040.322942,416361550.6273608,10.21,-0.0,10.59,ASK
932,1712186070.3237731,416361550.6273608,10.21,-0.0,10.59,ASK
933,1712186074.123623,416362050.6273608,10.25,1.1503601748286208e-07,10.59,BID
934,1712186100.3260765,416362050.6273608,10.25,0.0,10.59,BID
935,1712186109.283568,416370885.8274471,10.2,-2.034188147807957e-06,10.59,ASK
936,1712186113.513862,416371629.6547572,10.2,-1.7125641564923977e-07,10.59,ASK
937,1712186117.993314,416398734.36270535,10.2,-6.240501077481376e-06,10.59,ASK
938,1712186121.9939911,416401016.2829571,10.2,-5.253820043688182e-07,10.59,ASK
939,1712186123.0733068,416460186.05424994,10.2,-1.3623058481715862e-05,10.59,ASK
940,1712186123.0807197,416529467.8901337,10.2,-1.5951227820253412e-05,10.59,ASK
941,1712186130.347983,416529467.8901337,10.2,-0.0,10.59,ASK
942,1712186160.4287262,416529467.8901337,10.2,-0.0,10.59,ASK
943,1712186190.452085,416529467.8901337,10.2,-0.0,10.59,ASK
944,1712186220.2993145,416529467.8901337,10.2,-0.0,10.59,ASK
945,1712186250.2936316,416529467.8901337,10.2,-0.0,10.59,ASK
946,1712186280.4234903,416529467.8901337,10.2,-0.0,10.59,ASK
947,1712186295.313617,416885726.39198285,10.2,-8.19915792862101e-05,10.59,ASK
948,1712186310.458118,416885726.39198285,10.2,-0.0,10.59,ASK
949,1712186340.3233843,416885726.39198285,10.2,-0.0,10.59,ASK
950,1712186370.316728,416885726.39198285,10.2,-0.0,10.59,ASK
951,1712186400.3965669,416885726.39198285,10.2,-0.0,10.59,ASK
952,1712186419.403338,416887230.4793568,10.2,-3.460665034230971e-07,10.59,ASK
953,1712186420.733595,416905096.0682032,10.2,-4.110586905335121e-06,10.59,ASK
954,1712186430.3090682,416905096.0682032,10.2,-0.0,10.59,ASK
955,1712186460.4389424,416905096.0682032,10.2,-0.0,10.59,ASK
956,1712186490.4451275,416905096.0682032,10.2,-0.0,10.59,ASK
957,1712186520.3111267,416905096.0682032,10.2,-0.0,10.59,ASK
958,1712186550.321859,416905096.0682032,10.2,-0.0,10.59,ASK
959,1712186556.33662,416913825.3364959,10.25,2.008374041377361e-06,10.59,BID
960,1712186580.4705262,416913825.3364959,10.25,0.0,10.59,BID
961,1712186610.4390953,416913825.3364959,10.25,0.0,10.59,BID
962,1712186640.3128333,416913825.3364959,10.25,0.0,10.59,BID
963,1712186670.325972,416913825.3364959,10.25,0.0,10.59,BID
964,1712186700.4490583,416913825.3364959,10.25,0.0,10.59,BID
965,1712186717.8398857,416914402.3494959,10.21,-1.332976408393594e-07,10.59,ASK
966,1712186717.8455732,416915706.4948645,10.2,-3.012748429364012e-07,10.59,ASK
967,1712186720.1596754,416937843.090877,10.2,-5.113846697766103e-06,10.59,ASK
968,1712186730.4423764,416937843.090877,10.2,-0.0,10.59,ASK
969,1712186760.3340695,416937843.090877,10.2,-0.0,10.59,ASK
970,1712186790.323284,416937843.090877,10.2,-0.0,10.59,ASK
971,1712186803.2104769,416947647.0124456,10.2,-2.2647074838378603e-06,10.59,ASK
972,1712186820.484037,416947647.0124456,10.2,-0.0,10.59,ASK
973,1712186850.4514673,416947647.0124456,10.2,-0.0,10.59,ASK
974,1712186868.9212446,417133921.5222495,10.2,-4.30284482350347e-05,10.59,ASK
975,1712186869.021767,417216974.9148661,10.2,1.9184904089713743e-05,10.59,BID
976,1712186880.3375573,417216974.9148661,10.2,0.0,10.59,BID
977,1712186910.315604,417216974.9148661,10.2,0.0,10.59,BID
978,1712186940.3555436,417216974.9148661,10.2,0.0,10.59,BID
979,1712186970.3541677,417216974.9148661,10.2,0.0,10.59,BID
980,1712187000.4057682,417216974.9148661,10.2,0.0,10.59,BID
981,1712187020.463338,417221151.2289575,10.2,-9.65459247692633e-07,10.59,ASK
982,1712187020.4689963,417221646.3269967,10.2,-1.1445426996396736e-07,10.59,ASK
983,1712187030.347597,417221646.3269967,10.2,-0.0,10.59,ASK
984,1712187060.4296749,417221646.3269967,10.2,-0.0,10.59,ASK
985,1712187090.4606004,417221646.3269967,10.2,-0.0,10.59,ASK
986,1712187101.684575,417270474.4519967,10.24,1.1287715562825668e-05,10.59,BID
987,1712187103.514719,417399713.1885295,10.21,-2.987643080051294e-05,10.59,ASK
988,1712187103.5226889,417429096.1464139,10.21,-6.792529325955926e-06,10.59,ASK
989,1712187103.5288558,417642634.2104276,10.2,-4.9364109894095936e-05,10.59,ASK
990,1712187103.5347655,417819243.59156704,10.18,-4.0827217101391085e-05,10.59,ASK
991,1712187103.5382648,418123392.35896647,10.18,-7.031080499586648e-05,10.59,ASK
992,1712187103.5417962,418204398.4629802,10.19,-1.872637667245628e-05,10.59,ASK
993,1712187120.3983865,418204398.4629802,10.19,-0.0,10.59,ASK
994,1712187150.1447818,418207345.4177936,10.18,-6.796807256407731e-07,10.59,ASK
995,1712187150.1485553,418290477.6895996,10.18,-1.917348802536401e-05,10.59,ASK
996,1712187150.1521738,418339545.4030441,10.19,-1.1316895300974889e-05,10.59,ASK
997,1712187150.158213,418872810.0507446,10.18,-0.0001229912657853,10.59,ASK
998,1712187150.2188208,418917708.6690446,10.18,1.035534217493485e-05,10.59,BID
999,1712187150.222549,418948306.2459446,10.18,7.05697392303254e-06,10.59,BID
1000,1712187150.299348,418948306.2459446,10.18,0.0,10.59,BID
1201,1712187178.4544742,418953215.3827318,10.18,1.1302608280913582e-06,10.59,BID
1202,1712187180.463972,418953215.3827318,10.18,0.0,10.59,BID
1203,1712187210.4379969,418953215.3827318,10.18,0.0,10.59,BID
1204,1712187240.3209157,418953215.3827318,10.18,0.0,10.59,BID
1205,1712187270.3315618,418953215.3827318,10.18,0.0,10.59,BID
1206,1712187300.4417963,418953215.3827318,10.18,0.0,10.59,BID
1207,1712187330.4512467,418953215.3827318,10.18,0.0,10.59,BID
1208,1712187360.3254569,418953215.3827318,10.18,0.0,10.59,BID
1209,1712187390.3199086,418953215.3827318,10.18,0.0,10.59,BID
1210,1712187420.4453871,418953215.3827318,10.18,0.0,10.59,BID
1211,1712187450.4399097,418953215.3827318,10.18,0.0,10.59,BID
1212,1712187480.3242466,418953215.3827318,10.18,0.0,10.59,BID
1213,1712187510.320578,418953215.3827318,10.18,0.0,10.59,BID
1214,1712187539.118158,418966967.8385275,10.18,-3.166801052823458e-06,10.59,ASK
1215,1712187539.120805,419181464.27645785,10.18,-4.93924543772629e-05,10.59,ASK
1216,1712187540.4745588,419181464.27645785,10.18,-0.0,10.59,ASK
1217,1712187570.447797,419181464.27645785,10.18,-0.0,10.59,ASK
1218,1712187591.0782762,419273404.3792807,10.17,-2.115987995772817e-05,10.59,ASK
1219,1712187591.0832076,419279503.4921441,10.17,-1.4037018893410737e-06,10.59,ASK
1220,1712187596.1806471,419586752.4364891,10.17,-7.071289437217977e-05,10.59,ASK
1221,1712187600.360789,419586752.4364891,10.17,-0.0,10.59,ASK
1222,1712187603.338065,419658752.4364891,10.17,-1.6556919354397477e-05,10.59,ASK
1223,1712187630.3213084,419658752.4364891,10.17,-0.0,10.59,ASK
1224,1712187660.4435966,419658752.4364891,10.17,-0.0,10.59,ASK
1225,1712187670.5682557,419659330.8624891,10.17,-1.3299083752244388e-07,10.59,ASK
1226,1712187670.5710762,419691930.1188359,10.17,-7.495172077637972e-06,10.59,ASK
1227,1712187670.573722,419758752.4364891,10.17,-1.5363686953736064e-05,10.59,ASK
1228,1712187690.4410446,419758752.4364891,10.17,-0.0,10.59,ASK
1229,1712187703.1260114,419871281.599217,10.17,-2.5866487866937545e-05,10.59,ASK
1230,1712187720.286847,419871281.599217,10.17,-0.0,10.59,ASK
1231,1712187750.3087952,419871281.599217,10.17,-0.0,10.59,ASK
1232,1712187766.4144554,419900765.3823992,10.17,6.775500074687425e-06,10.59,BID
1233,1712187780.4615648,419900765.3823992,10.17,0.0,10.59,BID
1234,1712187810.4716797,419900765.3823992,10.17,0.0,10.59,BID
1235,1712187840.3171244,419900765.3823992,10.17,0.0,10.59,BID
1236,1712187870.3364923,419900765.3823992,10.17,0.0,10.59,BID
1237,1712187887.024526,419947909.95170736,10.17,1.0833278132501931e-05,10.59,BID
1238,1712187900.3627534,419947909.95170736,10.17,0.0,10.59,BID
1239,1712187927.299198,419950859.8042148,10.17,6.78988568025484e-07,10.59,BID
1240,1712187930.3338876,419950859.8042148,10.17,0.0,10.59,BID
1241,1712187937.0696435,419960702.3238998,10.16,-2.265507235464422e-06,10.59,ASK
1242,1712187937.0790143,420103796.1948511,10.16,-3.293670831909373e-05,10.59,ASK
1243,1712187937.2092416,420132969.78735113,10.16,6.715047265166783e-06,10.59,BID
1244,1712187937.2120757,420168487.9326609,10.16,8.175408103261697e-06,10.59,BID
1245,1712187947.0093777,420171918.249534,10.16,-7.895750219025555e-07,10.59,ASK
1246,1712187947.0122929,420179209.1802242,10.16,-1.678193873171101e-06,10.59,ASK
1247,1712187960.4571362,420179209.1802242,10.16,-0.0,10.59,ASK
1248,1712187967.966279,420180241.6286018,10.17,2.3751752010623665e-07,10.59,BID
1249,1712187980.0596552,420181224.9127709,10.17,2.262071620026749e-07,10.59,BID
1250,1712187981.1791046,420192041.03863126,10.17,2.4882787819882867e-06,10.59,BID
1251,1712187981.2592883,420360805.39831793,10.17,3.8824693867905976e-05,10.59,BID
1252,1712187990.442734,420360805.39831793,10.17,0.0,10.59,BID
1253,1712188020.36275,420360805.39831793,10.17,0.0,10.59,BID
1254,1712188050.3258247,420360805.39831793,10.17,0.0,10.59,BID
1255,1712188080.454178,420360805.39831793,10.17,0.0,10.59,BID
1256,1712188090.839919,420370609.31988657,10.2,2.2544606177203705e-06,10.59,BID
1257,1712188110.460077,420370609.31988657,10.2,0.0,10.59,BID
1258,1712188140.3291895,420370609.31988657,10.2,0.0,10.59,BID
1259,1712188162.5901835,420380609.31988657,10.17,-2.299496951995429e-06,10.59,ASK
1260,1712188162.7599745,420412520.75376415,10.17,7.338024493531572e-06,10.59,BID
1261,1712188170.3380542,420412520.75376415,10.17,0.0,10.59,BID
1262,1712188200.3263297,420412520.75376415,10.17,0.0,10.59,BID
1263,1712188221.752662,420432128.5969014,10.2,4.522328659243225e-06,10.59,BID
1264,1712188221.9306347,420441932.5184701,10.2,2.2611643296216126e-06,10.59,BID
1265,1712188230.3239644,420441932.5184701,10.2,0.0,10.59,BID
1266,1712188241.5505395,420442432.5184701,10.2,1.1531140222694413e-07,10.59,BID
1267,1712188260.4635615,420442432.5184701,10.2,0.0,10.59,BID
1268,1712188283.3922973,420449256.55787885,10.15,-1.573777255122485e-06,10.59,ASK
1269,1712188283.3960671,420638065.9470415,10.15,-4.354369962083677e-05,10.59,ASK
1270,1712188283.398744,420992287.48987794,10.14,-8.169146952336322e-05,10.59,ASK
1271,1712188283.4010372,421090615.9067904,10.16,-2.2676748594016664e-05,10.59,ASK
1272,1712188283.4033413,421105408.8061987,10.14,-3.411575934927224e-06,10.59,ASK
1273,1712188283.4056308,421212705.3194992,10.15,-2.4744993701005065e-05,10.59,ASK
1274,1712188283.4079409,421273410.7445485,10.14,-1.4000038903922032e-05,10.59,ASK
1275,1712188290.461861,421273410.7445485,10.14,-0.0,10.59,ASK
1276,1712188320.3446589,421273410.7445485,10.14,-0.0,10.59,ASK
1277,1712188329.776348,421274394.0287176,10.18,2.26327413761504e-07,10.59,BID
1278,1712188345.4314263,421275376.3469888,10.19,2.2610508820036586e-07,10.59,BID
1279,1712188350.3254538,421275376.3469888,10.19,0.0,10.59,BID
1280,1712188380.4716303,421275376.3469888,10.19,0.0,10.59,BID
1281,1712188385.1518807,421578588.4521009,10.19,6.979151856604007e-05,10.59,BID
1282,1712188385.155064,421675131.40032977,10.19,2.222166875971321e-05,10.59,BID
1283,1712188385.2114947,421875735.8335847,10.19,-4.61739086002703e-05,10.59,ASK
1284,1712188385.231711,421875735.83358496,10.19,-5.4877738748925785e-17,10.59,ASK
1285,1712188410.4742675,421875735.83358496,10.19,-0.0,10.59,ASK
1286,1712188439.7816105,421973871.2604741,10.19,2.2556453474041404e-05,10.59,BID
1287,1712188440.3356254,421973871.2604741,10.19,0.0,10.59,BID
1288,1712188470.317592,421973871.2604741,10.19,0.0,10.59,BID
1289,1712188493.4007576,421975129.1221093,10.14,-2.890533860330587e-07,10.59,ASK
1290,1712188497.5208094,421975947.5715696,10.19,1.880775922927772e-07,10.59,BID
1291,1712188500.4607964,421975947.5715696,10.19,0.0,10.59,BID
1292,1712188530.4555347,421975947.5715696,10.19,0.0,10.59,BID
1293,1712188560.335112,421975947.5715696,10.19,0.0,10.59,BID
1294,1712188569.4288938,421985761.11425847,10.18,2.2616761956804995e-06,10.59,BID
1295,1712188590.3032358,421985761.11425847,10.18,0.0,10.59,BID
1296,1712188620.4407218,421985761.11425847,10.18,0.0,10.59,BID
1297,1712188650.461324,421985761.11425847,10.18,0.0,10.59,BID
1298,1712188672.9266343,422144787.2797128,10.15,-3.664909030270519e-05,10.59,ASK
1299,1712188673.9287872,422263461.5318095,10.15,-2.734960859599881e-05,10.59,ASK
1300,1712188680.293205,422263461.5318095,10.15,-0.0,10.59,ASK
1301,1712188687.695757,422319665.10440624,10.15,-1.2944238735190764e-05,10.59,ASK
1302,1712188687.698778,422320197.05840623,10.15,-1.2251426829210246e-07,10.59,ASK
1303,1712188710.3154976,422320197.05840623,10.15,-0.0,10.59,ASK
1304,1712188721.3790605,422325197.05840623,10.14,-1.1513967531153526e-06,10.59,ASK
1305,1712188721.3928733,422426161.3877948,10.14,-2.325000020769113e-05,10.59,ASK
1306,1712188721.645376,422430102.2744943,10.14,9.07504830039426e-07,10.59,BID
1307,1712188740.4724257,422430102.2744943,10.14,0.0,10.59,BID
1308,1712188744.3048325,422436014.6194077,10.13,-1.3611416344631828e-06,10.59,ASK
1309,1712188744.308086,422658338.6659144,10.13,-5.118350171952299e-05,10.59,ASK
1310,1712188751.494311,422839746.44850993,10.13,-4.176374844874223e-05,10.59,ASK
1311,1712188755.9544947,423091019.4022603,10.13,-5.784812692298686e-05,10.59,ASK
1312,1712188770.4776092,423091019.4022603,10.13,-0.0,10.59,ASK
1313,1712188780.718668,423189638.73164886,10.14,-2.266922739588833e-05,10.59,ASK
1314,1712188780.723978,423229387.9198815,10.13,-9.136985542640309e-06,10.59,ASK
1315,1712188780.7264788,423244720.4902827,10.14,-3.5244361033791945e-06,10.59,ASK
1316,1712188800.427501,423244720.4902827,10.14,-0.0,10.59,ASK
1317,1712188804.1238184,1027.27979689,10.13,-2.374581442161968e-07,10.13,ASK
1318,1712188804.8742902,8765.77563504,10.13,-1.7887715365521069e-06,10.13,ASK
1319,1712188806.3534234,73415.45012255,10.13,-1.49439245028092e-05,10.13,ASK
1320,1712188810.214589,243997.19292255,10.13,-3.9430371555131375e-05,10.13,ASK
1321,1712188830.400489,243997.19292255,10.13,-0.0,10.13,ASK
1322,1712188860.2824128,243997.19292255,10.13,-0.0,10.13,ASK
1323,1712188860.6346254,243997.19292255,10.13,-0.0,10.13,ASK
1324,1712188890.4578717,243997.19292255,10.13,-0.0,10.13,ASK
1325,1712188913.739424,428642.16512244,10.14,-4.265674875598306e-05,10.14,ASK
1326,1712188918.1157932,467214.97129408,10.14,-8.9111037363944e-06,10.14,ASK
1327,1712188920.2236164,467214.97129408,10.14,-0.0,10.14,ASK
1328,1712188920.6310225,467214.97129408,10.14,-0.0,10.14,ASK
1329,1712188944.3422115,468202.13812527,10.18,2.2793645351042066e-07,10.18,BID
1330,1712188950.3160462,468202.13812527,10.18,0.0,10.18,BID
1331,1712188966.7540452,469188.33141915,10.16,2.277111357289212e-07,10.18,BID
1332,1712188971.6151416,567420.15853113,10.14,-2.268163964935499e-05,10.18,ASK
1333,1712188974.8806252,567941.07231915,10.14,1.202785204715983e-07,10.18,BID
1334,1712188978.7705438,665845.35538152,10.14,-2.26060100258311e-05,10.18,ASK
1335,1712188980.3188777,665845.35538152,10.14,-0.0,10.18,ASK
1336,1712188980.7702818,665845.35538152,10.14,-0.0,10.18,ASK
1337,1712188982.7697546,805131.48073783,10.17,3.214616418604287e-05,10.18,BID
1338,1712188982.7735243,924682.84193783,10.15,2.7591532724232024e-05,10.18,BID
1339,1712188982.775095,971445.60430367,10.16,1.0792485130588056e-05,10.18,BID
1340,1712188982.7766433,1048826.78505719,10.17,1.78589801033605e-05,10.18,BID
1341,1712188982.7803707,1048845.27342614,10.14,4.266973054737092e-09,10.18,BID
1342,1712188982.7819178,1053040.33692614,10.15,9.6818832239678e-07,10.18,BID
1343,1712188982.783479,1084540.33692614,10.18,7.269957214115847e-06,10.18,BID
1344,1712188982.7850556,1111248.41402614,10.19,6.1640183424859695e-06,10.19,BID
1345,1712188982.7866108,1361248.41402614,10.2,5.769807312790354e-05,10.2,BID
1346,1712188982.7881973,1372571.60313436,10.22,2.6133047728286176e-06,10.22,BID
1347,1712188982.789742,1403371.60313436,10.19,7.1084026093577164e-06,10.22,BID
1348,1712188982.7913442,1857565.30477616,10.28,0.0001048244056462,10.28,BID
1349,1712188982.792906,2036324.56884542,10.26,4.125626036223351e-05,10.28,BID
1350,1712188982.7944632,2307780.04098886,10.17,6.26498307308072e-05,10.28,BID
1351,1712188982.796102,2338337.29577157,10.22,7.052378884163072e-06,10.28,BID
1352,1712188982.797675,2400263.61527157,10.19,1.4292117244211726e-05,10.28,BID
1353,1712188982.7992702,2636027.75038587,10.23,5.441254523504727e-05,10.28,BID
1354,1712188982.8008983,2667508.46999391,10.22,7.2655074482547825e-06,10.28,BID
1355,1712188989.050376,2696908.46999391,10.22,-6.7852933998414565e-06,10.28,ASK
1356,1712189002.6531591,2794755.82811525,10.22,2.258241609702901e-05,10.28,BID
1357,1712189002.700938,2819039.47885325,10.22,-5.604479424374357e-06,10.28,ASK
1358,1712189002.7045424,2819039.47885347,10.22,-5.08338000429764e-17,10.28,ASK
1359,1712189005.810551,2873373.98865647,10.2,-1.2539986079929124e-05,10.28,ASK
1360,1712189005.8202696,2873373.98865739,10.2,-2.122552961625336e-16,10.28,ASK
1361,1712189005.9337585,2971221.34677872,10.22,2.258241609702675e-05,10.28,BID
1362,1712189007.600165,2972200.89668087,10.22,2.2607256754671242e-07,10.28,BID
1363,1712189010.476942,2972200.89668087,10.22,0.0,10.28,BID
1364,1712189012.404349,3142266.10941307,10.19,-3.903746722624189e-05,10.28,ASK
1365,1712189022.0902011,3166054.2837117,10.19,5.460435203860228e-06,10.28,BID
1366,1712189022.0931814,3221447.02925736,10.19,1.2715078257746704e-05,10.28,BID
1367,1712189040.226085,3221447.02925736,10.19,0.0,10.28,BID
1368,1712189040.5853348,3247240.7561752,10.19,5.920797986966356e-06,10.28,BID
1369,1712189040.5894532,3317619.74760868,10.19,1.6155082673061173e-05,10.28,BID
1370,1712189040.6600184,3317619.74760868,10.19,0.0,10.28,BID
1371,1712189040.971671,3318306.74760868,10.19,1.5756949203190218e-07,10.28,BID
1372,1712189048.8699782,3350099.78104317,10.19,7.292011831769873e-06,10.28,BID
1373,1712189048.8736787,3416442.17449778,10.19,1.5216211407312186e-05,10.28,BID
1374,1712189050.1398792,3426320.24408538,10.19,2.2656221356243165e-06,10.28,BID
1375,1712189064.0698175,3427594.56315153,10.23,2.922762852108317e-07,10.28,BID
1376,1712189068.1799247,3447550.77573043,10.19,-4.577132865994111e-06,10.28,ASK
1377,1712189070.32081,3447550.77573043,10.19,-0.0,10.28,ASK
1378,1712189100.2621672,3447550.77573043,10.19,-0.0,10.28,ASK
1379,1712189100.642879,3447550.77573043,10.19,-0.0,10.28,ASK
1380,1712189130.4524124,3447550.77573043,10.19,-0.0,10.28,ASK
1381,1712189160.2510772,3447550.77573043,10.19,-0.0,10.28,ASK
1382,1712189160.5968006,3447550.77573043,10.19,-0.0,10.28,ASK
1383,1712189190.338832,3447550.77573043,10.19,-0.0,10.28,ASK
1384,1712189220.2944286,3447550.77573043,10.19,-0.0,10.28,ASK
1385,1712189220.725419,3447550.77573043,10.19,-0.0,10.28,ASK
1386,1712189236.2259245,3448050.77573043,10.19,-1.153777632159227e-07,10.28,ASK
1387,1712189236.2297475,3457515.38015596,10.19,-2.184009776682337e-06,10.28,ASK
1388,1712189236.8241136,3461667.20726794,10.18,-9.58057050878941e-07,10.28,ASK
1389,1712189250.471157,3461667.20726794,10.18,-0.0,10.28,ASK
1390,1712189266.4087844,3465407.32526204,10.17,-8.63024258238774e-07,10.28,ASK
1391,1712189266.568714,3465407.32526243,10.17,9.004339320185109e-17,10.28,BID
1392,1712189266.5733266,3492634.60707243,10.17,6.282637265723125e-06,10.28,BID
1393,1712189271.5331712,3542634.60707243,10.16,-1.1537393467267872e-05,10.28,ASK
1394,1712189280.0412002,3542634.60707284,10.17,9.455630789693192e-17,10.28,BID
1395,1712189280.0442078,3565664.63583684,10.17,5.314130068255334e-06,10.28,BID
1396,1712189280.27628,3565664.63583684,10.17,0.0,10.28,BID
1397,1712189280.6318374,3565664.63583684,10.17,0.0,10.28,BID
1398,1712189310.32893,3565664.63583684,10.17,0.0,10.28,BID
1399,1712189340.2786863,3565664.63583684,10.17,0.0,10.28,BID
1400,1712189340.6983385,3565664.63583684,10.17,0.0,10.28,BID
1401,1712189366.162953,3570571.40718129,10.19,1.1319509095217158e-06,10.28,BID
1402,1712189370.4559972,3570571.40718129,10.19,0.0,10.28,BID
1403,1712189384.688026,3580404.24887253,10.17,-2.268327772474608e-06,10.28,ASK
1404,1712189384.6920924,3668706.83407039,10.17,-2.0370429289434373e-05,10.28,ASK
1405,1712189400.2901149,3668706.83407039,10.17,-0.0,10.28,ASK
1406,1712189400.688403,3668706.83407039,10.17,-0.0,10.28,ASK
1407,1712189430.3390465,3668706.83407039,10.17,-0.0,10.28,ASK
1408,1712189454.5192587,3733016.3781447,10.19,1.486345917973696e-05,10.28,BID
1409,1712189454.5210657,3766842.26095949,10.19,7.817962880521221e-06,10.28,BID
1410,1712189460.3020313,3766842.26095949,10.19,0.0,10.28,BID
1411,1712189460.649478,3766842.26095949,10.19,0.0,10.28,BID
1412,1712189490.4559226,3766842.26095949,10.19,0.0,10.28,BID
1413,1712189492.437534,3811889.94124835,10.17,-1.0409180321897344e-05,10.28,ASK
1414,1712189492.441836,4146517.09955709,10.17,-7.732239283142767e-05,10.28,ASK
1415,1712189492.445132,4518184.51775901,10.17,-8.588129624056505e-05,10.28,ASK
1416,1712189520.2960303,4518184.51775901,10.17,-0.0,10.28,ASK
1417,1712189520.6094072,4518184.51775901,10.17,-0.0,10.28,ASK
1418,1712189550.3237884,4518184.51775901,10.17,-0.0,10.28,ASK
1419,1712189563.796657,4520147.22629679,10.19,4.5272427176363146e-07,10.28,BID
1420,1712189580.2749765,4520147.22629679,10.19,0.0,10.28,BID
1421,1712189580.6405785,4520147.22629679,10.19,0.0,10.28,BID
1422,1712189610.453488,4520147.22629679,10.19,0.0,10.28,BID
1423,1712189611.0365217,4610425.27050923,10.19,2.08237099333034e-05,10.28,BID
1424,1712189611.038478,4887772.52393921,10.19,6.397345895790306e-05,10.28,BID
1425,1712189611.040315,5139979.2556324,10.19,5.8174497130740506e-05,10.28,BID
1426,1712189611.126838,5163193.60985845,10.19,5.354668268562338e-06,10.28,BID
1427,1712189611.1293008,5242565.23769411,10.19,1.830801463858193e-05,10.28,BID
1428,1712189611.1316142,5329723.75440861,10.19,2.010415363018723e-05,10.28,BID
1429,1712189611.3093803,5358250.74460961,10.21,6.580091254723465e-06,10.28,BID
1430,1712189611.4062903,5380228.80491361,10.21,5.069502298811232e-06,10.28,BID
1431,1712189640.2791977,5380228.80491361,10.21,0.0,10.28,BID
1432,1712189640.5789962,5380228.80491361,10.21,0.0,10.28,BID
1433,1712189670.3011062,5380228.80491361,10.21,0.0,10.28,BID
1434,1712189698.55628,5380228.80491366,10.21,1.1362523379750046e-17,10.28,BID
1435,1712189698.559542,5390228.80491361,10.21,2.301965392255705e-06,10.28,BID
1436,1712189700.3223877,5390228.80491361,10.21,0.0,10.28,BID
1437,1712189700.63702,5390228.80491361,10.21,0.0,10.28,BID
1438,1712189705.9460874,5410228.80491361,10.21,4.665002941848982e-06,10.28,BID
1439,1712189713.3262005,5412333.32450132,10.21,4.908795033921971e-07,10.28,BID
1440,1712189715.6362798,5426323.74669193,10.18,-3.263268033845321e-06,10.28,ASK
1441,1712189716.9065683,5426831.48099046,10.18,-1.184290998160121e-07,10.28,ASK
1442,1712189717.9065871,5475644.71770543,10.2,-1.1385694643825364e-05,10.28,ASK
1443,1712189718.0261345,5655856.76636943,10.21,4.203448685870957e-05,10.28,BID
1444,1712189718.996276,5743540.19811743,10.21,2.045217335279172e-05,10.28,BID
1445,1712189720.782276,5744046.43467466,10.2,-1.1807975143733773e-07,10.28,ASK
1446,1712189723.109567,5744046.434675,10.21,7.928936154464625e-17,10.28,BID
1447,1712189730.0372624,5830969.529375,10.22,2.027482462450594e-05,10.28,BID
1448,1712189730.126324,5842181.86156411,10.22,2.6152781323593343e-06,10.28,BID
1449,1712189730.3404288,5842181.86156411,10.22,0.0,10.28,BID
1450,1712189732.2553382,5842688.09812134,10.21,-1.179527951420355e-07,10.28,ASK
1451,1712189755.1277678,5872788.09812134,10.19,-7.0132808132221336e-06,10.28,ASK
1452,1712189755.129742,5922190.99699842,10.18,-1.151084394724836e-05,10.28,ASK
1453,1712189755.1322715,6014573.12644085,10.21,-2.1524977272531514e-05,10.28,ASK
1454,1712189755.1354911,6017291.53125024,10.17,-6.333865877829576e-07,10.28,ASK
1455,1712189755.138728,6047391.53125024,10.18,-7.0132808132221336e-06,10.28,ASK
1456,1712189755.141943,6244705.95171945,10.17,-4.59741341943107e-05,10.28,ASK
1457,1712189755.1443129,6275666.49235026,10.21,-7.213786231662586e-06,10.28,ASK
1458,1712189755.1462357,6305766.49235026,10.2,-7.0132808132221336e-06,10.28,ASK
1459,1712189755.1481118,6339054.56344241,10.18,-7.756099345506683e-06,10.28,ASK
1460,1712189755.1500337,6563548.60943809,10.17,-5.230696961674776e-05,10.28,ASK
1461,1712189755.2066388,6656987.67563789,10.17,2.177124286327077e-05,10.28,BID
1462,1712189755.2098997,6860702.05303789,10.17,4.7465320079631786e-05,10.28,BID
1463,1712189755.226152,7010166.40603789,10.17,3.482509897526781e-05,10.28,BID
1464,1712189755.2292433,7041666.40603789,10.17,7.339479920813861e-06,10.28,BID
1465,1712189755.2875926,7130327.40603789,10.17,2.0657956484421514e-05,10.28,BID
1466,1712189755.306696,7284137.97776023,10.17,3.5837765167143285e-05,10.28,BID
1467,1712189755.3859031,7434737.86710606,10.17,3.5089678220016e-05,10.28,BID
1468,1712189758.5962348,7588548.4388284,10.17,3.58377651671435e-05,10.28,BID
1469,1712189760.4459045,7588548.4388284,10.17,0.0,10.28,BID
1470,1712189764.1159666,7602585.96282072,10.17,-3.257249247198936e-06,10.28,ASK
1471,1712189790.44737,7602585.96282072,10.17,-0.0,10.28,ASK
1472,1712189820.3063743,7602585.96282072,10.17,-0.0,10.28,ASK
1473,1712189850.3190005,7602585.96282072,10.17,-0.0,10.28,ASK
1474,1712189880.4556162,7602585.96282072,10.17,-0.0,10.28,ASK
1475,1712189895.4794817,7605202.64565292,10.17,-6.071516499853984e-07,10.28,ASK
1476,1712189901.5158973,7610962.67784687,10.22,1.336506284785598e-06,10.28,BID
1477,1712189906.6157951,7611470.4121454,10.17,-1.1781011948150313e-07,10.28,ASK
1478,1712189910.5042503,7611470.4121454,10.17,-0.0,10.28,ASK
1479,1712189940.2925186,7611470.4121454,10.17,-0.0,10.28,ASK
1480,1712189965.2456503,7612229.40919554,10.17,-1.76107174236309e-07,10.28,ASK
1481,1712189965.2499597,7632229.40919554,10.17,-4.640523285407477e-06,10.28,ASK
1482,1712189965.2551358,7664090.91309256,10.17,-7.392702537111256e-06,10.28,ASK
1483,1712189970.2909667,7664090.91309256,10.17,-0.0,10.28,ASK
1484,1712189985.0852685,7698037.17002695,10.17,-7.87544190273434e-06,10.28,ASK
1485,1712190000.3410058,7698037.17002695,10.17,-0.0,10.28,ASK
1486,1712190019.7761834,7714883.33144427,10.16,-3.94163691013497e-06,10.28,ASK
1487,1712190019.7793424,7852467.03728359,10.16,-3.219160731843907e-05,10.28,ASK
1488,1712190030.3196173,7852467.03728359,10.16,-0.0,10.28,ASK
1489,1712190031.634976,8305434.51254663,10.16,-0.0001059456845254,10.28,ASK
1490,1712190031.7356296,8341915.52239884,10.15,-8.532633736515023e-06,10.28,ASK
1491,1712190031.739184,8635869.2662412,10.15,-6.875356909924662e-05,10.28,ASK
1492,1712190036.7051673,8652731.742301,10.14,-3.94400628414375e-06,10.28,ASK
1493,1712190036.7154438,8728246.9468499,10.14,-1.766243819905479e-05,10.28,ASK
1494,1712190036.7181294,9039508.1642329,10.14,-7.280165694618332e-05,10.28,ASK
1495,1712190036.909413,9085938.68387082,10.13,-1.0859749219426788e-05,10.28,ASK
1496,1712190042.26498,9323712.80547393,10.13,-5.561357812955399e-05,10.28,ASK
1497,1712190044.4408455,9375189.42789281,10.13,-1.203999469511878e-05,10.28,ASK
1498,1712190056.4449189,9398570.80907573,10.13,-5.468729146915765e-06,10.28,ASK
1499,1712190058.6651452,9433260.04869984,10.13,-8.113552160695235e-06,10.28,ASK
1500,1712190059.3150716,9778245.2994373,10.13,-8.068945462221639e-05,10.28,ASK
1501,1712190060.458165,9778245.2994373,10.13,-0.0,10.28,ASK
1502,1712190080.319878,9779232.46626849,10.15,2.2984087275520786e-07,10.28,BID
1503,1712190090.4647624,9779232.46626849,10.15,0.0,10.28,BID
1504,1712190106.3877304,10141999.90469213,10.15,8.446251181405643e-05,10.28,BID
1505,1712190108.8747618,10468472.46626848,10.15,7.601203875664795e-05,10.28,BID
1506,1712190119.76216,10480509.61208128,10.15,2.8025877262828144e-06,10.28,BID
1507,1712190120.3102217,10480509.61208128,10.15,0.0,10.28,BID
1508,1712190122.675016,10481013.56465045,10.14,-1.1714026804975913e-07,10.28,ASK
1509,1712190133.4648666,10501013.56465045,10.14,-4.6488608339750935e-06,10.28,ASK
1510,1712190150.3306527,10501013.56465045,10.14,-0.0,10.28,ASK
1511,1712190152.8547995,10517887.13946845,10.14,-3.921955517698077e-06,10.28,ASK
1512,1712190166.4445207,10518514.55259586,10.14,-1.4583076813658394e-07,10.28,ASK
1513,1712190176.4848356,10519019.00363444,10.14,-1.172504674029327e-07,10.28,ASK
1514,1712190180.4502094,10519019.00363444,10.14,-0.0,10.28,ASK
1515,1712190181.5354016,10519647.60063444,10.14,-1.4609973785627693e-07,10.28,ASK
1516,1712190181.5400386,10751366.4703443,10.14,-5.385655057359384e-05,10.28,ASK
1517,1712190181.545987,10759196.23662839,10.14,-1.8198095148081392e-06,10.28,ASK
1518,1712190181.5482404,11022843.84017868,10.14,-6.12774890193107e-05,10.28,ASK
1519,1712190181.55031,11692293.90413127,10.13,-0.0001555948864712,10.28,ASK
1520,1712190210.456345,11692293.90413127,10.13,-0.0,10.28,ASK
1521,1712190236.5150082,11741603.56882555,10.14,-1.1429063201813447e-05,10.28,ASK
1522,1712190236.519713,11801229.81146127,10.13,-1.3820254098165374e-05,10.28,ASK
1523,1712190240.3037057,11801229.81146127,10.13,-0.0,10.28,ASK
1524,1712190247.5688024,11947551.67720658,10.13,-3.3906010941704645e-05,10.28,ASK
1525,1712190247.5725238,12046268.36032602,10.13,-2.287483774846431e-05,10.28,ASK
1526,1712190247.575298,12490469.81146126,10.13,-0.0001029312959194,10.28,ASK
1527,1712190250.1712327,12491456.97829245,10.14,2.287483774835685e-07,10.28,BID
1528,1712190250.325496,12536318.41279245,10.14,1.0395386098104798e-05,10.28,BID
1529,1712190257.394522,12634937.74218101,10.14,2.2852278736879742e-05,10.28,BID
1530,1712190258.857279,12641789.99883798,10.14,1.587819346091174e-06,10.28,BID
1531,1712190261.7446508,12644799.67511986,10.14,-6.974085275952899e-07,10.28,ASK
1532,1712190261.7469246,12652185.49347444,10.13,-1.7114573865518e-06,10.28,ASK
1533,1712190265.884351,12652695.23860187,10.13,-1.1811921465116033e-07,10.28,ASK
1534,1712190266.5244892,12653682.40543306,10.13,-2.287483774835685e-07,10.28,ASK
1535,1712190269.6986177,12657109.51714867,10.13,-7.941375455815268e-07,10.28,ASK
1536,1712190269.7008638,12671917.01961658,10.13,-3.4312256622682007e-06,10.28,ASK
1537,1712190269.703048,12984848.87726105,10.13,-7.251322921052543e-05,10.28,ASK
1538,1712190270.3282452,12984848.87726105,10.13,-0.0,10.28,ASK
1539,1712190272.3047228,13001418.07804077,10.13,-3.828810913064923e-06,10.28,ASK
1540,1712190300.4330974,13001418.07804077,10.13,-0.0,10.28,ASK
1541,1712190322.5659697,13011280.01097962,10.13,-2.29261974192308e-06,10.28,ASK
1542,1712190322.5729125,13021620.61039946,10.13,-2.403896124647941e-06,10.28,ASK
1543,1712190327.7850318,13022211.74340438,10.15,1.3742166019400578e-07,10.28,BID
1544,1712190330.4435415,13022211.74340438,10.15,0.0,10.28,BID
1545,1712190332.984695,13022716.69389943,10.13,-1.173809224213505e-07,10.28,ASK
1546,1712190360.3133178,13022716.69389943,10.13,-0.0,10.28,ASK
1547,1712190378.3487666,13149396.45789943,10.15,2.944797562333735e-05,10.28,BID
1548,1712190385.0750628,13149905.19562542,10.14,-1.1826116248229197e-07,10.28,ASK
1549,1712190385.694607,13150382.65119331,10.14,-1.109893125820745e-07,10.28,ASK
1550,1712190385.6995358,13150413.93335141,10.14,-7.271849900217436e-09,10.28,ASK
1551,1712190386.8948855,13152489.90957595,10.14,-4.825813952011765e-07,10.28,ASK
1552,1712190386.8998091,13235157.10730425,10.14,-1.92168152725055e-05,10.28,ASK
1553,1712190390.31275,13235157.10730425,10.14,-0.0,10.28,ASK
1554,1712190400.1047258,13637923.74808094,10.15,9.358023783766876e-05,10.28,BID
1555,1712190400.1642745,13678867.07357285,10.15,9.512918274486028e-06,10.28,BID
1556,1712190403.7943118,13679371.02614202,10.14,-1.1709013733332761e-07,10.28,ASK
1557,1712190407.4074535,13680356.24781689,10.15,2.2890991786071054e-07,10.28,BID
1558,1712190417.004783,13682326.69116664,10.15,4.578198357231522e-07,10.28,BID
1559,1712190418.024392,14165456.16091452,10.15,0.0001122520241453,10.28,BID
1560,1712190420.458559,14165456.16091452,10.15,0.0,10.28,BID
1561,1712190425.6217525,14166047.29391944,10.15,1.3704528553181614e-07,10.28,BID
1562,1712190425.682255,14166556.53484793,10.14,-1.1805984079460956e-07,10.28,ASK
1563,1712190440.3242607,14167060.4874171,10.14,-1.1683381432181429e-07,10.28,ASK
1564,1712190441.8147645,14237568.32580635,10.14,-1.6346180578403727e-05,10.28,ASK
1565,1712190442.1341562,14238072.27837552,10.14,-1.1683381432181429e-07,10.28,ASK
1566,1712190445.16466,14238576.23094469,10.14,-1.1683381432181429e-07,10.28,ASK
1567,1712190450.4461243,14238576.23094469,10.14,-0.0,10.28,ASK
1568,1712190480.3144786,14238576.23094469,10.14,-0.0,10.28,ASK
1569,1712190510.3272626,14238576.23094469,10.14,-0.0,10.28,ASK
1570,1712190511.094412,14265175.86423649,10.14,-6.165664592954182e-06,10.28,ASK
1571,1712190511.1043515,14279966.7091296,10.14,-3.4284453344485768e-06,10.28,ASK
1572,1712190511.1083114,14379686.29679605,10.14,-2.3114511548117003e-05,10.28,ASK
1573,1712190520.97465,14380277.42980097,10.15,1.3702173252473638e-07,10.28,BID
1574,1712190531.4757648,14387933.85627258,10.15,1.7747221206658792e-06,10.28,BID
1575,1712190536.1647325,14478845.82671592,10.15,2.107294905493929e-05,10.28,BID
1576,1712190536.7376635,14479349.77928509,10.14,-1.1681373491780417e-07,10.28,ASK
1577,1712190540.3367558,14479349.77928509,10.14,-0.0,10.28,ASK
