,time,acc_trade_volume,trade_price,dev,high,ask_bid
0,1712173460.230749,20944873.69508994,428.9,0.0,444.3,BID
1,1712173470.153442,20944873.69508994,428.9,0.0,444.3,BID
2,1712173500.132615,20944873.69508994,428.9,0.0,444.3,BID
3,1712173530.1131074,20944873.69508994,428.9,0.0,444.3,BID
4,1712173560.1644208,20944873.69508994,428.9,0.0,444.3,BID
5,1712173590.162116,20944873.69508994,428.9,0.0,444.3,BID
6,1712173620.103166,20944873.69508994,428.9,0.0,444.3,BID
7,1712173650.1124208,20944873.69508994,428.9,0.0,444.3,BID
8,1712173680.1635234,20944873.69508994,428.9,0.0,444.3,BID
9,1712173710.1537845,20944873.69508994,428.9,0.0,444.3,BID
10,1712173740.1022518,20944873.69508994,428.9,0.0,444.3,BID
11,1712173770.097815,20944873.69508994,428.9,0.0,444.3,BID
12,1712173800.1233983,20944873.69508994,428.9,0.0,444.3,BID
13,1712173830.093522,20944873.69508994,428.9,0.0,444.3,BID
14,1712173860.153447,20944873.69508994,428.9,0.0,444.3,BID
15,1712173890.1618748,20944873.69508994,428.9,0.0,444.3,BID
16,1712173920.1028726,20944873.69508994,428.9,0.0,444.3,BID
17,1712173950.1038668,20944873.69508994,428.9,0.0,444.3,BID
18,1712173957.4951708,20947205.24090481,428.9,-2.4896298092116404e-07,444.3,ASK
19,1712173980.091962,20948431.52271682,427.2,-1.3094264475511657e-07,444.3,ASK
20,1712173980.1618953,20948431.52271682,427.2,-0.0,444.3,ASK
21,1712173980.197116,20951508.32271682,427.2,3.28487937438613e-07,444.3,BID
22,1712173980.2024992,20963256.7603876,427.2,1.254296690912374e-06,444.3,BID
23,1712173980.294612,20965936.7603876,427.6,2.8612443848650214e-07,444.3,BID
24,1712173980.3594382,20966753.2603876,428.9,8.717186717321977e-08,444.3,BID
25,1712174010.1533296,20966753.2603876,428.9,0.0,444.3,BID
26,1712174040.103234,20966753.2603876,428.9,0.0,444.3,BID
27,1712174042.7919374,20967111.06429467,427.8,-3.816826006041461e-08,444.3,ASK
28,1712174070.1035943,20967111.06429467,427.8,-0.0,444.3,ASK
29,1712174100.1533475,20967111.06429467,427.8,-0.0,444.3,ASK
30,1712174127.1417408,20967133.07408716,428.9,2.348091316512128e-09,444.3,BID
31,1712174130.153091,20967133.07408716,428.9,0.0,444.3,BID
32,1712174160.132431,20967133.07408716,428.9,0.0,444.3,BID
33,1712174190.1123188,20967133.07408716,428.9,0.0,444.3,BID
34,1712174220.1421845,20967133.07408716,428.9,0.0,444.3,BID
35,1712174250.115655,20967133.07408716,428.9,0.0,444.3,BID
36,1712174280.1638205,20967133.07408716,428.9,0.0,444.3,BID
37,1712174310.1537557,20967133.07408716,428.9,0.0,444.3,BID
38,1712174311.8827903,20967175.2186093,429.0,4.496139018403297e-09,444.3,BID
39,1712174311.9700313,20967520.8461063,429.0,3.6872864995430246e-08,444.3,BID
40,1712174311.9714763,20967520.84610668,429.0,4.053768001258172e-17,444.3,BID
41,1712174340.0942078,20967520.84610668,429.0,0.0,444.3,BID
42,1712174370.107206,20967520.84610668,429.0,0.0,444.3,BID
43,1712174400.146687,20967520.84610668,429.0,0.0,444.3,BID
44,1712174430.1142335,20967520.84610668,429.0,0.0,444.3,BID
45,1712174460.154728,20967520.84610668,429.0,0.0,444.3,BID
46,1712174471.0629427,20967550.88307525,428.1,-3.204790792177809e-09,444.3,ASK
47,1712174489.493251,20968993.04219961,428.1,-1.5387099639606768e-07,444.3,ASK
48,1712174489.4958923,20969515.21226901,428.1,-5.5712873502582334e-08,444.3,ASK
49,1712174490.1728776,20969515.21226901,428.1,-0.0,444.3,ASK
50,1712174520.104251,20969515.21226901,428.1,-0.0,444.3,ASK
51,1712174538.3440824,20970777.18936601,427.9,-1.346342319165586e-07,444.3,ASK
52,1712174547.6033795,20970806.41044809,428.8,3.117455895976197e-09,444.3,BID
53,1712174550.1032407,20970806.41044809,428.8,0.0,444.3,BID
54,1712174574.0530517,20970946.33582122,428.8,1.4927081295137832e-08,444.3,BID
55,1712174580.1655617,20970946.33582122,428.8,0.0,444.3,BID
56,1712174610.1549842,20970946.33582122,428.8,0.0,444.3,BID
57,1712174621.913109,20970946.33582167,427.9,-4.808627505759809e-17,444.3,ASK
58,1712174637.30339,20971048.48535438,428.0,1.0897127412778328e-08,444.3,BID
59,1712174640.1070926,20971048.48535438,428.0,0.0,444.3,BID
60,1712174670.103608,20971048.48535438,428.0,0.0,444.3,BID
61,1712174676.293202,20973541.98844323,427.0,-2.660011594157825e-07,444.3,ASK
62,1712174676.393503,20973612.24605447,427.0,-7.494919950773145e-09,444.3,ASK
63,1712174676.3954194,20973866.83877293,427.0,-2.7159364105823468e-08,444.3,ASK
64,1712174676.4031963,20974675.39893816,427.0,-8.625533385955976e-08,444.3,ASK
65,1712174700.1662264,20974675.39893816,427.0,-0.0,444.3,ASK
66,1712174717.943441,20974780.77402579,427.9,1.1292916478313108e-08,444.3,BID
67,1712174730.155514,20974780.77402579,427.9,0.0,444.3,BID
68,1712174731.7035944,20980268.30762079,427.0,5.880892770804257e-07,444.3,BID
69,1712174731.7053409,20983434.89609739,427.0,3.3935769062316825e-07,444.3,BID
70,1712174733.2535682,20988014.89609739,427.0,-4.908305056178182e-07,444.3,ASK
71,1712174739.9382894,20988816.39464553,427.0,8.58951828897286e-08,444.3,BID
72,1712174743.2432768,20992097.67229053,427.0,3.516487261064329e-07,444.3,BID
73,1712174743.2683945,20992097.67229109,427.0,5.988491661901355e-17,444.3,BID
74,1712174760.11875,20992097.67229109,427.0,0.0,444.3,BID
75,1712174762.313243,20992149.31163535,427.0,5.529715316475665e-09,444.3,BID
76,1712174775.4879038,20993044.90491111,426.7,-9.590315146828976e-08,444.3,ASK
77,1712174775.489885,20993091.75429035,426.9,-5.016789691481457e-09,444.3,ASK
78,1712174775.498495,20996258.34276735,426.7,-3.39088984438874e-07,444.3,ASK
79,1712174775.5237255,21005484.33854035,426.7,-9.87950774098302e-07,444.3,ASK
80,1712174780.50056,21008882.70802963,426.7,-3.639088777207716e-07,444.3,ASK
81,1712174780.513574,21011431.48514659,426.7,-2.7293165829017975e-07,444.3,ASK
82,1712174790.1067436,21011431.48514659,426.7,-0.0,444.3,ASK
83,1712174796.7818804,21014856.4043975,426.7,-3.664282085847274e-07,444.3,ASK
84,1712174796.7932415,21022657.6093579,426.7,-8.346420306649688e-07,444.3,ASK
85,1712174797.349002,21023608.97581646,426.7,-1.0178561349272409e-07,444.3,ASK
86,1712174797.41355,21024311.55192886,426.6,-7.516781780857458e-08,444.3,ASK
87,1712174797.4233472,21024331.55192886,426.6,-2.1397772136522576e-09,444.3,ASK
88,1712174809.383313,21024331.55192887,426.6,-1.1956936942332932e-18,444.3,ASK
89,1712174811.663654,21025254.96152587,426.6,9.879454072623288e-08,444.3,BID
90,1712174820.168075,21025254.96152587,426.6,0.0,444.3,BID
91,1712174826.8467624,21025254.96152631,426.6,4.7000958508089356e-17,444.3,BID
92,1712174826.84809,21025590.64535787,426.6,3.58917810448175e-08,444.3,BID
93,1712174850.1638606,21025590.64535787,426.6,0.0,444.3,BID
94,1712174880.116404,21025590.64535787,426.6,0.0,444.3,BID
95,1712174910.096113,21025590.64535787,426.6,0.0,444.3,BID
96,1712174940.163455,21025590.64535787,426.6,0.0,444.3,BID
97,1712174970.1564505,21025590.64535787,426.6,0.0,444.3,BID
98,1712175000.1354442,21025590.64535787,426.6,0.0,444.3,BID
99,1712175030.1041522,21025590.64535787,426.6,0.0,444.3,BID
100,1712175060.163832,21025590.64535787,426.6,0.0,444.3,BID
101,1712175086.6266286,21027791.38970606,426.7,2.3534945598107258e-07,444.3,BID
102,1712175086.7035117,21041240.38294498,426.7,1.438246675437232e-06,444.3,BID
103,1712175090.1662705,21041240.38294498,426.7,0.0,444.3,BID
104,1712175120.107049,21041240.38294498,426.7,0.0,444.3,BID
105,1712175150.1088972,21041240.38294498,426.7,0.0,444.3,BID
106,1712175177.0036318,21041254.40163656,428.0,1.4981008674197567e-09,444.3,BID
107,1712175180.1663046,21041254.40163656,428.0,0.0,444.3,BID
108,1712175210.163702,21041254.40163656,428.0,0.0,444.3,BID
109,1712175240.128456,21041254.40163656,428.0,0.0,444.3,BID
110,1712175270.105903,21041254.40163656,428.0,0.0,444.3,BID
111,1712175300.1357858,21041254.40163656,428.0,0.0,444.3,BID
112,1712175330.1067562,21041254.40163656,428.0,0.0,444.3,BID
113,1712175360.1661766,21041254.40163656,428.0,0.0,444.3,BID
114,1712175390.1668563,21041254.40163656,428.0,0.0,444.3,BID
115,1712175420.1059868,21041254.40163656,428.0,0.0,444.3,BID
116,1712175450.1101456,21041254.40163656,428.0,0.0,444.3,BID
117,1712175462.7333767,21041289.16899685,427.7,3.715919083372847e-09,444.3,BID
118,1712175469.5738504,21043100.13778027,426.8,-1.9355549014493522e-07,444.3,ASK
119,1712175469.5934143,21045428.52621609,426.8,-2.488570587565224e-07,444.3,ASK
120,1712175480.1593196,21045428.52621609,426.8,-0.0,444.3,ASK
121,1712175506.636403,21048274.3343043,426.8,-3.0410072325266205e-07,444.3,ASK
122,1712175510.163277,21048274.3343043,426.8,-0.0,444.3,ASK
123,1712175540.096482,21048274.3343043,426.8,-0.0,444.3,ASK
124,1712175570.1087434,21048274.3343043,426.8,-0.0,444.3,ASK
125,1712175582.6936238,21048395.47289506,428.6,1.2943090780777186e-08,444.3,BID
126,1712175600.1304786,21048395.47289506,428.6,0.0,444.3,BID
127,1712175630.0949185,21048395.47289506,428.6,0.0,444.3,BID
128,1712175641.596795,21048914.70901501,426.8,-5.5477638576938214e-08,444.3,ASK
129,1712175642.2735698,21048926.42901501,426.8,-1.252220134677113e-09,444.3,ASK
130,1712175642.2756915,21049700.74202607,426.8,-8.273125794261997e-08,444.3,ASK
131,1712175642.2776954,21050308.21598431,426.4,-6.490538582601253e-08,444.3,ASK
132,1712175660.1631362,21050308.21598431,426.4,-0.0,444.3,ASK
133,1712175690.1766114,21050308.21598431,426.4,-0.0,444.3,ASK
134,1712175720.1066644,21050308.21598431,426.4,-0.0,444.3,ASK
135,1712175724.455216,21050425.22979193,427.3,1.2501217598232612e-08,444.3,BID
136,1712175750.106859,21050425.22979193,427.3,0.0,444.3,BID
137,1712175780.159651,21050425.22979193,427.3,0.0,444.3,BID
138,1712175810.1631458,21050425.22979193,427.3,0.0,444.3,BID
139,1712175840.1132824,21050425.22979193,427.3,0.0,444.3,BID
140,1712175870.1038136,21050425.22979193,427.3,0.0,444.3,BID
141,1712175900.1634722,21050425.22979193,427.3,0.0,444.3,BID
142,1712175930.165879,21050425.22979193,427.3,0.0,444.3,BID
143,1712175960.0968263,21050425.22979193,427.3,0.0,444.3,BID
144,1712175971.1930373,21050436.91670781,428.0,1.2487143947272107e-09,444.3,BID
145,1712175972.943396,21050459.60362369,428.0,2.424033742033684e-09,444.3,BID
146,1712175990.1132522,21050459.60362369,428.0,0.0,444.3,BID
147,1712176020.1638305,21050459.60362369,428.0,0.0,444.3,BID
148,1712176050.1564198,21050459.60362369,428.0,0.0,444.3,BID
149,1712176080.1038637,21050459.60362369,428.0,0.0,444.3,BID
150,1712176110.103803,21050459.60362369,428.0,0.0,444.3,BID
151,1712176123.6531076,21051499.39919786,426.4,-1.1109908495655897e-07,444.3,ASK
152,1712176123.655381,21053843.44293584,426.4,-2.504541477727697e-07,444.3,ASK
153,1712176123.7129738,21055150.03514284,426.4,1.396055169059943e-07,444.3,BID
154,1712176123.732856,21055150.03514339,426.4,5.890936674305905e-17,444.3,BID
155,1712176140.1590822,21055150.03514339,426.4,0.0,444.3,BID
156,1712176170.1686242,21055150.03514339,426.4,0.0,444.3,BID
157,1712176200.2010026,21055150.03514339,426.4,0.0,444.3,BID
158,1712176227.6950126,21055214.05667897,427.2,6.8393009620318714e-09,444.3,BID
159,1712176230.1595402,21055214.05667897,427.2,0.0,444.3,BID
160,1712176236.469648,21056520.64888597,426.2,-1.395803950700145e-07,444.3,ASK
161,1712176260.1098151,21056520.64888597,426.2,-0.0,444.3,ASK
162,1712176290.1318772,21056520.64888597,426.2,-0.0,444.3,ASK
163,1712176320.159195,21056520.64888597,426.2,-0.0,444.3,ASK
164,1712176345.497422,21056567.57521163,426.2,-5.012738794240751e-09,444.3,ASK
165,1712176345.4988182,21056614.50153729,426.2,-5.012738794240751e-09,444.3,ASK
166,1712176345.5074575,21056764.50153729,426.1,-1.602321955869334e-08,444.3,ASK
167,1712176345.5096028,21056900.34949922,426.2,-1.4511478137230008e-08,444.3,ASK
168,1712176345.6773796,21057329.01947088,426.0,-4.5791153827887947e-08,444.3,ASK
169,1712176345.6802566,21059387.95821317,426.0,-2.19938850170479e-07,444.3,ASK
170,1712176350.1745334,21059387.95821317,426.0,-0.0,444.3,ASK
171,1712176350.7056673,21060816.2007361,426.0,-1.525470515795999e-07,444.3,ASK
172,1712176351.5975647,21063019.43352328,426.0,-2.353218450163828e-07,444.3,ASK
173,1712176351.5987716,21065945.21372117,426.0,-3.124953469681283e-07,444.3,ASK
174,1712176380.1246252,21065945.21372117,426.0,-0.0,444.3,ASK
175,1712176410.1103766,21065945.21372117,426.0,-0.0,444.3,ASK
176,1712176421.6286335,21066007.21372117,425.5,-6.620091524583626e-09,444.3,ASK
177,1712176440.1688037,21066007.21372117,425.5,-0.0,444.3,ASK
178,1712176454.0192988,21067907.21372117,425.5,-2.028732010644006e-07,444.3,ASK
179,1712176454.039422,21070645.5662476,425.5,-2.923886014103426e-07,444.3,ASK
180,1712176454.0418062,21070763.07506076,425.5,-1.254704688346138e-08,444.3,ASK
181,1712176454.049071,21070807.21372117,425.3,-4.7129217518600716e-09,444.3,ASK
182,1712176463.2992594,21070810.10068972,425.3,-3.0825713209318433e-10,444.3,ASK
183,1712176470.1649938,21070810.10068972,425.3,-0.0,444.3,ASK
184,1712176481.559306,21071114.10068972,425.2,-3.245263074104816e-08,444.3,ASK
185,1712176483.229821,21073033.00472117,425.3,2.0484698671083138e-07,444.3,BID
186,1712176483.2327716,21074195.26499672,425.3,1.2407369587966802e-07,444.3,BID
187,1712176483.909468,21075588.77196602,425.2,-1.4875976022981546e-07,444.3,ASK
188,1712176500.1134446,21075588.77196602,425.2,-0.0,444.3,ASK
189,1712176506.5897217,21075906.65194106,425.2,-3.393114197401406e-08,444.3,ASK
190,1712176506.5917318,21076906.65194102,425.2,-1.0674199269207204e-07,444.3,ASK
191,1712176510.5315087,21077141.94605866,425.0,-2.5115762986720755e-08,444.3,ASK
192,1712176510.5339415,21077361.2375785,425.1,-2.3407613809080907e-08,444.3,ASK
193,1712176510.5402274,21077408.29640202,425.0,-5.023152596310274e-09,444.3,ASK
194,1712176510.5426438,21077408.29640206,425.2,-4.374094008136196e-18,444.3,ASK
195,1712176510.5450857,21078596.76699029,425.0,-1.2685971884874466e-07,444.3,ASK
196,1712176510.5470212,21078646.76699029,425.1,-5.337099634822306e-09,444.3,ASK
197,1712176510.5480952,21087220.72521692,425.0,-9.15201386406822e-07,444.3,ASK
198,1712176510.549476,21092927.81468219,425.0,-6.091861020195969e-07,444.3,ASK
199,1712176510.6307468,21094104.83916429,424.8,-1.256379386719848e-07,444.3,ASK
200,1712176510.632681,21094449.09293928,425.0,-3.674633393564216e-08,444.3,ASK
201,1712176510.6466289,21094461.09293928,425.0,-1.2809039123573535e-09,444.3,ASK
202,1712176510.6477425,21095638.94924081,424.5,-1.2572672873550596e-07,444.3,ASK
203,1712176510.6488469,21096564.15641217,424.5,-9.87584571278132e-08,444.3,ASK
204,1712176510.649965,21096611.23739145,424.8,-5.025517546465842e-09,444.3,ASK
205,1712176510.6510928,21096727.81468219,425.0,-1.2443692316726054e-08,444.3,ASK
206,1712176517.7197633,21096741.91242655,425.6,1.5048213255719156e-09,444.3,BID
207,1712176530.1197162,21096741.91242655,425.6,0.0,444.3,BID
208,1712176543.7407055,21096976.87483256,425.3,2.5056313565304485e-08,444.3,BID
209,1712176560.1770945,21096976.87483256,425.3,0.0,444.3,BID
210,1712176590.1706977,21096976.87483256,425.3,0.0,444.3,BID
211,1712176593.760815,21097409.32608287,424.5,-4.611596742374343e-08,444.3,ASK
212,1712176594.0114076,21097426.03311361,424.5,1.781613268044523e-09,444.3,BID
213,1712176608.4509232,21097471.87528086,424.5,4.8885415178057e-09,444.3,BID
214,1712176620.1148522,21097471.87528086,424.5,0.0,444.3,BID
215,1712176624.4015412,21097486.00955647,424.5,1.5072246586080901e-09,444.3,BID
216,1712176625.831476,21102092.18182634,424.5,4.911844525750116e-07,444.3,BID
217,1712176625.8335342,21102161.12277047,424.5,7.351596492541988e-09,444.3,BID
218,1712176625.8511417,21102161.12277144,424.5,1.0328515475954031e-16,444.3,BID
219,1712176646.9256706,21102541.61252405,425.4,4.057396030759244e-08,444.3,BID
220,1712176646.931498,21102777.71959344,425.3,2.5177547610422744e-08,444.3,BID
221,1712176650.1067815,21102777.71959344,425.3,0.0,444.3,BID
222,1712176680.1720066,21102777.71959344,425.3,0.0,444.3,BID
223,1712176710.1647658,21102777.71959344,425.3,0.0,444.3,BID
224,1712176713.8519857,21102801.21583404,425.6,2.504946732333165e-09,444.3,BID
225,1712176732.272314,21102815.3135784,425.6,1.502968039399899e-09,444.3,BID
226,1712176740.1149273,21102815.3135784,425.6,0.0,444.3,BID
227,1712176764.092795,21106325.10028941,425.0,3.741795934700003e-07,444.3,BID
228,1712176764.0960977,21112222.37475369,425.0,6.287105010405053e-07,444.3,BID
229,1712176770.113025,21112222.37475369,425.0,0.0,444.3,BID
230,1712176800.137149,21112222.37475369,425.0,0.0,444.3,BID
231,1712176830.120499,21112222.37475369,425.0,0.0,444.3,BID
232,1712176838.943128,21112236.47581126,425.5,1.503023613094127e-09,444.3,BID
233,1712176852.908971,21112472.32486786,424.0,-2.5139015242082618e-08,444.3,ASK
234,1712176852.9102085,21112708.17392446,424.0,-2.513901524247969e-08,444.3,ASK
235,1712176852.9114077,21112722.31153049,424.4,-1.506919292207667e-09,444.3,ASK
236,1712176852.912587,21115222.31153049,424.0,-2.66473561572826e-07,444.3,ASK
237,1712176852.9139454,21115304.71671017,424.3,-8.783520688486692e-09,444.3,ASK
238,1712176852.9151778,21115454.71671017,424.0,-1.5988413694369562e-08,444.3,ASK
239,1712176852.9164047,21115474.71671017,424.2,-2.131788492582608e-09,444.3,ASK
240,1712176852.9176223,21117127.78479642,424.0,-1.7619957618633753e-07,444.3,ASK
241,1712176852.9631104,21118354.06660755,424.0,1.3070867268144024e-07,444.3,BID
242,1712176853.0486715,21118371.41284858,424.0,1.8489258509556687e-09,444.3,BID
243,1712176855.8934183,21126649.33091198,424.0,8.823385235047264e-07,444.3,BID
244,1712176855.8962283,21127938.34225206,424.0,1.3739497707973186e-07,444.3,BID
245,1712176855.9132178,21131127.31871989,424.0,3.399111668617508e-07,444.3,BID
246,1712176855.9730828,21132112.48055923,424.0,1.0500783362181385e-07,444.3,BID
247,1712176855.9961352,21132949.59098722,424.0,8.922711887055845e-08,444.3,BID
248,1712176860.1731362,21132949.59098722,424.0,0.0,444.3,BID
249,1712176890.1733422,21132949.59098722,424.0,0.0,444.3,BID
250,1712176920.128986,21132949.59098722,424.0,0.0,444.3,BID
251,1712176945.21375,21132963.74526889,423.9,1.507284790059203e-09,444.3,BID
252,1712176950.1241112,21132963.74526889,423.9,0.0,444.3,BID
253,1712176963.6898644,21132987.34130475,423.8,-2.512732476792585e-09,444.3,ASK
254,1712176980.1441584,21132987.34130475,423.8,-0.0,444.3,ASK
255,1712177004.3988175,21133007.34130475,423.5,-2.129789779820767e-09,444.3,ASK
256,1712177004.401841,21133243.74792413,423.0,-2.5174820091998585e-08,444.3,ASK
257,1712177004.404769,21133291.00690333,423.2,-5.032584545386339e-09,444.3,ASK
258,1712177004.4073577,21133461.00690333,423.1,-1.810321312847652e-08,444.3,ASK
259,1712177004.4096165,21134170.22676148,423.0,-7.552446027639247e-08,444.3,ASK
260,1712177004.412004,21134217.45226325,423.5,-5.0290195510473905e-09,444.3,ASK
261,1712177004.414473,21134584.13311431,423.0,-3.904765645227397e-08,444.3,ASK
262,1712177004.4169245,21134631.42561844,422.9,-5.036154597704606e-09,444.3,ASK
263,1712177004.4188316,21134678.70694231,423.0,-5.034964017606308e-09,444.3,ASK
264,1712177004.4204805,21134828.70694231,422.1,-1.5973423348655754e-08,444.3,ASK
265,1712177004.4218202,21176970.40567971,422.5,-4.487647963760174e-06,444.3,ASK
266,1712177004.42319,21176994.03452071,423.0,-2.516223203704534e-09,444.3,ASK
267,1712177004.424567,21178377.38358516,422.2,-1.473121349691905e-07,444.3,ASK
268,1712177004.4259162,21178614.3504098,422.0,-2.5234476063698786e-08,444.3,ASK
269,1712177004.4272904,21178661.72132405,422.2,-5.0445044515859954e-09,444.3,ASK
270,1712177004.4286304,21178732.64330986,423.0,-7.552446027401223e-09,444.3,ASK
271,1712177004.4299889,21179087.67289565,422.5,-3.78069191674653e-08,444.3,ASK
272,1712177004.431348,21180398.0954442,422.2,-1.395462275571454e-07,444.3,ASK
273,1712177004.432696,21189934.37159407,422.0,-1.0155131740773697e-06,444.3,ASK
274,1712177006.6142368,21190934.37159407,423.0,1.0648948899103837e-07,444.3,BID
275,1712177010.1168928,21190934.37159407,423.0,0.0,444.3,BID
276,1712177021.5644035,21190946.29884962,423.4,1.2668251386263735e-09,444.3,BID
277,1712177040.1769574,21190946.29884962,423.4,0.0,444.3,BID
278,1712177051.544709,21190960.46984631,423.4,1.5051379709282303e-09,444.3,BID
279,1712177070.1753638,21190960.46984631,423.4,0.0,444.3,BID
280,1712177100.139071,21190960.46984631,423.4,0.0,444.3,BID
281,1712177109.006069,21193060.06339586,423.4,2.230037003676961e-07,444.3,BID
282,1712177109.0139549,21193476.62054697,423.4,4.424369951588562e-08,444.3,BID
283,1712177109.9251523,21199752.53165297,423.4,-6.665820630445364e-07,444.3,ASK
284,1712177109.9352202,21199768.33058297,423.5,-1.678048521683808e-09,444.3,ASK
285,1712177111.454879,21200875.91611545,423.4,-1.1763975568981877e-07,444.3,ASK
286,1712177113.305029,21200893.89882992,423.6,1.909994374670409e-09,444.3,BID
287,1712177117.844837,21203126.94561492,423.6,2.3717814157663614e-07,444.3,BID
288,1712177117.945124,21203126.94561545,423.6,5.65813100349357e-17,444.3,BID
289,1712177118.505031,21205152.46718645,423.7,2.1513630845527482e-07,444.3,BID
290,1712177118.5150836,21205152.46718725,423.7,8.467412830402964e-17,444.3,BID
291,1712177130.1205642,21205152.46718725,423.7,0.0,444.3,BID
292,1712177137.4157622,21205394.64147173,423.7,2.5705599008973083e-08,444.3,BID
293,1712177159.4552667,21205408.76909122,424.7,1.4995767297961035e-09,444.3,BID
294,1712177160.143056,21205408.76909122,424.7,0.0,444.3,BID
295,1712177190.1097405,21205408.76909122,424.7,0.0,444.3,BID
296,1712177199.079554,21205749.88608745,424.8,3.6207459651387936e-08,444.3,BID
297,1712177220.1754885,21205749.88608745,424.8,0.0,444.3,BID
298,1712177235.9757593,21206559.6107283,424.7,8.594594128662698e-08,444.3,BID
299,1712177250.1717222,21206559.6107283,424.7,0.0,444.3,BID
300,1712177263.557702,21206599.8178846,424.8,4.267519586000194e-09,444.3,BID
301,1712177280.1385975,21206599.8178846,424.8,0.0,444.3,BID
302,1712177310.1186228,21206599.8178846,424.8,0.0,444.3,BID
303,1712177312.656523,21206670.73987041,425.0,7.527526010020303e-09,444.3,BID
304,1712177317.3965995,21206703.65957942,425.6,3.494035918137253e-09,444.3,BID
305,1712177317.39997,21206804.43621476,425.6,1.0696242287685873e-08,444.3,BID
306,1712177319.5056791,21206920.87849822,425.6,-1.2358964676586564e-08,444.3,ASK
307,1712177333.9360907,21211179.44685422,425.0,-4.519964253634744e-07,444.3,ASK
308,1712177336.4268367,21211471.50095678,425.0,-3.099807243552705e-08,444.3,ASK
309,1712177336.4296093,21213515.87967469,425.0,-2.1698650704592162e-07,444.3,ASK
310,1712177340.1765225,21213515.87967469,425.0,-0.0,444.3,ASK
311,1712177346.6341815,21213527.64424235,425.4,1.2482796042912915e-09,444.3,BID
312,1712177370.1808667,21213527.64424235,425.4,0.0,444.3,BID
313,1712177400.1396646,21213527.64424235,425.4,0.0,444.3,BID
314,1712177430.1175742,21213527.64424235,425.4,0.0,444.3,BID
315,1712177433.7188106,21214468.77951335,424.7,-9.986008144484777e-08,444.3,ASK
316,1712177460.1958814,21214468.77951335,424.7,-0.0,444.3,ASK
317,1712177490.1867568,21214468.77951335,424.7,-0.0,444.3,ASK
318,1712177491.5067947,21217157.83797696,423.7,-2.85313086702088e-07,444.3,ASK
319,1712177491.5102494,21217539.16213027,424.7,-4.045905758011806e-08,444.3,ASK
320,1712177497.3165324,21230189.04917614,423.7,-1.3421717557784722e-06,444.3,ASK
321,1712177520.1116066,21230189.04917614,423.7,-0.0,444.3,ASK
322,1712177550.1270907,21230189.04917614,423.7,-0.0,444.3,ASK
323,1712177564.3469691,21230329.31604658,425.3,1.487201198331088e-08,444.3,BID
324,1712177578.2333348,21230528.71764458,425.3,-2.1141862976272424e-08,444.3,ASK
325,1712177580.1768792,21230528.71764458,425.3,-0.0,444.3,ASK
326,1712177610.1769214,21230528.71764458,425.3,-0.0,444.3,ASK
327,1712177640.1272187,21230528.71764458,425.3,-0.0,444.3,ASK
328,1712177670.1296048,21230528.71764458,425.3,-0.0,444.3,ASK
329,1712177700.172508,21230528.71764458,425.3,-0.0,444.3,ASK
330,1712177730.1771767,21230528.71764458,425.3,-0.0,444.3,ASK
331,1712177744.1849222,21230568.51116874,426.2,4.2196883777022215e-09,444.3,BID
332,1712177760.1217935,21230568.51116874,426.2,0.0,444.3,BID
333,1712177787.3594086,21231654.5261103,426.2,1.1516035540882049e-07,444.3,BID
334,1712177787.3629549,21231662.02509027,426.2,7.95187216672483e-10,444.3,BID
335,1712177787.3984509,21231988.3795282,426.2,-3.460642356097203e-08,444.3,ASK
336,1712177787.43746,21232947.7441357,426.2,-1.017304320031061e-07,444.3,ASK
337,1712177787.7177234,21242294.2297257,426.2,-9.910955744526116e-07,444.3,ASK
338,1712177787.7204645,21242294.22972663,426.2,-9.8756872109963e-17,444.3,ASK
339,1712177790.1180303,21242294.22972663,426.2,-0.0,444.3,ASK
340,1712177820.1537597,21242294.22972663,426.2,-0.0,444.3,ASK
341,1712177850.130816,21242294.22972663,426.2,-0.0,444.3,ASK
342,1712177862.507743,21244341.50674157,426.0,2.1697701047356485e-07,444.3,BID
343,1712177862.5285437,21247333.6808403,426.0,3.1712024607416696e-07,444.3,BID
344,1712177877.1351926,21247523.58846802,426.0,-2.012702190678329e-08,444.3,ASK
345,1712177880.178019,21247523.58846802,426.0,-0.0,444.3,ASK
346,1712177910.1782544,21247523.58846802,426.0,-0.0,444.3,ASK
347,1712177940.1228778,21247523.58846802,426.0,-0.0,444.3,ASK
348,1712177970.1223557,21247523.58846802,426.0,-0.0,444.3,ASK
349,1712178000.14987,21247523.58846802,426.0,-0.0,444.3,ASK
350,1712178012.1385956,21247781.30813483,425.3,-2.730762394597324e-08,444.3,ASK
351,1712178012.1421916,21247798.58846802,425.3,-1.8310005060136754e-09,444.3,ASK
352,1712178030.1288393,21247798.58846802,425.3,-0.0,444.3,ASK
353,1712178038.868256,21247940.86880121,425.3,-1.507564297549395e-08,444.3,ASK
354,1712178038.9003088,21250304.98406622,425.3,2.504953206729776e-07,444.3,BID
355,1712178060.1858444,21250304.98406622,425.3,0.0,444.3,BID
356,1712178065.4286983,21250304.98406682,425.3,-6.393770693002452e-17,444.3,ASK
357,1712178065.4331713,21251297.69720882,425.3,-1.0517334627518785e-07,444.3,ASK
358,1712178090.1817577,21251297.69720882,425.3,-0.0,444.3,ASK
359,1712178120.1335795,21251297.69720882,425.3,-0.0,444.3,ASK
360,1712178150.125712,21251297.69720882,425.3,-0.0,444.3,ASK
361,1712178180.1840134,21251297.69720882,425.3,-0.0,444.3,ASK
362,1712178190.9400668,21251447.69720882,424.1,-1.5891092442831074e-08,444.3,ASK
363,1712178210.178419,21251447.69720882,424.1,-0.0,444.3,ASK
364,1712178226.5174422,21253375.1604394,423.4,-2.041952663588884e-07,444.3,ASK
365,1712178235.881745,21253624.1604394,423.4,-2.6379035675901963e-08,444.3,ASK
366,1712178239.6573164,21253730.95129061,424.1,1.1313412345416333e-08,444.3,BID
367,1712178240.1229434,21253730.95129061,424.1,0.0,444.3,BID
368,1712178245.187625,21254638.42922895,423.4,-9.61282783749868e-08,444.3,ASK
369,1712178245.1913662,21255124.45825991,423.0,-5.1484594845317226e-08,444.3,ASK
370,1712178259.4170425,21255226.5101467,424.0,1.0810259696173294e-08,444.3,BID
371,1712178270.1217632,21255226.5101467,424.0,0.0,444.3,BID
372,1712178300.181764,21255226.5101467,424.0,0.0,444.3,BID
373,1712178330.1750045,21255226.5101467,424.0,0.0,444.3,BID
374,1712178357.8209453,21258253.25381173,423.0,-3.2072618976547985e-07,444.3,ASK
375,1712178357.8239686,21267088.09705431,423.0,-9.36176275218882e-07,444.3,ASK
376,1712178360.1237032,21267088.09705431,423.0,-0.0,444.3,ASK
377,1712178361.6941898,21269213.98120956,423.0,-2.251477119989476e-07,444.3,ASK
378,1712178369.424015,21269322.36373612,423.5,1.1478554847356007e-08,444.3,BID
379,1712178374.513768,21269364.46527094,423.5,4.4588808911337725e-09,444.3,BID
380,1712178376.270496,21270017.46527094,423.0,-6.915779280454171e-08,444.3,ASK
381,1712178376.833973,21276238.52359132,423.0,-6.588585947103553e-07,444.3,ASK
382,1712178379.603907,21278317.8447147,423.0,-2.2021632377463365e-07,444.3,ASK
383,1712178379.6068864,21285115.40652907,423.0,-7.199148109251316e-07,444.3,ASK
384,1712178387.573795,21285612.40652907,423.0,-5.263617614679516e-08,444.3,ASK
385,1712178388.7807634,21285798.40652907,423.0,-1.9698850630390138e-08,444.3,ASK
386,1712178389.7636926,21285939.40652907,423.4,1.493299967142478e-08,444.3,BID
387,1712178390.1286726,21285939.40652907,423.4,0.0,444.3,BID
388,1712178402.4033828,21300939.40652907,423.0,-1.5872764777871485e-06,444.3,ASK
389,1712178420.1521978,21300939.40652907,423.0,-0.0,444.3,ASK
390,1712178450.1214745,21300939.40652907,423.0,-0.0,444.3,ASK
391,1712178453.2826004,21301623.40652907,423.0,-7.233124289226279e-08,444.3,ASK
392,1712178454.2621613,21301725.46180901,423.3,1.0792083686848745e-08,444.3,BID
393,1712178454.5467875,21301849.46180901,423.0,-1.3112681460000857e-08,444.3,ASK
394,1712178455.4521894,21302475.70160901,423.0,-6.622325012101978e-08,444.3,ASK
395,1712178456.0970285,21302945.15170901,423.0,-4.964314211797682e-08,444.3,ASK
396,1712178456.8520544,21303825.95500901,423.0,-9.31426863050573e-08,444.3,ASK
397,1712178456.8866425,21304415.80070901,423.0,-6.237466753745508e-08,444.3,ASK
398,1712178456.888549,21305197.48040901,423.0,-8.266062024093734e-08,444.3,ASK
399,1712178457.602043,21305392.73060901,423.0,-2.06472070773952e-08,444.3,ASK
400,1712178457.622061,21305612.84490901,423.0,-2.3276521779522105e-08,444.3,ASK
401,1712178463.1664188,21305943.27180901,423.0,-3.49417958512603e-08,444.3,ASK
402,1712178463.652009,21306108.05840901,423.0,-1.742575963421686e-08,444.3,ASK
403,1712178463.8542073,21306403.13560901,423.0,-3.1203655884669664e-08,444.3,ASK
404,1712178463.872217,21307107.09050901,423.0,-7.444142230572548e-08,444.3,ASK
405,1712178463.876104,21307400.37540901,423.0,-3.101412476416782e-08,444.3,ASK
406,1712178464.2525094,21307482.98210901,423.0,-8.735446318986058e-09,444.3,ASK
407,1712178464.3396502,21307630.44350901,423.0,-1.5593664240534748e-08,444.3,ASK
408,1712178464.3414564,21307777.80100901,423.0,-1.5582677082786477e-08,444.3,ASK
409,1712178464.9922457,21310521.54956801,423.0,-2.901443617780529e-07,444.3,ASK
410,1712178465.0021038,21310594.87086801,423.0,-7.753539122036576e-09,444.3,ASK
411,1712178465.0322623,21310613.49566002,423.1,1.969523910327014e-09,444.3,BID
412,1712178466.141907,21310979.57046002,423.0,-3.871146970142786e-08,444.3,ASK
413,1712178466.9822712,21311116.51366002,423.0,-1.4481391610551157e-08,444.3,ASK
414,1712178467.5304854,21311236.39576002,423.0,-1.2677224113064014e-08,444.3,ASK
415,1712178467.8318028,21311691.29576002,423.0,-4.81045064208363e-08,444.3,ASK
416,1712178472.2954192,21311971.49576002,423.0,-2.9630430202277985e-08,444.3,ASK
417,1712178473.0916018,21313942.51890824,423.0,-2.084306346201398e-07,444.3,ASK
418,1712178473.1318572,21318942.51890824,423.0,-5.287371556451957e-07,444.3,ASK
419,1712178474.3020182,21319294.54140824,423.0,-3.722547507471673e-08,444.3,ASK
420,1712178474.6651545,21319396.57402464,423.1,1.0789687075593094e-08,444.3,BID
421,1712178477.2917533,21319769.57402464,423.0,-3.94437918111316e-08,444.3,ASK
422,1712178478.9817262,21320082.57402464,423.0,-3.3098945943389255e-08,444.3,ASK
423,1712178480.1790948,21320082.57402464,423.0,-0.0,444.3,ASK
424,1712178480.9753275,21331857.75325975,423.0,-1.2441296061861248e-06,444.3,ASK
425,1712178482.7816992,21332094.15987914,423.0,-2.4978004021157207e-08,444.3,ASK
426,1712178486.1916974,21343301.93554814,423.0,-1.1841794719966804e-06,444.3,ASK
427,1712178486.3216224,21343301.93554847,423.0,-3.463704964727364e-17,444.3,ASK
428,1712178486.3247976,21343801.93554814,423.0,-5.2828478468547844e-08,444.3,ASK
429,1712178510.1779983,21343801.93554814,423.0,-0.0,444.3,ASK
430,1712178512.8015866,21343801.93554847,423.0,-3.460037024865451e-17,444.3,ASK
431,1712178512.8054037,21343849.2280526,422.9,-4.991490662003212e-09,444.3,ASK
432,1712178512.8114235,21344086.08262389,422.2,-2.49988323213692e-08,444.3,ASK
433,1712178512.8146207,21344236.08262389,422.1,-1.5831760509317737e-08,444.3,ASK
434,1712178512.8178408,21345195.44251744,422.0,-1.0125570717944018e-07,444.3,ASK
435,1712178527.3111863,21345465.91845789,422.1,-2.8547402085020866e-08,444.3,ASK
436,1712178529.3809505,21345494.51689797,423.1,3.0184243616107022e-09,444.3,BID
437,1712178540.117012,21345494.51689797,423.1,0.0,444.3,BID
438,1712178570.1212697,21345494.51689797,423.1,0.0,444.3,BID
439,1712178574.8880646,21345540.35614146,423.0,4.8377413765774226e-09,444.3,BID
440,1712178574.9599707,21346081.51841846,423.0,5.7112703865887204e-08,444.3,BID
441,1712178581.29004,21347666.90790116,423.1,1.6731742748059909e-07,444.3,BID
442,1712178588.6800525,21352666.90790116,423.2,5.276855602565217e-07,444.3,BID
443,1712178589.2299154,21353539.59690116,423.2,-9.21010767788684e-08,444.3,ASK
444,1712178589.469742,21353539.5969962,423.2,-1.0030205557692334e-14,444.3,ASK
445,1712178589.6158476,21354408.5329962,423.2,9.170499599748452e-08,444.3,BID
446,1712178589.6194644,21356283.53290116,423.2,1.978820750659901e-07,444.3,BID
447,1712178590.510407,21357232.4023267,423.2,-1.0014093888515857e-07,444.3,ASK
448,1712178590.521418,21357970.53290116,422.0,-7.790016914539186e-08,444.3,ASK
449,1712178600.134271,21357970.53290116,422.0,-0.0,444.3,ASK
450,1712178604.959833,21358016.90082568,424.0,4.8973455048444495e-09,444.3,BID
451,1712178611.8797483,21358412.91324268,424.0,4.1826535269368655e-08,444.3,BID
452,1712178611.8994722,21358412.91324355,424.0,9.207019571160836e-17,444.3,BID
453,1712178630.119851,21358412.91324355,424.0,0.0,444.3,BID
454,1712178660.129588,21358412.91324355,424.0,0.0,444.3,BID
455,1712178666.6490102,21361282.38613578,424.0,3.0306557652464333e-07,444.3,BID
456,1712178690.110234,21361282.38613578,424.0,0.0,444.3,BID
457,1712178720.168013,21361282.38613578,424.0,0.0,444.3,BID
458,1712178722.1180782,21361765.47237878,424.0,5.10156413440907e-08,444.3,BID
459,1712178722.1381247,21361765.47237967,424.0,9.402356264322567e-17,444.3,BID
460,1712178750.1791534,21361765.47237967,424.0,0.0,444.3,BID
461,1712178780.111081,21361765.47237967,424.0,0.0,444.3,BID
462,1712178810.10185,21361765.47237967,424.0,0.0,444.3,BID
463,1712178840.1762908,21361765.47237967,424.0,0.0,444.3,BID
464,1712178870.1638167,21361765.47237967,424.0,0.0,444.3,BID
465,1712178900.1463697,21361765.47237967,424.0,0.0,444.3,BID
466,1712178930.107679,21361765.47237967,424.0,0.0,444.3,BID
467,1712178930.5063455,21361871.60421929,423.9,1.121445703761151e-08,444.3,BID
468,1712178960.169256,21361871.60421929,423.9,0.0,444.3,BID
469,1712178964.5454054,21362412.76649729,423.0,-5.71818248761641e-08,444.3,ASK
470,1712178964.5496423,21366216.89381739,423.0,-4.019625000995753e-07,444.3,ASK
471,1712178964.5814638,21366229.59381739,422.9,-1.341943452836755e-09,444.3,ASK
472,1712178990.155405,21366229.59381739,422.9,-0.0,444.3,ASK
473,1712178997.5152829,21366332.35716174,423.4,1.085635755501962e-08,444.3,BID
474,1712179020.1079967,21366332.35716174,423.4,0.0,444.3,BID
475,1712179026.0754733,21367487.35831674,422.0,-1.2201868241549037e-07,444.3,ASK
476,1712179047.034821,21368228.67626371,422.0,-7.83156265679837e-08,444.3,ASK
477,1712179050.1131165,21368228.67626371,422.0,-0.0,444.3,ASK
478,1712179060.1196797,21368292.80002374,423.4,6.773703435653589e-09,444.3,BID
479,1712179080.164609,21368292.80002374,423.4,0.0,444.3,BID
480,1712179110.1830316,21368292.80002374,423.4,0.0,444.3,BID
481,1712179126.714071,21372003.00058389,423.4,3.919253361343667e-07,444.3,BID
482,1712179126.9561691,21378186.66818389,423.4,6.532088935302562e-07,444.3,BID
483,1712179126.9740813,21378186.66818412,423.4,2.4398198691040826e-17,444.3,BID
484,1712179133.8644538,21378279.66818412,423.4,-9.824012386812221e-09,444.3,ASK
485,1712179140.1061375,21378279.66818412,423.4,-0.0,444.3,ASK
486,1712179170.116693,21378279.66818412,423.4,-0.0,444.3,ASK
487,1712179171.2544413,21378988.21801812,423.4,-7.481391996963896e-08,444.3,ASK
488,1712179171.2570364,21378995.21801812,423.4,-7.39111654056062e-10,444.3,ASK
489,1712179171.26528,21378995.21801879,423.4,-7.080185505433345e-17,444.3,ASK
490,1712179200.1342,21378995.21801879,423.4,-0.0,444.3,ASK
491,1712179230.1081283,21378995.21801879,423.4,-0.0,444.3,ASK
492,1712179260.1562796,21378995.21801879,423.4,-0.0,444.3,ASK
493,1712179275.513418,21430668.21801879,423.4,5.457541183091132e-06,444.3,BID
494,1712179288.4933708,21432028.6514151,423.0,1.436847345269727e-07,444.3,BID
495,1712179290.1671877,21432028.6514151,423.0,0.0,444.3,BID
496,1712179302.447034,21433253.10205279,423.0,1.290166961531996e-07,444.3,BID
497,1712179317.422894,21436221.00382819,423.0,3.127189204553139e-07,444.3,BID
498,1712179317.7035315,21445120.59399642,423.0,9.377231594962662e-07,444.3,BID
499,1712179317.7081647,21447864.31079319,423.0,2.890972207479103e-07,444.3,BID
500,1712179317.7228725,21447864.31079322,423.0,3.140181444475812e-18,444.3,BID
501,1712179320.103786,21447864.31079322,423.0,0.0,444.3,BID
502,1712179320.239972,21447917.93193028,423.9,5.645913721815229e-09,444.3,BID
503,1712179330.4030943,21447966.19803077,423.9,5.082067520146943e-09,444.3,BID
504,1712179350.1131358,21447966.19803077,423.9,0.0,444.3,BID
505,1712179377.1077693,21452870.35659377,424.0,5.163696953775602e-07,444.3,BID
506,1712179377.1225705,21462382.73230145,424.0,1.001579064664014e-06,444.3,BID
507,1712179380.1227462,21462382.73230145,424.0,0.0,444.3,BID
508,1712179410.1128285,21462382.73230145,424.0,0.0,444.3,BID
509,1712179440.1645012,21462382.73230145,424.0,0.0,444.3,BID
510,1712179445.9704835,21463289.82102786,424.0,-9.54479457774851e-08,444.3,ASK
511,1712179445.9742494,21463525.67008446,424.0,-2.481709595851441e-08,444.3,ASK
512,1712179445.9766943,21465779.13884077,423.0,-2.371200935489408e-07,444.3,ASK
513,1712179445.9791627,21465897.06336907,424.0,-1.2408547979257209e-08,444.3,ASK
514,1712179470.1765442,21465897.06336907,424.0,-0.0,444.3,ASK
515,1712179500.1128364,21465897.06336907,424.0,-0.0,444.3,ASK
516,1712179530.1168437,21465897.06336907,424.0,-0.0,444.3,ASK
517,1712179560.1638553,21465897.06336907,424.0,-0.0,444.3,ASK
518,1712179569.4722662,21466120.2909634,424.9,2.3495591806259087e-08,444.3,BID
519,1712179570.1116686,21466313.63443317,423.4,-2.035016888350564e-08,444.3,ASK
520,1712179576.6815324,21466502.00269311,424.6,1.9826508268739332e-08,444.3,BID
521,1712179590.1716726,21466502.00269311,424.6,0.0,444.3,BID
522,1712179620.1073215,21466502.00269311,424.6,0.0,444.3,BID
523,1712179643.7919805,21469366.5964717,424.7,3.015017382442687e-07,444.3,BID
524,1712179647.9816945,21469390.5964717,425.1,2.526027170742546e-09,444.3,BID
525,1712179647.9869862,21469507.49224634,426.0,1.2303412620249936e-08,444.3,BID
526,1712179650.129253,21469507.49224634,426.0,0.0,444.3,BID
527,1712179653.181816,21469656.58905943,426.0,1.5690500151952973e-08,444.3,BID
528,1712179680.1610918,21469656.58905943,426.0,0.0,444.3,BID
529,1712179698.3211758,21470310.01922374,426.0,6.876456545290921e-08,444.3,BID
530,1712179710.1610188,21470310.01922374,426.0,0.0,444.3,BID
531,1712179715.2278852,21470360.01922374,426.0,5.261660304274305e-09,444.3,BID
532,1712179740.1109333,21470360.01922374,426.0,0.0,444.3,BID
533,1712179770.0969603,21470360.01922374,426.0,0.0,444.3,BID
534,1712179800.166196,21470360.01922374,426.0,0.0,444.3,BID
535,1712179830.102959,21470360.01922374,426.0,0.0,444.3,BID
536,1712179843.7903762,21470493.63227953,426.0,1.4060560242894832e-08,444.3,BID
537,1712179843.7952354,21470761.49688866,426.0,2.8188311773061028e-08,444.3,BID
538,1712179860.162397,21470761.49688866,426.0,0.0,444.3,BID
539,1712179890.1524854,21470761.49688866,426.0,0.0,444.3,BID
540,1712179920.103234,21470761.49688866,426.0,0.0,444.3,BID
541,1712179925.2702403,21470906.49688866,425.0,-1.525857282265923e-08,444.3,ASK
542,1712179925.2752028,21471937.9674769,425.0,-1.0854323506967573e-07,444.3,ASK
543,1712179950.1098847,21471937.9674769,425.0,-0.0,444.3,ASK
544,1712179962.2087402,21476031.5479569,424.7,4.307511002479461e-07,444.3,BID
545,1712179962.2129364,21476031.54795694,424.7,4.311971373008933e-18,444.3,BID
546,1712179980.1317868,21476031.54795694,424.7,0.0,444.3,BID
547,1712180009.119647,21476167.23287235,425.6,1.4274969467834781e-08,444.3,BID
548,1712180010.1167772,21476167.23287235,425.6,0.0,444.3,BID
549,1712180040.1834354,21476167.23287235,425.6,0.0,444.3,BID
550,1712180054.531985,21476573.63295869,426.0,4.275577400297801e-08,444.3,BID
551,1712180070.159683,21476573.63295869,426.0,0.0,444.3,BID
552,1712180100.100595,21476573.63295869,426.0,0.0,444.3,BID
553,1712180104.1091442,21476620.92546282,426.2,4.97564010318382e-09,444.3,BID
554,1712180116.759168,21477232.16927181,426.1,-6.430890613464872e-08,444.3,ASK
555,1712180120.7691822,21477249.44960413,426.4,1.8180622081694941e-09,444.3,BID
556,1712180130.1056304,21477249.44960413,426.4,0.0,444.3,BID
557,1712180147.5689487,21479936.30579514,426.1,-2.826753335911749e-07,444.3,ASK
558,1712180147.6904883,21480836.30579514,426.0,-9.468605021859857e-08,444.3,ASK
559,1712180160.1647923,21480836.30579514,426.0,-0.0,444.3,ASK
560,1712180190.1172075,21480836.30579514,426.0,-0.0,444.3,ASK
561,1712180220.1632507,21480836.30579514,426.0,-0.0,444.3,ASK
562,1712180250.157574,21480836.30579514,426.0,-0.0,444.3,ASK
563,1712180280.1107235,21480836.30579514,426.0,-0.0,444.3,ASK
564,1712180310.1037047,21480836.30579514,426.0,-0.0,444.3,ASK
565,1712180340.16432,21480836.30579514,426.0,-0.0,444.3,ASK
566,1712180370.1645546,21480836.30579514,426.0,-0.0,444.3,ASK
567,1712180400.128978,21480836.30579514,426.0,-0.0,444.3,ASK
568,1712180413.8235178,21481000.62504396,426.0,-1.7289936165537152e-08,444.3,ASK
569,1712180413.8265803,21481331.12118314,426.0,-3.477533636799398e-08,444.3,ASK
570,1712180413.928613,21481829.62953218,426.0,5.245385184595173e-08,444.3,BID
571,1712180430.120963,21481829.62953218,426.0,0.0,444.3,BID
572,1712180459.5246103,21482321.30798552,426.0,5.17328957989138e-08,444.3,BID
573,1712180460.163039,21482321.30798552,426.0,0.0,444.3,BID
574,1712180490.1629758,21482321.30798552,426.0,0.0,444.3,BID
575,1712180514.7155175,21482557.41505492,426.0,-2.4841912749551985e-08,444.3,ASK
576,1712180520.122908,21482557.41505492,426.0,-0.0,444.3,ASK
577,1712180550.132477,21482557.41505492,426.0,-0.0,444.3,ASK
578,1712180580.172414,21482557.41505492,426.0,-0.0,444.3,ASK
579,1712180610.1675472,21482557.41505492,426.0,-0.0,444.3,ASK
580,1712180640.114733,21482557.41505492,426.0,-0.0,444.3,ASK
581,1712180670.1147535,21482557.41505492,426.0,-0.0,444.3,ASK
582,1712180700.1351724,21482557.41505492,426.0,-0.0,444.3,ASK
583,1712180730.1220305,21482557.41505492,426.0,-0.0,444.3,ASK
584,1712180760.1786714,21482557.41505492,426.0,-0.0,444.3,ASK
585,1712180790.173661,21482557.41505492,426.0,-0.0,444.3,ASK
586,1712180820.1178591,21482557.41505492,426.0,-0.0,444.3,ASK
587,1712180830.7501576,21484582.50627922,426.0,-2.1306934042163405e-07,444.3,ASK
588,1712180839.0204086,21484653.09451422,427.0,7.426919090334003e-09,444.3,BID
589,1712180850.116405,21484653.09451422,427.0,0.0,444.3,BID
590,1712180880.1726816,21484653.09451422,427.0,0.0,444.3,BID
591,1712180893.8146906,21484653.09451451,427.0,3.0569638196687156e-17,444.3,BID
592,1712180910.174592,21484653.09451451,427.0,0.0,444.3,BID
593,1712180940.127804,21484653.09451451,427.0,0.0,444.3,BID
594,1712180970.1159022,21484653.09451451,427.0,0.0,444.3,BID
595,1712181000.145013,21484653.09451451,427.0,0.0,444.3,BID
596,1712181030.1240404,21484653.09451451,427.0,0.0,444.3,BID
597,1712181060.1678698,21484653.09451451,427.0,0.0,444.3,BID
598,1712181090.162362,21484653.09451451,427.0,0.0,444.3,BID
599,1712181118.1025305,21485048.83254947,427.1,-4.1648227177003006e-08,444.3,ASK
600,1712181120.152791,21485048.83254947,427.1,-0.0,444.3,ASK
601,1712181150.3722568,21485048.83254947,427.1,-0.0,444.3,ASK
602,1712181154.6029875,21485304.14178641,427.2,-2.68687541302436e-08,444.3,ASK
603,1712181180.1660335,21485304.14178641,427.2,-0.0,444.3,ASK
604,1712181180.539606,21485327.50081467,428.1,2.458276834998433e-09,444.3,BID
605,1712181182.0322795,21486135.74977967,428.1,8.505917650685608e-08,444.3,BID
606,1712181182.0365002,21486633.16320067,428.1,5.2347207117518114e-08,444.3,BID
607,1712181182.094567,21487640.59038454,428.1,1.0602045948842908e-07,444.3,BID
608,1712181182.097922,21488181.84943617,428.1,5.6961470044769537e-08,444.3,BID
609,1712181188.166682,21488205.15945948,429.0,2.453119611369678e-09,444.3,BID
610,1712181199.3490922,21488252.10704741,429.0,4.9407092878464505e-09,444.3,BID
611,1712181199.4030676,21491360.90373841,429.0,-3.271661306276945e-07,444.3,ASK
612,1712181199.423418,21492725.81074741,429.0,-1.4364121851211766e-07,444.3,ASK
613,1712181200.4431949,21493205.15945941,429.0,-5.044609825387029e-08,444.3,ASK
614,1712181205.6830952,21493205.15945948,429.0,-7.448858750679029e-18,444.3,ASK
615,1712181210.1873927,21493205.15945948,429.0,-0.0,444.3,ASK
616,1712181240.1395965,21493205.15945948,429.0,-0.0,444.3,ASK
617,1712181270.1245856,21493205.15945948,429.0,-0.0,444.3,ASK
618,1712181273.9836493,21493227.8867322,429.0,2.390939398067672e-09,444.3,BID
619,1712181278.7432876,21494227.8867322,429.0,1.0520133355260053e-07,444.3,BID
620,1712181300.1652062,21494227.8867322,429.0,0.0,444.3,BID
621,1712181330.1192691,21494227.8867322,429.0,0.0,444.3,BID
622,1712181356.1142485,21494297.81680213,429.0,7.358607097522067e-09,444.3,BID
623,1712181360.1707735,21494297.81680213,429.0,0.0,444.3,BID
624,1712181376.1436205,21494321.17583039,428.1,-2.458017969895739e-09,444.3,ASK
625,1712181376.146301,21495321.17583039,428.2,-1.0522774930596417e-07,444.3,ASK
626,1712181376.148869,21496805.87125246,427.9,-1.5623115766910926e-07,444.3,ASK
627,1712181376.1514633,21496829.26306532,427.5,-2.46146781954573e-09,444.3,ASK
628,1712181376.154008,21496852.67130502,427.2,-2.463196378835011e-09,444.3,ASK
629,1712181376.1566117,21496876.08502546,427.1,-2.463773104792824e-09,444.3,ASK
630,1712181376.1592064,21502207.22671164,427.0,-5.60984040867792e-07,444.3,ASK
631,1712181376.161805,21502325.29639468,427.1,-1.2424207007717568e-08,444.3,ASK
632,1712181376.164364,21502709.00656505,427.0,-4.0376957613800573e-08,444.3,ASK
633,1712181390.1851134,21502709.00656505,427.0,-0.0,444.3,ASK
634,1712181400.6514933,21503074.23769106,428.0,-3.84179194608646e-08,444.3,ASK
635,1712181400.663396,21511770.62013816,428.0,-9.14754785834107e-07,444.3,ASK
636,1712181400.6658783,21513064.99851044,428.0,-1.3615302890872798e-07,444.3,ASK
637,1712181400.6685352,21523015.90732676,428.0,-1.0467158635789103e-06,444.3,ASK
638,1712181420.1185713,21523015.90732676,428.0,-0.0,444.3,ASK
639,1712181450.1190305,21523015.90732676,428.0,-0.0,444.3,ASK
640,1712181480.176237,21523015.90732676,428.0,-0.0,444.3,ASK
641,1712181486.724397,21524305.52329412,429.0,1.355281778621592e-07,444.3,BID
642,1712181510.1745915,21524305.52329412,429.0,0.0,444.3,BID
643,1712181516.8415723,21524317.52329412,429.0,1.261029347590174e-09,444.3,BID
644,1712181540.1286693,21524317.52329412,429.0,0.0,444.3,BID
645,1712181567.8367145,21527372.27348151,429.0,3.2101062932706017e-07,444.3,BID
646,1712181570.1315763,21527372.27348151,429.0,0.0,444.3,BID
647,1712181600.1744628,21527372.27348151,429.0,0.0,444.3,BID
648,1712181629.8951373,21529340.2409504,429.0,2.0680729731826898e-07,444.3,BID
649,1712181629.9003046,21529854.0486684,428.9,5.399438109674775e-08,444.3,BID
650,1712181629.9046528,21534405.02517093,429.0,4.782473112623415e-07,444.3,BID
651,1712181630.1219227,21534405.02517093,429.0,0.0,444.3,BID
652,1712181660.1811087,21534405.02517093,429.0,0.0,444.3,BID
653,1712181690.1752305,21534405.02517093,429.0,0.0,444.3,BID
654,1712181714.2952852,21535522.21817093,428.4,1.1736496673285337e-07,444.3,BID
655,1712181718.7592568,21537854.30772293,428.9,2.4499402761075445e-07,444.3,BID
656,1712181718.762107,21537870.68145317,428.9,1.720116671638199e-09,444.3,BID
657,1712181718.8948762,21539289.70623188,429.0,1.490734331012604e-07,444.3,BID
658,1712181720.1214836,21539289.70623188,429.0,0.0,444.3,BID
659,1712181731.274831,21539829.45232988,429.3,5.6689709388525447e-08,444.3,BID
660,1712181731.915373,21539841.52325187,429.4,1.2678128884048343e-09,444.3,BID
661,1712181731.9209728,21539888.44957558,429.5,4.9286871433670994e-09,444.3,BID
662,1712181731.926615,21539888.44957588,429.3,3.1301476778065595e-17,444.3,BID
663,1712181750.132754,21539888.44957588,429.3,0.0,444.3,BID
664,1712181757.6455524,21539888.44957783,429.5,2.050191377563869e-16,444.3,BID
665,1712181757.6522713,21540120.79158331,430.4,2.4402298088285445e-08,444.3,BID
666,1712181780.1686802,21540120.79158331,430.4,0.0,444.3,BID
667,1712181783.4456816,21556379.56042467,430.0,1.7075997775766966e-06,444.3,BID
668,1712181783.4512408,21561819.56042467,429.9,5.713435550166993e-07,444.3,BID
669,1712181783.455892,21564120.79158331,429.8,2.4168999836263056e-07,444.3,BID
670,1712181790.6053069,21565070.58425231,429.8,-9.975329412394384e-08,444.3,ASK
671,1712181790.6251214,21565070.58425328,429.8,-1.0211723846996868e-16,444.3,ASK
672,1712181810.1756935,21565070.58425328,429.8,-0.0,444.3,ASK
673,1712181840.1560178,21565070.58425328,429.8,-0.0,444.3,ASK
674,1712181870.1324627,21565070.58425328,429.8,-0.0,444.3,ASK
675,1712181900.1769426,21565070.58425328,429.8,-0.0,444.3,ASK
676,1712181928.3360336,21565671.91364028,429.8,-6.318683174025905e-08,444.3,ASK
677,1712181928.342868,21567070.58425328,429.8,-1.4697030711406598e-07,444.3,ASK
678,1712181930.1786098,21567070.58425328,429.8,-0.0,444.3,ASK
679,1712181950.3981204,21567093.58425328,429.0,-2.4165888171390287e-09,444.3,ASK
680,1712181950.5085108,21567516.30518728,429.0,4.4414899211940966e-08,444.3,BID
681,1712181950.5253842,21569070.58425328,429.0,1.6330666998300946e-07,444.3,BID
682,1712181950.553813,21569714.98425328,430.6,6.770651451133867e-08,444.3,BID
683,1712181960.1181617,21569714.98425328,430.6,0.0,444.3,BID
684,1712181983.6677065,21570180.31696616,429.8,4.8886247263888854e-08,444.3,BID
685,1712181984.6877286,21570714.98425316,429.8,5.61702980955921e-08,444.3,BID
686,1712181984.725378,21570714.98425328,429.8,1.2523716136456092e-17,444.3,BID
687,1712181990.1274865,21570714.98425328,429.8,0.0,444.3,BID
688,1712182020.1758316,21570714.98425328,429.8,0.0,444.3,BID
689,1712182021.2356744,21571114.98425328,429.8,4.2020720774456014e-08,444.3,BID
690,1712182030.0060575,21571139.39260594,431.0,2.5641414294230504e-09,444.3,BID
691,1712182050.1775446,21571139.39260594,431.0,0.0,444.3,BID
692,1712182053.3959284,21571339.39260594,430.0,-2.1009957717716226e-08,444.3,ASK
693,1712182080.1169426,21571339.39260594,430.0,-0.0,444.3,ASK
694,1712182110.1259432,21571339.39260594,430.0,-0.0,444.3,ASK
695,1712182123.7358332,21571358.53136192,430.0,-2.010504105787759e-09,444.3,ASK
696,1712182140.1757376,21571358.53136192,430.0,-0.0,444.3,ASK
697,1712182146.0361855,21572584.81317393,431.0,1.288193699439004e-07,444.3,BID
698,1712182146.041657,21572608.81317393,431.0,2.521169969552531e-09,444.3,BID
699,1712182146.046442,21572654.3348912,431.0,4.781999439208211e-09,444.3,BID
700,1712182146.1161935,21573689.5638442,431.0,-1.087495061631378e-07,444.3,ASK
701,1712182146.1390898,21573689.56384451,431.0,-3.248097801470199e-17,444.3,ASK
702,1712182170.1769817,21573689.56384451,431.0,-0.0,444.3,ASK
703,1712182200.147045,21573689.56384451,431.0,-0.0,444.3,ASK
704,1712182203.79599,21573701.56384451,431.3,1.2604655439060576e-09,444.3,BID
705,1712182230.1659613,21573701.56384451,431.3,0.0,444.3,BID
706,1712182260.1827908,21573701.56384451,431.3,0.0,444.3,BID
707,1712182262.7068255,21574629.63809044,431.0,-9.748374776913729e-08,444.3,ASK
708,1712182262.7126503,21575855.91990245,431.0,-1.2880709423880542e-07,444.3,ASK
709,1712182290.176344,21575855.91990245,431.0,-0.0,444.3,ASK
710,1712182320.1195047,21575855.91990245,431.0,-0.0,444.3,ASK
711,1712182350.1353364,21575855.91990245,431.0,-0.0,444.3,ASK
712,1712182380.1747613,21575855.91990245,431.0,-0.0,444.3,ASK
713,1712182405.383697,21579242.91215005,431.2,3.5573069716070826e-07,444.3,BID
714,1712182410.1869657,21579242.91215005,431.2,0.0,444.3,BID
715,1712182416.2000165,21579242.91215023,431.3,1.8777678016688226e-17,444.3,BID
716,1712182416.2055776,21579768.15536823,431.3,5.5157043914043497e-08,444.3,BID
717,1712182440.1213467,21579768.15536823,431.3,0.0,444.3,BID
718,1712182470.1225677,21579768.15536823,431.3,0.0,444.3,BID
719,1712182486.763557,21579780.16665969,431.5,1.261304377874004e-09,444.3,BID
720,1712182486.7698257,21579798.01319969,431.7,1.8740631770301715e-09,444.3,BID
721,1712182486.7784386,21582324.21058934,431.9,2.652757064270163e-07,444.3,BID
722,1712182493.5619702,21582336.21058934,431.2,-1.2601186630011771e-09,444.3,ASK
723,1712182498.181923,21583102.90149001,431.9,8.051012605713007e-08,444.3,BID
724,1712182500.1364305,21583102.90149001,431.9,0.0,444.3,BID
725,1712182530.138007,21583102.90149001,431.9,0.0,444.3,BID
726,1712182560.1976109,21583102.90149001,431.9,0.0,444.3,BID
727,1712182590.173987,21583102.90149001,431.9,0.0,444.3,BID
728,1712182620.1241117,21583102.90149001,431.9,0.0,444.3,BID
729,1712182625.0599546,21583334.9200515,431.2,-2.436070859487118e-08,444.3,ASK
730,1712182650.126027,21583334.9200515,431.2,-0.0,444.3,ASK
731,1712182655.0993588,21584701.89793983,431.2,-1.4352386284477773e-07,444.3,ASK
732,1712182655.2698145,21585500.79793983,431.2,8.387934801673276e-08,444.3,BID
733,1712182680.1703851,21585500.79793983,431.2,0.0,444.3,BID
734,1712182687.5789883,21585660.23772392,431.2,1.673850781137961e-08,444.3,BID
735,1712182695.4486246,21585892.25628541,431.2,-2.4358064243662444e-08,444.3,ASK
736,1712182702.4487011,21586124.2748469,431.2,-2.4358064243662444e-08,444.3,ASK
737,1712182710.1670349,21586124.2748469,431.2,-0.0,444.3,ASK
738,1712182733.7786028,21586356.29340839,431.0,-2.4357376780106083e-08,444.3,ASK
739,1712182738.627916,21586588.31196988,431.0,-2.4357376780106083e-08,444.3,ASK
740,1712182740.10858,21586588.31196988,431.0,-0.0,444.3,ASK
741,1712182748.4679818,21586820.33053137,431.2,-2.4356865381928712e-08,444.3,ASK
742,1712182770.1207504,21586820.33053137,431.2,-0.0,444.3,ASK
743,1712182800.1502082,21586820.33053137,431.2,-0.0,444.3,ASK
744,1712182800.2927303,21590137.14515937,431.2,-3.491005667040635e-07,444.3,ASK
745,1712182812.234089,21590137.14515996,431.2,-6.195074908602687e-17,444.3,ASK
746,1712182825.2173057,21590284.15766574,431.8,1.5473324510638993e-08,444.3,BID
747,1712182830.1104364,21590284.15766574,431.8,0.0,444.3,BID
748,1712182860.129088,21590284.15766574,431.8,0.0,444.3,BID
749,1712182890.1164727,21590284.15766574,431.8,0.0,444.3,BID
750,1712182920.1662028,21590284.15766574,431.8,0.0,444.3,BID
751,1712182950.1725414,21590284.15766574,431.8,0.0,444.3,BID
752,1712182980.1130023,21590284.15766574,431.8,0.0,444.3,BID
753,1712182990.3353958,21590312.68939339,431.8,3.002542420376665e-09,444.3,BID
754,1712182990.7244396,21590427.05377556,431.0,-1.203516005294492e-08,444.3,ASK
755,1712183010.111832,21590427.05377556,431.0,-0.0,444.3,ASK
756,1712183015.3076856,21590482.79717527,431.8,5.8661304764599325e-09,444.3,BID
757,1712183015.3113744,21590500.58318732,431.8,1.871702621002758e-09,444.3,BID
758,1712183020.3953354,21590602.69064447,431.8,1.07452302762659e-08,444.3,BID
759,1712183040.165574,21590602.69064447,431.8,0.0,444.3,BID
760,1712183070.1675372,21590602.69064447,431.8,0.0,444.3,BID
761,1712183100.1211517,21590602.69064447,431.8,0.0,444.3,BID
762,1712183101.0198743,21590623.57600128,430.9,-2.2005311937850194e-09,444.3,ASK
763,1712183101.1201184,21590832.37364516,430.8,-2.1999419628341552e-08,444.3,ASK
764,1712183130.1268115,21590832.37364516,430.8,-0.0,444.3,ASK
765,1712183160.1459925,21590832.37364516,430.8,-0.0,444.3,ASK
766,1712183190.099928,21590832.37364516,430.8,-0.0,444.3,ASK
767,1712183204.1338246,21591911.64295139,431.0,1.137132123899631e-07,444.3,BID
768,1712183204.193621,21591923.22970144,431.7,1.2207949968007082e-09,444.3,BID
769,1712183204.21373,21591923.22970203,431.4,-6.201522313980542e-17,444.3,ASK
770,1712183204.219432,21597748.33852603,431.4,-6.137410126219053e-07,444.3,ASK
771,1712183220.1609075,21597748.33852603,431.4,-0.0,444.3,ASK
772,1712183250.1631892,21597748.33852603,431.4,-0.0,444.3,ASK
773,1712183269.2835517,21597981.33852603,431.1,-2.454146835817487e-08,444.3,ASK
774,1712183280.111443,21597981.33852603,431.1,-0.0,444.3,ASK
775,1712183310.1103363,21597981.33852603,431.1,-0.0,444.3,ASK
776,1712183340.1730337,21597981.33852603,431.1,-0.0,444.3,ASK
777,1712183370.1620724,21597981.33852603,431.1,-0.0,444.3,ASK
778,1712183400.2064347,21597981.33852603,431.1,-0.0,444.3,ASK
779,1712183430.1660442,21597981.33852603,431.1,-0.0,444.3,ASK
780,1712183460.1051755,21597981.33852603,431.1,-0.0,444.3,ASK
781,1712183484.3521037,21599144.12922303,430.0,-1.2253365191094522e-07,444.3,ASK
782,1712183484.3646924,21599144.1292237,430.0,-7.066208618432604e-17,444.3,ASK
783,1712183490.1121986,21599144.1292237,430.0,-0.0,444.3,ASK
784,1712183520.169001,21599144.1292237,430.0,-0.0,444.3,ASK
785,1712183550.1992383,21599144.1292237,430.0,-0.0,444.3,ASK
786,1712183580.1088605,21599144.1292237,430.0,-0.0,444.3,ASK
787,1712183610.1103678,21599144.1292237,430.0,-0.0,444.3,ASK
788,1712183640.1557932,21599144.1292237,430.0,-0.0,444.3,ASK
789,1712183658.951161,21601469.71061904,429.4,-2.450543921766908e-07,444.3,ASK
790,1712183658.9578536,21607326.28580895,429.0,-6.171271735648468e-07,444.3,ASK
791,1712183662.0312097,21610421.97081506,430.0,3.262028192445484e-07,444.3,BID
792,1712183662.037795,21619101.46504406,430.0,9.145877185599254e-07,444.3,BID
793,1712183670.154426,21619101.46504406,430.0,0.0,444.3,BID
794,1712183700.107674,21619101.46504406,430.0,0.0,444.3,BID
795,1712183730.1207025,21619101.46504406,430.0,0.0,444.3,BID
796,1712183760.171522,21619101.46504406,430.0,0.0,444.3,BID
797,1712183772.4704952,21623264.78754986,431.0,4.383624864784578e-07,444.3,BID
798,1712183790.1645849,21623264.78754986,431.0,0.0,444.3,BID
799,1712183820.1079185,21623264.78754986,431.0,0.0,444.3,BID
800,1712183850.1058323,21623264.78754986,431.0,0.0,444.3,BID
801,1712183880.1828456,21623264.78754986,431.0,0.0,444.3,BID
802,1712183910.1598551,21623264.78754986,431.0,0.0,444.3,BID
803,1712183940.1423173,21623264.78754986,431.0,0.0,444.3,BID
804,1712183970.1159265,21623264.78754986,431.0,0.0,444.3,BID
805,1712184000.1413116,21623264.78754986,431.0,0.0,444.3,BID
806,1712184030.1070776,21623264.78754986,431.0,0.0,444.3,BID
807,1712184060.1636212,21623264.78754986,431.0,0.0,444.3,BID
808,1712184090.1527455,21623264.78754986,431.0,0.0,444.3,BID
809,1712184120.1023202,21623264.78754986,431.0,0.0,444.3,BID
810,1712184143.7294407,21624343.01315586,431.0,1.1351032369413865e-07,444.3,BID
811,1712184143.7486067,21624343.01315685,431.0,1.0431997608353895e-16,444.3,BID
812,1712184150.1022203,21624343.01315685,431.0,0.0,444.3,BID
813,1712184180.158386,21624343.01315685,431.0,0.0,444.3,BID
814,1712184210.1539855,21624343.01315685,431.0,0.0,444.3,BID
815,1712184240.1114328,21624343.01315685,431.0,0.0,444.3,BID
816,1712184252.8288376,21624343.01315781,431.0,-1.0117758328800496e-16,444.3,ASK
1017,1712184252.8334324,21624807.05027981,431.0,-4.8849171118420183e-08,444.3,ASK
817,1712184252.8334324,21624807.05027981,431.0,-4.884917111842018e-08,444.3,ASK
818,1712184270.111989,21624807.05027981,431.0,-0.0,444.3,ASK
819,1712184300.1250746,21624807.05027981,431.0,-0.0,444.3,ASK
820,1712184330.1082754,21624807.05027981,431.0,-0.0,444.3,ASK
821,1712184360.1582348,21624807.05027981,431.0,-0.0,444.3,ASK
822,1712184390.1628606,21624807.05027981,431.0,-0.0,444.3,ASK
823,1712184420.121378,21624807.05027981,431.0,-0.0,444.3,ASK
824,1712184450.1144648,21624807.05027981,431.0,-0.0,444.3,ASK
825,1712184480.1595874,21624807.05027981,431.0,-0.0,444.3,ASK
826,1712184510.1552107,21624807.05027981,431.0,-0.0,444.3,ASK
827,1712184536.8400297,21624897.12684594,431.0,9.48687581553394e-09,444.3,BID
828,1712184540.106859,21624897.12684594,431.0,0.0,444.3,BID
829,1712184570.108868,21624897.12684594,431.0,0.0,444.3,BID
830,1712184585.150406,21625132.65584826,431.0,2.4805844136294616e-08,444.3,BID
831,1712184600.136702,21625132.65584826,431.0,0.0,444.3,BID
832,1712184622.3207664,21625132.65584872,431.0,4.830574982839945e-17,444.3,BID
833,1712184622.3275745,21626199.16164872,431.0,1.1243378125146048e-07,444.3,BID
834,1712184630.104193,21626199.16164872,431.0,0.0,444.3,BID
835,1712184660.165181,21626199.16164872,431.0,0.0,444.3,BID
836,1712184690.1606226,21626199.16164872,431.0,0.0,444.3,BID
837,1712184701.5588648,21627041.16164872,431.0,8.876150177789552e-08,444.3,BID
838,1712184720.1064365,21627041.16164872,431.0,0.0,444.3,BID
839,1712184750.1067998,21627041.16164872,431.0,0.0,444.3,BID
840,1712184780.161207,21627041.16164872,431.0,0.0,444.3,BID
841,1712184795.3813012,21627505.52199172,430.7,-4.894981550182447e-08,444.3,ASK
842,1712184810.1649504,21627505.52199172,430.7,-0.0,444.3,ASK
843,1712184840.116536,21627505.52199172,430.7,-0.0,444.3,ASK
844,1712184842.461948,21627505.52199234,430.7,-6.557878596430487e-17,444.3,ASK
845,1712184842.4687924,21628666.4228514,430.7,-1.2237195898976714e-07,444.3,ASK
846,1712184856.6516304,21629014.10266578,431.0,3.664934835293782e-08,444.3,BID
847,1712184870.1058087,21629014.10266578,431.0,0.0,444.3,BID
848,1712184877.061756,21629037.30452192,431.0,2.445568099955642e-09,444.3,BID
849,1712184900.152226,21629037.30452192,431.0,0.0,444.3,BID
850,1712184930.1618023,21629037.30452192,431.0,0.0,444.3,BID
851,1712184948.5422068,21629060.50637806,431.0,2.4478805472752073e-09,444.3,BID
852,1712184960.0992754,21629060.50637806,431.0,0.0,444.3,BID
853,1712184990.112271,21629060.50637806,431.0,0.0,444.3,BID
854,1712185020.157591,21629060.50637806,431.0,0.0,444.3,BID
855,1712185050.1678152,21629060.50637806,431.0,0.0,444.3,BID
856,1712185080.105153,21629060.50637806,431.0,0.0,444.3,BID
857,1712185110.1111884,21629060.50637806,431.0,0.0,444.3,BID
858,1712185140.163073,21629060.50637806,431.0,0.0,444.3,BID
859,1712185161.5828855,21632025.98132005,431.0,3.128681050980873e-07,444.3,BID
860,1712185170.1633282,21632025.98132005,431.0,0.0,444.3,BID
861,1712185200.1730163,21632025.98132005,431.0,0.0,444.3,BID
862,1712185205.113266,21632174.61195705,430.1,-1.56944880727428e-08,444.3,ASK
863,1712185221.553101,21632296.83933524,431.0,1.2906465099403753e-08,444.3,BID
864,1712185230.107199,21632296.83933524,431.0,0.0,444.3,BID
865,1712185232.5430255,21632332.56968923,431.0,3.7728608395774014e-09,444.3,BID
866,1712185260.1603222,21632332.56968923,431.0,0.0,444.3,BID
867,1712185275.1669345,21632564.58825023,430.2,-2.4499402376202056e-08,444.3,ASK
868,1712185290.1744614,21632564.58825023,430.2,-0.0,444.3,ASK
869,1712185320.1031623,21632564.58825023,430.2,-0.0,444.3,ASK
870,1712185323.123078,21632564.58825071,430.2,-5.074321922691609e-17,444.3,ASK
871,1712185323.1302629,21632564.58825072,430.1,-7.867165771614898e-19,444.3,ASK
872,1712185350.1066494,21632564.58825072,430.1,-0.0,444.3,ASK
873,1712185380.1626887,21632564.58825072,430.1,-0.0,444.3,ASK
874,1712185381.3729208,21632713.21888773,429.7,-1.569410390111338e-08,444.3,ASK
875,1712185396.1834824,21632725.21888724,430.1,1.2670956868752995e-09,444.3,BID
876,1712185396.1902573,21632738.51076707,431.0,1.4035070243311123e-09,444.3,BID
877,1712185410.1630075,21632738.51076707,431.0,0.0,444.3,BID
878,1712185427.9129364,21633202.54789003,431.0,4.8997901656952287e-08,444.3,BID
879,1712185440.1111946,21633202.54789003,431.0,0.0,444.3,BID
880,1712185451.2731404,21633207.70268641,431.0,5.442859199076302e-10,444.3,BID
881,1712185451.2805617,21633214.1488181,431.0,6.80635753276982e-10,444.3,BID
882,1712185470.1109326,21633214.1488181,431.0,0.0,444.3,BID
883,1712185498.77515,21633417.26353986,430.1,-2.1446516341545053e-08,444.3,ASK
884,1712185498.782322,21634772.36084655,430.2,-1.430822752827604e-07,444.3,ASK
885,1712185500.1645598,21634772.36084655,430.2,-0.0,444.3,ASK
886,1712185512.0736074,21634772.36084677,430.1,-2.320633669183735e-17,444.3,ASK
887,1712185512.0827622,21639243.61900577,430.1,-4.720893482516182e-07,444.3,ASK
888,1712185530.1647022,21639243.61900577,430.1,-0.0,444.3,ASK
889,1712185560.106551,21639243.61900577,430.1,-0.0,444.3,ASK
890,1712185590.1154523,21639243.61900577,430.1,-0.0,444.3,ASK
891,1712185601.5835538,21639475.63756725,429.7,-2.4492268572897826e-08,444.3,ASK
892,1712185601.5907438,21639810.19837224,429.7,-3.531679981820528e-08,444.3,ASK
893,1712185620.175994,21639810.19837224,429.7,-0.0,444.3,ASK
894,1712185631.77323,21639833.43257298,430.4,2.452578175369816e-09,444.3,BID
895,1712185638.1033127,21646922.18582198,429.7,-7.482814539158757e-07,444.3,ASK
896,1712185638.133637,21649913.55976526,429.7,-3.157663364569041e-07,444.3,ASK
897,1712185638.193377,21650856.5945864,429.7,-9.954577938705238e-08,444.3,ASK
898,1712185638.2341578,21652051.16511431,429.7,-1.260976281769209e-07,444.3,ASK
899,1712185638.313301,21657980.64089031,429.7,-6.259093240762804e-07,444.3,ASK
900,1712185638.3334646,21657980.64089041,429.7,-1.0224182464074757e-17,444.3,ASK
901,1712185650.165362,21657980.64089041,429.7,-0.0,444.3,ASK
902,1712185655.133922,21658362.34089041,429.9,-4.0258676059588383e-08,444.3,ASK
903,1712185655.1396348,21658381.54999621,429.9,-2.026023494037869e-09,444.3,ASK
904,1712185680.1136622,21658381.54999621,429.9,-0.0,444.3,ASK
905,1712185710.1067903,21658381.54999621,429.9,-0.0,444.3,ASK
906,1712185714.483467,21658497.85611391,429.8,1.2266820019737652e-08,444.3,BID
907,1712185740.1532624,21658497.85611391,429.8,0.0,444.3,BID
908,1712185746.273414,21658511.81609529,429.8,1.4723531279648603e-09,444.3,BID
909,1712185760.113323,21658581.61600222,429.8,7.361765644146255e-09,444.3,BID
910,1712185770.1593206,21658581.61600222,429.8,0.0,444.3,BID
911,1712185773.5637,21658651.54607215,429.0,-7.37546587476569e-09,444.3,ASK
912,1712185773.5711465,21658674.84523338,429.2,-2.457343010341037e-09,444.3,ASK
913,1712185773.5767365,21658698.15525669,429.0,-2.458488624659961e-09,444.3,ASK
914,1712185773.8033783,21661922.97655769,428.6,-3.401192002421405e-07,444.3,ASK
915,1712185787.213521,21662075.24935359,428.0,-1.6060084180257842e-08,444.3,ASK
916,1712185791.70357,21662195.88834612,428.8,1.2723693447557687e-08,444.3,BID
917,1712185800.1260486,21662195.88834612,428.8,0.0,444.3,BID
918,1712185830.1090417,21662195.88834612,428.8,0.0,444.3,BID
919,1712185860.1635144,21662195.88834612,428.8,0.0,444.3,BID
920,1712185890.1558836,21662195.88834612,428.8,0.0,444.3,BID
921,1712185920.1093967,21662195.88834612,428.8,0.0,444.3,BID
922,1712185927.1753323,21662750.98955634,428.8,5.8541832382062994e-08,444.3,BID
923,1712185927.183113,21663615.33773612,428.8,9.115549620321317e-08,444.3,BID
1124,1712185927.2234704,21663615.33773625,428.8,1.375062072905826e-17,444.3,BID
924,1712185927.2234704,21663615.33773625,428.8,1.3750620729058259e-17,444.3,BID
925,1712185950.0997665,21663615.33773625,428.8,0.0,444.3,BID
926,1712185980.1709802,21663615.33773625,428.8,0.0,444.3,BID
927,1712185991.5170872,21663640.60530255,429.8,2.6645855911968834e-09,444.3,BID
928,1712186010.1532283,21663640.60530255,429.8,0.0,444.3,BID
929,1712186040.1303463,21663640.60530255,429.8,0.0,444.3,BID
930,1712186070.1133378,21663640.60530255,429.8,0.0,444.3,BID
931,1712186079.623439,21663873.27165899,429.8,2.4535750833446216e-08,444.3,BID
932,1712186100.1258042,21663873.27165899,429.8,0.0,444.3,BID
933,1712186130.1096957,21663873.27165899,429.8,0.0,444.3,BID
934,1712186159.1435282,21663894.99243553,429.0,-2.291410306441989e-09,444.3,ASK
935,1712186160.163377,21663894.99243553,429.0,-0.0,444.3,ASK
936,1712186160.3373935,21666222.73917653,429.6,-2.455629346512069e-07,444.3,ASK
937,1712186160.3496978,21666222.73917668,429.6,-1.571980666117933e-17,444.3,ASK
938,1712186167.2134037,21666314.76243249,430.0,9.707886324086844e-09,444.3,BID
939,1712186183.907123,21667528.54757506,430.0,1.2804685165946536e-07,444.3,BID
940,1712186183.915182,21667826.12303126,430.0,3.1392376591972965e-08,444.3,BID
941,1712186190.1655002,21667826.12303126,430.0,0.0,444.3,BID
942,1712186220.114342,21667826.12303126,430.0,0.0,444.3,BID
943,1712186232.133387,21667839.6484214,429.2,-1.4265910420776802e-09,444.3,ASK
1143,1712186232.133387,21667839.6484214,429.2,-1.42659104207768e-09,444.3,ASK
944,1712186250.1180072,21667839.6484214,429.2,-0.0,444.3,ASK
945,1712186280.1556394,21667839.6484214,429.2,-0.0,444.3,ASK
946,1712186310.182088,21667839.6484214,429.2,-0.0,444.3,ASK
947,1712186340.1140182,21667839.6484214,429.2,-0.0,444.3,ASK
948,1712186370.1160457,21667839.6484214,429.2,-0.0,444.3,ASK
949,1712186376.993559,21667853.17381154,429.8,1.426590168586684e-09,444.3,BID
950,1712186377.001154,21667941.34963688,429.9,9.300342853455e-09,444.3,BID
951,1712186400.1472003,21667941.34963688,429.9,0.0,444.3,BID
952,1712186430.1109612,21667941.34963688,429.9,0.0,444.3,BID
953,1712186460.1641874,21667941.34963688,429.9,0.0,444.3,BID
954,1712186490.1593466,21667941.34963688,429.9,0.0,444.3,BID
955,1712186520.116005,21667941.34963688,429.9,0.0,444.3,BID
956,1712186550.1167948,21667941.34963688,429.9,0.0,444.3,BID
957,1712186580.207053,21667941.34963688,429.9,0.0,444.3,BID
958,1712186610.1684856,21667941.34963688,429.9,0.0,444.3,BID
959,1712186640.1143556,21667941.34963688,429.9,0.0,444.3,BID
960,1712186650.13842,21668173.96187188,429.9,-2.4549855791491192e-08,444.3,ASK
961,1712186651.3583758,21668173.96187228,429.9,-4.2068816105204035e-17,444.3,ASK
1161,1712186651.3583758,21668173.96187228,429.9,-4.206881610520404e-17,444.3,ASK
962,1712186670.1145594,21668173.96187228,429.9,-0.0,444.3,ASK
963,1712186700.1732175,21668173.96187228,429.9,-0.0,444.3,ASK
964,1712186730.1718574,21668173.96187228,429.9,-0.0,444.3,ASK
965,1712186760.1230235,21668173.96187228,429.9,-0.0,444.3,ASK
966,1712186790.1212814,21668173.96187228,429.9,-0.0,444.3,ASK
967,1712186799.4208355,21668201.39529092,429.2,-2.896292315230429e-09,444.3,ASK
968,1712186799.4295142,21675424.13527228,429.2,-7.625431805710229e-07,444.3,ASK
969,1712186799.444285,21675629.31408904,429.2,-2.166182195719616e-08,444.3,ASK
970,1712186814.7609644,21677960.31642004,429.0,-2.460963479214436e-07,444.3,ASK
971,1712186814.8205435,21678659.78016404,428.9,-7.384611787493507e-08,444.3,ASK
972,1712186814.8605862,21678659.7801645,428.9,-4.837574806356726e-17,444.3,ASK
973,1712186817.4797652,21678752.23123626,429.2,9.760552711322936e-09,444.3,BID
974,1712186820.1934736,21678752.23123626,429.2,0.0,444.3,BID
975,1712186828.4854069,21680754.58825784,429.2,2.1129824284054268e-07,444.3,BID
976,1712186828.4940996,21681223.7812607,429.2,4.951147871647879e-08,444.3,BID
977,1712186828.4976325,21709540.00223199,429.4,2.988062403772949e-06,444.3,BID
978,1712186850.1710117,21709540.00223199,429.4,0.0,444.3,BID
979,1712186880.131966,21709540.00223199,429.4,0.0,444.3,BID
980,1712186900.111794,21710231.08723544,428.8,-7.282498683950123e-08,444.3,ASK
981,1712186910.114771,21710231.08723544,428.8,-0.0,444.3,ASK
982,1712186927.3021889,21710332.8546773,430.0,1.0723689780422413e-08,444.3,BID
983,1712186933.3022497,21710506.42810902,428.8,-1.829020757360864e-08,444.3,ASK
984,1712186940.145283,21710506.42810902,428.8,-0.0,444.3,ASK
985,1712186970.1225803,21710506.42810902,428.8,-0.0,444.3,ASK
986,1712187000.1577983,21710506.42810902,428.8,-0.0,444.3,ASK
987,1712187029.8531747,21710761.90272102,429.0,2.6997501722222177e-08,444.3,BID
988,1712187030.128858,21710761.90272102,429.0,0.0,444.3,BID
989,1712187034.3135834,21710761.90272198,428.8,-1.0117286398499183e-16,444.3,ASK
990,1712187034.3206491,21712264.44307898,428.8,-1.5878041948864304e-07,444.3,ASK
991,1712187060.1634157,21712264.44307898,428.8,-0.0,444.3,ASK
992,1712187068.253467,21712276.24307898,428.8,-1.2468759226943603e-09,444.3,ASK
993,1712187075.2737415,21714608.33263121,428.8,2.464259586491924e-07,444.3,BID
994,1712187078.163854,21721888.97330504,428.8,7.693267421535094e-07,444.3,BID
995,1712187090.1784446,21721888.97330504,428.8,0.0,444.3,BID
996,1712187102.1940825,21722543.60093957,428.8,6.914268114886827e-08,444.3,BID
997,1712187104.923797,21722591.01954422,430.0,5.0084189680625884e-09,444.3,BID
998,1712187120.1595588,21722591.01954422,430.0,0.0,444.3,BID
999,1712187150.115286,21722591.01954422,430.0,0.0,444.3,BID
1000,1712187160.5145297,21722660.78698608,430.0,7.368699895053532e-09,444.3,BID
1201,1712187179.3649328,21731958.4637291,430.0,9.820023182211495e-07,444.3,BID
1202,1712187180.191683,21731958.4637291,430.0,0.0,444.3,BID
1203,1712187210.1829202,21731958.4637291,430.0,0.0,444.3,BID
1204,1712187240.1237862,21731958.4637291,430.0,0.0,444.3,BID
1205,1712187270.1274931,21731958.4637291,430.0,0.0,444.3,BID
1206,1712187297.8754196,21732093.4637291,428.9,-1.4252370917940838e-08,444.3,ASK
1207,1712187300.1770046,21732093.4637291,428.9,-0.0,444.3,ASK
1208,1712187317.495711,21732158.86903678,428.9,-6.919247339088306e-09,444.3,ASK
1209,1712187330.1861086,21732158.86903678,428.9,-0.0,444.3,ASK
1210,1712187360.126539,21732158.86903678,428.9,-0.0,444.3,ASK
1211,1712187390.116599,21732158.86903678,428.9,-0.0,444.3,ASK
1212,1712187415.28679,21732193.82474614,428.9,-3.697964122149088e-09,444.3,ASK
1213,1712187415.288879,21733197.73979285,428.9,-1.0620416213358148e-07,444.3,ASK
1214,1712187420.1768572,21733197.73979285,428.9,-0.0,444.3,ASK
1215,1712187438.1372,21733209.53979285,428.8,-1.2482630354036596e-09,444.3,ASK
1216,1712187438.1398375,21735080.63148293,428.0,-1.979334400362989e-07,444.3,ASK
1217,1712187438.1468356,21735101.63148293,428.4,-2.221485062866247e-09,444.3,ASK
1218,1712187438.148844,21738821.48768475,428.1,-3.935049994454128e-07,444.3,ASK
1219,1712187438.1508644,21747220.33784968,428.0,-8.884723898403107e-07,444.3,ASK
1220,1712187450.1812758,21747220.33784968,428.0,-0.0,444.3,ASK
1221,1712187462.547129,21747303.57417098,429.5,8.79956740509576e-09,444.3,BID
1222,1712187480.1502995,21747303.57417098,429.5,0.0,444.3,BID
1223,1712187510.140493,21747303.57417098,429.5,0.0,444.3,BID
1224,1712187540.193312,21747303.57417098,429.5,0.0,444.3,BID
1225,1712187554.517791,21747324.57417098,427.9,-2.22006708395515e-09,444.3,ASK
1226,1712187554.5275223,21748984.85598299,428.0,-1.7552080956806749e-07,444.3,ASK
1227,1712187554.5295625,21749635.11998585,427.6,-6.874427183949994e-08,444.3,ASK
1228,1712187570.1688287,21749635.11998585,427.6,-0.0,444.3,ASK
1229,1712187600.1508896,21749635.11998585,427.6,-0.0,444.3,ASK
1230,1712187630.127491,21749635.11998585,427.6,-0.0,444.3,ASK
1231,1712187660.1776557,21749635.11998585,427.6,-0.0,444.3,ASK
1232,1712187690.1834466,21749635.11998585,427.6,-0.0,444.3,ASK
1233,1712187720.1237652,21749635.11998585,427.6,-0.0,444.3,ASK
1234,1712187750.1209736,21749635.11998585,427.6,-0.0,444.3,ASK
1235,1712187780.1794686,21749635.11998585,427.6,-0.0,444.3,ASK
1236,1712187810.198676,21749635.11998585,427.6,-0.0,444.3,ASK
1237,1712187840.1242585,21749635.11998585,427.6,-0.0,444.3,ASK
1238,1712187845.408766,21749680.08032182,428.6,4.752685058897707e-09,444.3,BID
1239,1712187870.1278636,21749680.08032182,428.6,0.0,444.3,BID
1240,1712187900.1558936,21749680.08032182,428.6,0.0,444.3,BID
1241,1712187905.3392415,21750184.51312641,428.6,5.340144830924992e-08,444.3,BID
1242,1712187909.2090602,21753354.97618767,428.6,3.356389944129864e-07,444.3,BID
1243,1712187909.2106822,21754476.06022076,428.9,1.1868282652997224e-07,444.3,BID
1244,1712187930.129272,21754476.06022076,428.9,0.0,444.3,BID
1245,1712187960.1803472,21754476.06022076,428.9,0.0,444.3,BID
1246,1712187990.17318,21754476.06022076,428.9,0.0,444.3,BID
1247,1712187992.3395436,21755274.02321076,428.9,-8.445744723218374e-08,444.3,ASK
1248,1712188020.1574705,21755274.02321076,428.9,-0.0,444.3,ASK
1249,1712188050.126473,21755274.02321076,428.9,-0.0,444.3,ASK
1250,1712188060.8197875,21755326.78508391,428.9,-5.584183428196323e-09,444.3,ASK
1251,1712188080.1864138,21755326.78508391,428.9,-0.0,444.3,ASK
1252,1712188110.1879518,21755326.78508391,428.9,-0.0,444.3,ASK
1253,1712188140.144045,21755326.78508391,428.9,-0.0,444.3,ASK
1254,1712188152.8506217,21756553.06689591,429.1,1.2978625972643968e-07,444.3,BID
1255,1712188152.869867,21756553.06689592,429.1,1.1828231231211358e-18,444.3,BID
1256,1712188152.9501028,21757048.61885164,428.9,-5.244784208931821e-08,444.3,ASK
1257,1712188152.952215,21757363.66689592,428.9,-3.334380963736858e-08,444.3,ASK
1258,1712188152.9544418,21758204.00160092,429.2,8.893869028575187e-08,444.3,BID
1259,1712188170.1267033,21758204.00160092,429.2,0.0,444.3,BID
1260,1712188183.6273017,21758228.47712539,429.0,-2.590083084286937e-09,444.3,ASK
1261,1712188183.6305542,21760417.15685261,428.9,-2.3161351844744105e-07,444.3,ASK
1262,1712188200.1555452,21760417.15685261,428.9,-0.0,444.3,ASK
1263,1712188230.1327467,21760417.15685261,428.9,-0.0,444.3,ASK
1264,1712188260.186514,21760417.15685261,428.9,-0.0,444.3,ASK
1265,1712188290.181594,21760417.15685261,428.9,-0.0,444.3,ASK
1266,1712188320.181481,21760417.15685261,428.9,-0.0,444.3,ASK
1267,1712188350.1258228,21760417.15685261,428.9,-0.0,444.3,ASK
1268,1712188380.1821115,21760417.15685261,428.9,-0.0,444.3,ASK
1269,1712188407.936592,21767445.55685261,428.8,-7.442301368455306e-07,444.3,ASK
1270,1712188408.551635,21770417.15685261,428.8,-3.146597055733533e-07,444.3,ASK
1271,1712188410.1896722,21770417.15685261,428.8,-0.0,444.3,ASK
1272,1712188440.1336238,21770417.15685261,428.8,-0.0,444.3,ASK
1273,1712188442.4333177,21772958.25685261,428.8,-2.6895237950057576e-07,444.3,ASK
1274,1712188442.4397066,21773417.15685261,428.8,-4.8570401382678345e-08,444.3,ASK
1275,1712188470.1281674,21773417.15685261,428.8,-0.0,444.3,ASK
1276,1712188500.1864676,21773417.15685261,428.8,-0.0,444.3,ASK
1277,1712188501.040661,21773650.80171242,428.0,-2.4761646197044252e-08,444.3,ASK
1278,1712188501.043203,21773720.87879721,428.1,-7.426758634999475e-09,444.3,ASK
1279,1712188518.100334,21773769.3834701,428.0,5.140517749682823e-09,444.3,BID
1280,1712188530.1709087,21773769.3834701,428.0,0.0,444.3,BID
1281,1712188560.1290703,21773769.3834701,428.0,0.0,444.3,BID
1282,1712188562.689146,21774303.3834701,427.6,-5.659233341192792e-08,444.3,ASK
1283,1712188579.248279,21774542.41434007,427.6,-2.5332049979768533e-08,444.3,ASK
1284,1712188590.1212847,21774542.41434007,427.6,-0.0,444.3,ASK
1285,1712188620.1686354,21774542.41434007,427.6,-0.0,444.3,ASK
1286,1712188631.7574866,21774568.64051294,427.5,2.779303985153928e-09,444.3,BID
1287,1712188631.7606523,21776542.41434007,427.5,2.0916957617554245e-07,444.3,BID
1288,1712188649.9366314,21777542.41434007,427.5,1.0597444008034814e-07,444.3,BID
1289,1712188650.17837,21777542.41434007,427.5,0.0,444.3,BID
1290,1712188650.939552,21777776.38719921,427.4,-2.4791773236092883e-08,444.3,ASK
1291,1712188650.949509,21777859.61434007,427.4,-8.818751076359992e-09,444.3,ASK
1292,1712188651.9065306,21777876.38719921,427.4,-1.77725280527047e-09,444.3,ASK
1293,1712188652.1110215,21777897.38719921,427.3,-2.225160815142396e-09,444.3,ASK
1294,1712188652.114109,21778484.88407437,427.1,-6.22511916967469e-08,444.3,ASK
1295,1712188652.1171496,21779776.38719921,427.2,-1.3684772123908945e-07,444.3,ASK
1296,1712188663.4689505,21781165.63082391,427.1,-1.4720430839873777e-07,444.3,ASK
1297,1712188663.4721916,21781493.49967636,427.0,-3.4740996332412216e-08,444.3,ASK
1298,1712188663.4753356,21781788.53012131,427.0,-3.1261437398879344e-08,444.3,ASK
1299,1712188663.4783926,21782153.16166546,427.0,-3.863637257143201e-08,444.3,ASK
1300,1712188663.4812682,21782246.5808692,427.0,-9.898702454832424e-09,444.3,ASK
1301,1712188664.9965255,21782267.5808692,426.6,-2.225160815142396e-09,444.3,ASK
1302,1712188664.9998343,21782282.30792471,426.5,-1.560479373345725e-09,444.3,ASK
1303,1712188680.1307652,21782282.30792471,426.5,-0.0,444.3,ASK
1304,1712188682.4962606,21782362.2127491,426.5,-8.464902390390162e-09,444.3,ASK
1305,1712188692.7567277,21782495.55388152,427.4,1.4125801278448724e-08,444.3,BID
1306,1712188710.1248872,21782495.55388152,427.4,0.0,444.3,BID
1307,1712188740.184229,21782495.55388152,427.4,0.0,444.3,BID
1308,1712188770.1760323,21782495.55388152,427.4,0.0,444.3,BID
1309,1712188799.7836237,21783104.02311408,427.4,6.445897365325088e-08,444.3,BID
1310,1712188800.1692784,21783104.02311408,427.4,0.0,444.3,BID
1311,1712188813.4532585,23.67805334,427.4,2.516167106296232e-09,427.4,BID
1312,1712188828.5833972,37.74275094,426.6,-1.4945962386755711e-09,427.4,ASK
1313,1712188828.5865262,80.95182195,426.5,-4.591646180022503e-09,427.4,ASK
1314,1712188830.1235058,80.95182195,426.5,-0.0,427.4,ASK
1315,1712188832.4014337,177.57745955,426.5,-1.0267962271503209e-08,427.4,ASK
1316,1712188832.4040103,277.57745955,426.5,-1.0626540250124272e-08,427.4,ASK
1317,1712188832.4987829,1236.00899654,426.5,1.0184811304812705e-07,427.4,BID
1318,1712188849.3079731,1236.00899655,426.5,1.0626427870203438e-18,427.4,BID
1319,1712188860.1773844,1236.00899655,426.5,0.0,427.4,BID
1320,1712188860.5025074,1236.00899655,426.5,0.0,427.4,BID
1321,1712188880.1803682,1700.04611951,426.5,-4.9308510359878886e-08,427.4,ASK
1322,1712188890.1784432,1700.04611951,426.5,-0.0,427.4,ASK
1323,1712188920.2252247,1700.04611951,426.5,-0.0,427.4,ASK
1324,1712188920.4554586,1700.04611951,426.5,-0.0,427.4,ASK
1325,1712188950.116057,1700.04611951,426.5,-0.0,427.4,ASK
1326,1712188975.870813,2649.83878948,426.5,1.0092269456831568e-07,427.4,BID
1327,1712188980.215595,2649.83878948,426.5,0.0,427.4,BID
1328,1712188980.5592587,2649.83878948,426.5,0.0,427.4,BID
1329,1712188981.788869,2837.59698948,426.5,-1.9949877979616388e-08,427.4,ASK
1330,1712188983.514509,3022.26918948,426.5,-1.9621981123739522e-08,427.4,ASK
1331,1712188985.0703533,3198.29076948,426.5,-1.8702826522512903e-08,427.4,ASK
1332,1712188985.072051,3211.66308948,426.6,-1.4208495410820003e-09,427.4,ASK
1333,1712188986.7304475,3402.94078948,426.5,-2.0323835524742292e-08,427.4,ASK
1334,1712188988.360391,3595.73048948,426.5,-2.0484490108697472e-08,427.4,ASK
1335,1712188990.0279925,3627.42685504,426.4,-3.3678349351416833e-09,427.4,ASK
1336,1712188990.0309253,3790.62428948,426.5,-1.734022217759029e-08,427.4,ASK
1337,1712188991.6926084,3858.92792392,426.4,-7.257468236499533e-09,427.4,ASK
1338,1712188991.6944642,3882.38008151,426.4,-2.491862844228538e-09,427.4,ASK
1339,1712188991.6960318,3905.8322391,426.4,-2.491862844228586e-09,427.4,ASK
1340,1712188991.6975665,3926.8322391,426.4,-2.231313666044645e-09,427.4,ASK
1341,1712188991.6991267,3981.75578948,426.2,-5.8357937405040804e-09,427.4,ASK
1342,1712188993.351206,4000.11423719,426.2,-1.9506407267946982e-09,427.4,ASK
1343,1712188993.3528602,4177.91118948,426.2,-1.8891465210750684e-08,427.4,ASK
1344,1712188994.984289,4206.47906743,426.2,-3.0354236418919667e-09,427.4,ASK
1345,1712188994.985956,4373.52938948,426.1,-1.7749603167015385e-08,427.4,ASK
1346,1712189004.9845774,4771.64293538,426.1,-4.230077121924588e-08,427.4,ASK
1347,1712189004.989163,6373.52938948,426.1,-1.7020529221357749e-07,427.4,ASK
1348,1712189010.1893644,6373.52938948,426.1,-0.0,427.4,ASK
1349,1712189040.2244794,6373.52938948,426.1,-0.0,427.4,ASK
1350,1712189040.4929018,6373.52938948,426.1,-0.0,427.4,ASK
1351,1712189067.9723742,7665.03251348,426.7,1.3720298400156474e-07,427.4,BID
1352,1712189067.9967184,7665.03251432,426.7,8.923751979627481e-17,427.4,BID
1353,1712189070.1124902,7665.03251432,426.7,0.0,427.4,BID
1354,1712189076.504371,7877.01094232,427.3,2.2518234537656852e-08,427.4,BID
1355,1712189076.9196715,9227.29083632,427.3,1.434387434205069e-07,427.4,BID
1356,1712189077.093397,9227.29083715,427.3,8.816992138713106e-17,427.4,BID
1357,1712189100.1678762,9227.29083715,427.3,0.0,427.4,BID
1358,1712189100.474349,9227.29083715,427.3,0.0,427.4,BID
1359,1712189105.6324484,10720.13092015,428.1,1.592190705059741e-07,428.1,BID
1360,1712189105.690948,11568.66288131,428.1,9.050029650798589e-08,428.1,BID
1361,1712189130.1692443,11568.66288131,428.1,0.0,428.1,BID
1362,1712189160.1139393,11568.66288131,428.1,0.0,428.1,BID
1363,1712189160.4985738,11568.66288131,428.1,0.0,428.1,BID
1364,1712189169.2889528,12568.66288131,428.1,-1.0664374091088389e-07,428.1,ASK
1365,1712189169.2925978,12747.87748829,428.1,-1.9112116114221013e-08,428.1,ASK
1366,1712189184.0092263,12818.13509953,429.0,7.492534490096183e-09,429.0,BID
1367,1712189190.1267805,12818.13509953,429.0,0.0,429.0,BID
1368,1712189200.6492698,17260.53041253,429.0,4.7372662849927234e-07,429.0,BID
1369,1712189200.6529355,17260.53041304,429.0,5.438530892730117e-17,429.0,BID
1370,1712189220.1878462,17260.53041304,429.0,0.0,429.0,BID
1371,1712189220.5492685,17260.53041304,429.0,0.0,429.0,BID
1372,1712189250.1699986,17260.53041304,429.0,0.0,429.0,BID
1373,1712189263.1020734,19260.53041304,429.0,-2.132319795210647e-07,429.0,ASK
1374,1712189263.1713886,21911.65288714,429.0,2.826520465525628e-07,429.0,BID
1375,1712189280.116053,21911.65288714,429.0,0.0,429.0,BID
1376,1712189280.5259202,21911.65288714,429.0,0.0,429.0,BID
1377,1712189282.958267,22223.18815314,429.0,3.3207576341146813e-08,429.0,BID
1378,1712189282.96797,22223.18815341,429.0,2.8780181178361866e-17,429.0,BID
1379,1712189295.956511,22319.92475014,429.0,1.0311474402689918e-08,429.0,BID
1380,1712189300.608472,22397.80856671,429.0,8.301894092748251e-09,429.0,BID
1381,1712189300.6122105,22456.83960312,429.0,6.292313782806585e-09,429.0,BID
1382,1712189310.1223729,22456.83960312,429.0,0.0,429.0,BID
1383,1712189340.1659665,22456.83960312,429.0,0.0,429.0,BID
1384,1712189340.518256,22456.83960312,429.0,0.0,429.0,BID
1385,1712189343.5779517,22515.88014025,430.3,6.293169603615662e-09,430.3,BID
1386,1712189343.581831,22562.80646591,429.5,5.001907851932729e-09,430.3,BID
1387,1712189359.817624,34190.71344265,430.0,1.2394262365629377e-06,430.3,BID
1388,1712189368.7022629,34202.3436752,430.0,1.2396741209431061e-09,430.3,BID
1389,1712189370.172023,34202.3436752,430.0,0.0,430.3,BID
1390,1712189397.048053,36785.41477178,430.0,2.751831007796197e-07,430.3,BID
1391,1712189397.0520115,260233.09077672,430.4,2.380461940302416e-05,430.4,BID
1392,1712189397.0558538,265233.09077672,430.5,5.326665246341166e-07,430.5,BID
1393,1712189397.058205,265347.45515889,430.0,1.2183615598480686e-08,430.5,BID
1394,1712189400.157682,265347.45515889,430.0,0.0,430.5,BID
1395,1712189400.5402102,265347.45515889,430.0,0.0,430.5,BID
1396,1712189402.891121,265576.85629445,430.9,2.4259671842519494e-08,430.9,BID
1397,1712189402.8934937,265713.77114743,430.6,1.4479045169297969e-08,430.9,BID
1398,1712189403.256954,266080.08713597,429.2,-3.8738717011817466e-08,430.9,ASK
1399,1712189403.4476426,266443.9231597,430.9,3.8476455308861554e-08,430.9,BID
1400,1712189403.7875102,266807.75918343,429.2,-3.8476455308861554e-08,430.9,ASK
1401,1712189404.018462,267170.46752633,430.9,3.835720059457021e-08,430.9,BID
1402,1712189404.2475498,269596.14818544,430.9,2.565210352647183e-07,430.9,BID
1403,1712189404.258438,272483.82455979,430.9,3.053780926502997e-07,430.9,BID
1404,1712189404.2614202,302096.90912494,431.0,3.131648463908284e-06,431.0,BID
1405,1712189404.2643924,302263.55064625,430.9,1.7622705364777677e-08,431.0,BID
1406,1712189404.2673757,306860.49714227,430.9,4.861371466136072e-07,431.0,BID
1407,1712189404.26962,306930.4272122,431.0,7.395257849468434e-09,431.0,BID
1408,1712189404.3621454,307293.1355551,429.3,-3.835720059457021e-08,431.0,ASK
1409,1712189404.5773654,307657.64787676,431.0,3.854797529419114e-08,431.0,BID
1410,1712189404.9173512,308022.16019842,429.5,-3.854797529419114e-08,431.0,ASK
1411,1712189405.037516,310762.61147452,431.0,2.898087164926389e-07,431.0,BID
1412,1712189405.1179087,310764.1647709,431.0,1.6426448962620107e-10,431.0,BID
1413,1712189405.1209865,311126.8731138,430.9,3.835720059457637e-08,431.0,BID
1414,1712189405.4839716,311491.13475308,429.7,-3.8521465084202576e-08,431.0,ASK
1415,1712189405.6781566,311491.1458946,431.0,1.1782401085784233e-12,431.0,BID
1416,1712189405.6812465,311855.65821626,430.9,3.854797529419114e-08,431.0,BID
1417,1712189405.8582067,312922.43748333,431.0,1.1281424080288317e-07,431.0,BID
1418,1712189405.8600614,314639.48256774,431.1,1.815812732788381e-07,431.1,BID
1419,1712189405.861823,320439.94660486,431.0,6.13411758975608e-07,431.1,BID
1420,1712189405.8783686,320693.94660486,431.2,2.6861055560852072e-08,431.2,BID
1421,1712189405.8814187,321231.06528822,431.4,5.680147557678931e-08,431.4,BID
1422,1712189405.8846889,321605.96672422,431.7,3.96466468592111e-08,431.7,BID
1423,1712189405.887727,321689.05371722,432.0,8.78663124156396e-09,432.0,BID
1424,1712189405.891179,322225.17819663,432.2,5.6696336334501935e-08,432.2,BID
1425,1712189405.8935952,322456.65967812,432.0,2.4479672974849143e-08,432.2,BID
1426,1712189405.8953648,327456.65967812,431.3,5.287609362372454e-07,432.2,BID
1427,1712189405.8971698,332436.65967812,432.2,5.266458924922965e-07,432.2,BID
1428,1712189405.8989768,332668.14115961,432.0,2.4479672974849143e-08,432.2,BID
1429,1712189405.9007812,334340.48204979,432.6,1.768537069598779e-07,432.6,BID
1430,1712189406.0269313,334705.00551297,429.8,-3.854915353429972e-08,432.6,ASK
1431,1712189406.0437567,335729.97640238,431.0,1.083929134200712e-07,432.6,BID
1432,1712189406.0575583,339881.8936877,431.0,4.3907433419308113e-07,432.6,BID
1433,1712189406.0607016,340012.62196046,431.0,1.3824800779450684e-08,432.6,BID
1434,1712189406.0819085,342313.8531191,431.0,2.433602283881618e-07,432.6,BID
1435,1712189406.2244985,345775.78961329,431.0,3.661073563723597e-07,432.6,BID
1436,1712189406.2276704,347873.74938561,431.0,2.2186383468000018e-07,432.6,BID
1437,1712189406.237703,349768.24702763,431.0,2.003472693787495e-07,432.6,BID
1438,1712189406.2396898,356161.59909586,431.0,6.761109650583233e-07,432.6,BID
1439,1712189406.257488,356526.12255904,432.5,3.854915353430589e-08,432.6,BID
1440,1712189406.2606678,361526.12255904,432.5,5.287609362372454e-07,432.6,BID
1441,1712189406.2672374,370032.46468149,432.6,8.995642849241903e-07,432.6,BID
1442,1712189406.5772984,370399.45620671,430.1,-3.881015649329707e-08,432.6,ASK
1443,1712189406.7572467,370738.45620671,432.2,3.584999147688524e-08,432.6,BID
1444,1712189406.7675676,370763.54824711,432.6,2.653538154797399e-09,432.6,BID
1445,1712189407.1148524,371127.64028751,431.0,-3.85035296316888e-08,432.6,ASK
1446,1712189407.3272443,371493.03370534,432.6,3.864115314134325e-08,432.6,BID
1447,1712189407.6879444,371858.42712317,431.1,-3.864115314134325e-08,432.6,ASK
1448,1712189407.7284615,371904.99289732,432.8,4.924432467235141e-09,432.8,BID
1449,1712189407.7325006,371928.99289732,432.8,2.538052493938778e-09,432.8,BID
1450,1712189407.7357445,371952.99289732,432.9,2.538052493938778e-09,432.9,BID
1451,1712189407.7389877,372022.59846576,433.0,7.360941107131034e-09,433.0,BID
1452,1712189407.742216,377387.99188359,433.0,-5.674020893785887e-07,433.0,ASK
1453,1712189407.7449472,411738.7830986,433.0,-3.632671304667765e-06,433.0,ASK
1454,1712189407.7467906,411993.78332961,433.0,-2.6966832177914882e-08,433.0,ASK
1455,1712189407.7486815,412455.67709405,433.0,-4.884627586548488e-08,433.0,ASK
1456,1712189407.8673897,412818.98774696,432.8,3.8420896195534827e-08,433.0,BID
1457,1712189408.2273874,413182.29839987,431.2,-3.8420896195528666e-08,433.0,ASK
1458,1712189408.4273827,413542.61404211,432.8,3.810416726634846e-08,433.0,BID
1459,1712189408.772305,413902.92968435,431.3,-3.810416726634846e-08,433.0,ASK
1460,1712189408.9675877,413967.48516074,433.0,6.8268828270435555e-09,433.0,BID
1461,1712189408.9772513,414264.83857267,433.0,3.1445773697092524e-08,433.0,BID
1462,1712189409.3373077,414626.74746099,431.4,-3.827265652412992e-08,433.0,ASK
1463,1712189409.5378582,414693.48608946,433.0,7.057755934602436e-09,433.0,BID
1464,1712189409.5413256,414990.89371471,433.0,3.1451506874256584e-08,433.0,BID
1465,1712189409.8973386,415355.03996843,431.5,-3.850926280885287e-08,433.0,ASK
1466,1712189410.099806,415715.35561067,432.9,3.810416726634846e-08,433.0,BID
1467,1712189410.101976,415715.66308262,433.0,3.2515831231280964e-11,433.0,BID
1468,1712189410.4976325,416076.28619681,431.5,-3.813668309757975e-08,433.0,ASK
1469,1712189410.6573722,416438.6548413,432.8,3.832127674470709e-08,433.0,BID
1470,1712189411.0087607,416801.02348579,431.5,-3.832127674471325e-08,433.0,ASK
1471,1712189411.2174485,416976.95808568,432.9,1.860546875086874e-08,433.0,BID
1472,1712189411.220897,417161.58944119,432.8,1.9525169679647572e-08,433.0,BID
1473,1712189411.5772772,417522.15539659,431.6,-3.813063843051631e-08,433.0,ASK
1474,1712189411.78746,417710.36705042,432.9,1.990379405798412e-08,433.0,BID
1475,1712189411.7917771,417882.15798915,433.0,1.8167267519984112e-08,433.0,BID
1476,1712189412.1472137,418242.16058171,431.6,-3.80710615779744e-08,433.0,ASK
1477,1712189412.3699994,418606.38644142,432.9,3.851768131641666e-08,433.0,BID
1478,1712189412.750194,418970.61230113,431.6,-3.851768131641666e-08,433.0,ASK
1479,1712189412.947636,418974.19367197,433.0,3.7873779967058866e-10,433.0,BID
1480,1712189412.951113,419332.95957094,432.9,3.7940278525876326e-08,433.0,BID
1481,1712189413.3074474,419695.30684075,431.6,-3.831901632554692e-08,433.0,ASK
1482,1712189413.527446,420055.14494829,433.0,3.805366692734197e-08,433.0,BID
1483,1712189413.847222,420224.15309231,431.7,-1.7872980892745457e-08,433.0,ASK
1484,1712189413.88723,420583.99119985,431.7,-3.805366692733581e-08,433.0,ASK
1485,1712189414.0673704,420943.90144613,433.0,3.80612957568804e-08,433.0,BID
1486,1712189414.4573894,421303.81169241,431.7,-3.806129575687424e-08,433.0,ASK
1487,1712189414.6581266,421582.26542884,433.0,2.94470916747008e-08,433.0,BID
1488,1712189414.662691,421667.77250475,433.0,9.042560302615192e-09,433.0,BID
1489,1712189415.0175698,422031.73331709,431.7,-3.848965197731599e-08,433.0,ASK
1490,1712189415.2375214,422395.25546874,433.0,3.8443262649885095e-08,433.0,BID
1491,1712189415.5973794,422758.77762039,431.7,-3.8443262649885095e-08,433.0,ASK
1492,1712189415.8059883,423123.00741515,433.0,3.851809745655966e-08,433.0,BID
1493,1712189416.1800363,423487.23720991,431.7,-3.851809745655966e-08,433.0,ASK
1494,1712189416.3574114,423848.08763892,433.0,3.8160722136987374e-08,433.0,BID
1495,1712189416.7210312,424208.93806793,431.8,-3.8160722136987374e-08,433.0,ASK
1496,1712189416.917313,424569.18511218,433.2,3.8096912878868176e-08,433.2,BID
1497,1712189417.2972727,424929.43215643,431.8,-3.8096912878862016e-08,433.2,ASK
1498,1712189417.5073848,425290.28258544,433.1,3.8160722136993534e-08,433.2,BID
1499,1712189417.511986,425292.15452051,433.2,1.9796122803437108e-10,433.2,BID
1500,1712189417.6272864,425464.92242947,433.2,1.8270584258688023e-08,433.2,BID
1501,1712189417.6316836,429843.46800158,433.2,4.630407712132645e-07,433.2,BID
1502,1712189417.907153,430206.19036566,431.8,-3.83586833650279e-08,433.2,ASK
1503,1712189418.1272624,430566.43740991,433.1,3.8096912878868176e-08,433.2,BID
1504,1712189418.129944,430567.30544705,433.2,9.179682616669088e-11,433.2,BID
1505,1712189418.4677117,430928.42052844,431.8,-3.818870970502872e-08,433.2,ASK
1506,1712189418.6674752,431289.37012777,433.1,3.8171209615240266e-08,433.2,BID
1507,1712189419.0272348,431650.3197271,432.1,-3.8171209615240266e-08,433.2,ASK
1508,1712189419.2275715,431652.09249185,433.1,1.874737497876375e-10,433.2,BID
1509,1712189419.2322068,432012.10257249,433.2,3.80718534588075e-08,433.2,BID
1510,1712189419.4076526,434347.80432687,433.2,2.4700556928339097e-07,433.2,BID
1511,1712189419.5877228,434709.58717226,432.1,-3.8259327208595145e-08,433.2,ASK
1512,1712189419.8122854,434710.51012955,433.2,9.760475215582252e-11,433.2,BID
1513,1712189419.8172276,435071.62521094,433.1,3.8188709705034864e-08,433.2,BID
1514,1712189420.1572022,435433.66324962,432.1,-3.8286314457184535e-08,433.2,ASK
1515,1712189420.3773055,435797.61468586,433.2,3.848866043422979e-08,433.2,BID
1516,1712189420.7175355,436161.5661221,432.2,-3.848866043422979e-08,433.2,ASK
1517,1712189420.9409835,446453.25747914,433.1,1.0883688714826496e-06,433.2,BID
1518,1712189420.951023,446815.75563375,433.1,3.83349727231702e-08,433.2,BID
1519,1712189421.05748,447960.04418455,433.2,1.2101101708931412e-07,433.2,BID
1520,1712189421.0611272,454003.04418455,433.5,6.390604675363348e-07,433.5,BID
1521,1712189421.0674882,454014.99643174,433.7,1.263976282864482e-09,433.7,BID
1522,1712189421.0710986,456755.44780174,433.3,2.8980872642277094e-07,433.7,BID
1523,1712189421.1372936,457102.44780174,433.7,-3.669600897486483e-08,433.7,ASK
1524,1712189421.1811836,457159.9163655,433.7,-6.077426315588482e-09,433.7,ASK
1525,1712189421.190118,458328.72961375,433.7,-1.236045574862325e-07,433.7,ASK
1526,1712189421.192371,458345.68104999,433.7,-1.7926514593649551e-09,433.7,ASK
1527,1712189421.327109,458708.1792046,432.3,-3.83349727231702e-08,433.7,ASK
1528,1712189421.5274632,458814.49229787,434.0,1.1242842146344616e-08,434.0,BID
1529,1712189421.5323305,458838.49229787,433.8,2.538052493938778e-09,434.0,BID
1530,1712189421.536671,459068.90704442,434.0,2.4366863421732108e-08,434.0,BID
1531,1712189421.9172318,459429.63488424,433.2,-3.8147758062009344e-08,434.0,ASK
1532,1712189422.1306152,459790.97281084,433.7,3.821227607340948e-08,434.0,BID
1533,1712189422.4073048,461006.60928958,433.2,-1.2855621652454465e-07,434.0,ASK
1534,1712189422.4873817,461367.94721618,433.2,-3.8212276073403326e-08,434.0,ASK
1535,1712189422.6875212,461730.26787813,433.7,3.83162024861605e-08,434.0,BID
1536,1712189423.0471222,462092.58854008,433.2,-3.8316202486154344e-08,434.0,ASK
1537,1712189423.2073684,462117.06406455,433.2,-2.5883402467285555e-09,434.0,ASK
1538,1712189423.267353,462479.82141901,433.7,3.836238367424491e-08,434.0,BID
1539,1712189423.587249,462541.71451901,433.2,-6.545330700523673e-09,434.0,ASK
1540,1712189423.647268,462904.47187347,433.2,-3.836238367424491e-08,434.0,ASK
1541,1712189423.8672547,463268.16711382,433.7,3.84615671584965e-08,434.0,BID
1542,1712189424.257448,463631.86235417,433.2,-3.8461567158502656e-08,434.0,ASK
1543,1712189424.3770683,467181.75117081,433.7,3.754085068449402e-07,434.0,BID
1544,1712189424.4573748,467873.75117081,433.7,-7.318051357523477e-08,434.0,ASK
1545,1712189424.4780326,468015.435076,433.2,-1.4983382871599882e-08,434.0,ASK
1546,1712189424.4819696,468027.41993263,434.1,1.2674248024671595e-09,434.1,BID
1547,1712189424.4858537,468237.94643263,433.2,-2.226363784855393e-08,434.1,ASK
1548,1712189424.4897497,468439.09254487,433.2,-2.1271641325698543e-08,434.8,ASK
1549,1712189424.4933748,468473.54513968,433.2,-3.643437257506644e-09,434.8,ASK
1550,1712189424.495597,468621.64679296,433.2,-1.5662073769326272e-08,434.8,ASK
1551,1712189424.569247,470788.04458046,433.9,2.2910130447615925e-07,434.8,BID
1552,1712189424.8386867,471149.27720261,433.3,-3.820113989749197e-08,434.8,ASK
1553,1712189425.043954,471512.37712191,433.9,3.839861065534753e-08,434.8,BID
1554,1712189425.3971512,471875.47704121,433.3,-3.839861065534753e-08,434.8,ASK
1555,1712189425.6232204,472235.12028496,433.9,3.803305965533351e-08,434.8,BID
1556,1712189426.0024889,472594.76352871,433.4,-3.803305965532735e-08,434.8,ASK
1557,1712189426.1771495,472958.23429384,433.9,3.843782841300265e-08,434.8,BID
1558,1712189426.4372194,474284.63429384,433.9,-1.402697011650128e-07,434.8,ASK
1559,1712189426.54746,474372.56879384,433.9,-9.299265709514213e-09,434.8,ASK
1560,1712189426.5670288,474736.03955897,433.9,-3.843782841300265e-08,434.8,ASK
1561,1712189426.7673275,475095.85640022,434.6,3.805141797065508e-08,434.8,BID
1562,1712189426.9077454,475428.91018454,433.9,-3.5221166162875543e-08,434.8,ASK
1563,1712189427.1477604,475646.10127397,433.4,-2.296843275787977e-08,434.8,ASK
1564,1712189427.159513,475788.72702579,433.4,-1.508298521278146e-08,434.8,ASK
1565,1712189427.34717,476152.21474228,433.9,3.8439621056397684e-08,434.8,BID
1566,1712189427.6079175,476237.40164147,433.9,9.008700914165553e-09,434.8,BID
