,time,acc_trade_volume,trade_price,dev,high,ask_bid
0,1712173460.2567391,88149562.97450829,18.95,0.0,19.45,ASK
1,1712173470.3641243,88149562.97450829,18.95,-0.0,19.45,ASK
2,1712173500.2836208,88149562.97450829,18.95,-0.0,19.45,ASK
3,1712173520.18233,88150611.74220623,19.07,5.704794447065794e-07,19.45,BID
4,1712173530.243268,88150611.74220623,19.07,0.0,19.45,BID
5,1712173532.4621153,88151398.3179797,19.07,4.2785492887978733e-07,19.45,BID
6,1712173560.385805,88151398.3179797,19.07,0.0,19.45,BID
7,1712173590.3735747,88151398.3179797,19.07,0.0,19.45,BID
8,1712173620.253568,88151398.3179797,19.07,0.0,19.45,BID
9,1712173650.262113,88151398.3179797,19.07,0.0,19.45,BID
10,1712173680.3721874,88151398.3179797,19.07,0.0,19.45,BID
11,1712173710.3738132,88151398.3179797,19.07,0.0,19.45,BID
12,1712173740.2521946,88151398.3179797,19.07,0.0,19.45,BID
13,1712173770.253532,88151398.3179797,19.07,0.0,19.45,BID
14,1712173800.271999,88151398.3179797,19.07,0.0,19.45,BID
15,1712173830.2319193,88151398.3179797,19.07,0.0,19.45,BID
16,1712173860.3721628,88151398.3179797,19.07,0.0,19.45,BID
17,1712173890.3717723,88151398.3179797,19.07,0.0,19.45,BID
18,1712173892.9520292,88181811.84708299,19.07,1.656049876729415e-05,19.45,BID
19,1712173920.2419193,88181811.84708299,19.07,0.0,19.45,BID
20,1712173950.252823,88181811.84708299,19.07,0.0,19.45,BID
21,1712173980.373072,88181811.84708299,19.07,0.0,19.45,BID
22,1712174010.3630106,88181811.84708299,19.07,0.0,19.45,BID
23,1712174040.2429402,88181811.84708299,19.07,0.0,19.45,BID
24,1712174070.261788,88181811.84708299,19.07,0.0,19.45,BID
25,1712174100.3614562,88181811.84708299,19.07,0.0,19.45,BID
26,1712174104.0817003,88182511.84708299,19.07,3.810450555435262e-07,19.45,BID
27,1712174130.3616328,88182511.84708299,19.07,0.0,19.45,BID
28,1712174160.275703,88182511.84708299,19.07,0.0,19.45,BID
29,1712174190.2734544,88182511.84708299,19.07,0.0,19.45,BID
30,1712174220.2839532,88182511.84708299,19.07,0.0,19.45,BID
31,1712174250.2721906,88182511.84708299,19.07,0.0,19.45,BID
32,1712174280.3639054,88182511.84708299,19.07,0.0,19.45,BID
33,1712174310.3649664,88182511.84708299,19.07,0.0,19.45,BID
34,1712174340.232515,88182511.84708299,19.07,0.0,19.45,BID
35,1712174370.2526495,88182511.84708299,19.07,0.0,19.45,BID
36,1712174400.333423,88182511.84708299,19.07,0.0,19.45,BID
37,1712174430.2569473,88182511.84708299,19.07,0.0,19.45,BID
38,1712174460.362805,88182511.84708299,19.07,0.0,19.45,BID
39,1712174490.37301,88182511.84708299,19.07,0.0,19.45,BID
40,1712174497.3931818,88184073.15984073,19.07,8.499030654735636e-07,19.45,BID
41,1712174520.2448142,88184073.15984073,19.07,0.0,19.45,BID
42,1712174550.2340803,88184073.15984073,19.07,0.0,19.45,BID
43,1712174561.3232982,88184680.01999904,18.95,-3.303399315607597e-07,19.45,ASK
44,1712174561.324335,88189270.66504075,18.93,-2.498884377450419e-06,19.45,ASK
45,1712174562.9817455,88194503.52744074,18.93,-2.8484707447216887e-06,19.45,ASK
46,1712174564.6133049,88199438.08228244,18.92,-2.686089186066088e-06,19.45,ASK
47,1712174564.6151342,88199714.57484074,18.93,-1.505067214175018e-07,19.45,ASK
48,1712174566.2833676,88204893.23874074,18.92,-2.818968183821837e-06,19.45,ASK
49,1712174567.9232812,88210098.86084074,18.92,-2.833642684724029e-06,19.45,ASK
50,1712174569.5530872,88214741.38634074,18.92,-2.5271251291424903e-06,19.45,ASK
51,1712174571.1930902,88219351.80584075,18.92,-2.5096484605976937e-06,19.45,ASK
52,1712174572.846373,88224573.73794074,18.92,-2.842520915088589e-06,19.45,ASK
53,1712174574.5329392,88229190.54314074,18.92,-2.513124470132882e-06,19.45,ASK
54,1712174580.364932,88229190.54314074,18.92,-0.0,19.45,ASK
55,1712174610.3630154,88229190.54314074,18.92,-0.0,19.45,ASK
56,1712174640.2349672,88229190.54314074,18.92,-0.0,19.45,ASK
57,1712174670.25431,88229190.54314074,18.92,-0.0,19.45,ASK
58,1712174700.3732405,88229190.54314074,18.92,-0.0,19.45,ASK
59,1712174730.3734906,88229190.54314074,18.92,-0.0,19.45,ASK
60,1712174760.2633104,88229190.54314074,18.92,-0.0,19.45,ASK
61,1712174790.253374,88229190.54314074,18.92,-0.0,19.45,ASK
62,1712174820.3837986,88229190.54314074,18.92,-0.0,19.45,ASK
63,1712174850.373613,88229190.54314074,18.92,-0.0,19.45,ASK
64,1712174880.255501,88229190.54314074,18.92,-0.0,19.45,ASK
65,1712174900.5759478,88240723.58592997,18.92,-6.279342816525906e-06,19.45,ASK
66,1712174900.577584,88241040.54314074,18.93,-1.725722362199543e-07,19.45,ASK
67,1712174910.24561,88241040.54314074,18.93,-0.0,19.45,ASK
68,1712174940.3734534,88241040.54314074,18.93,-0.0,19.45,ASK
69,1712174970.36352,88241040.54314074,18.93,-0.0,19.45,ASK
70,1712175000.2850585,88241040.54314074,18.93,-0.0,19.45,ASK
71,1712175030.2536187,88241040.54314074,18.93,-0.0,19.45,ASK
72,1712175030.3039396,88261040.54314074,18.91,-1.0887978988980676e-05,19.45,ASK
73,1712175030.3051882,88267951.09983137,18.92,-3.7620998024887578e-06,19.45,ASK
74,1712175030.3064709,88341040.55314074,18.91,-3.978982159742635e-05,19.45,ASK
75,1712175060.3667305,88341040.55314074,18.91,-0.0,19.45,ASK
76,1712175090.3733504,88341040.55314074,18.91,-0.0,19.45,ASK
77,1712175120.2559,88341040.55314074,18.91,-0.0,19.45,ASK
78,1712175150.2486048,88341040.55314074,18.91,-0.0,19.45,ASK
79,1712175180.365101,88341040.55314074,18.91,-0.0,19.45,ASK
80,1712175210.3835423,88341040.55314074,18.91,-0.0,19.45,ASK
81,1712175240.2753642,88341040.55314074,18.91,-0.0,19.45,ASK
82,1712175269.0239513,88343663.84799908,19.06,1.426650234068089e-06,19.45,BID
83,1712175270.2636082,88343663.84799908,19.06,0.0,19.45,BID
84,1712175300.2940764,88343663.84799908,19.06,0.0,19.45,BID
85,1712175330.2468183,88343663.84799908,19.06,0.0,19.45,BID
86,1712175360.3836308,88343663.84799908,19.06,0.0,19.45,BID
87,1712175390.3754358,88343663.84799908,19.06,0.0,19.45,BID
88,1712175420.2535872,88343663.84799908,19.06,0.0,19.45,BID
89,1712175450.256076,88343663.84799908,19.06,0.0,19.45,BID
90,1712175480.365469,88343663.84799908,19.06,0.0,19.45,BID
91,1712175510.3732378,88343663.84799908,19.06,0.0,19.45,BID
92,1712175540.2436564,88343663.84799908,19.06,0.0,19.45,BID
93,1712175570.264876,88343663.84799908,19.06,0.0,19.45,BID
94,1712175600.2774668,88343663.84799908,19.06,0.0,19.45,BID
95,1712175630.2372446,88343663.84799908,19.06,0.0,19.45,BID
96,1712175660.3731556,88343663.84799908,19.06,0.0,19.45,BID
97,1712175690.3766773,88343663.84799908,19.06,0.0,19.45,BID
98,1712175720.240368,88343663.84799908,19.06,0.0,19.45,BID
99,1712175745.3942227,88396573.90090913,18.9,-2.8773972604597995e-05,19.45,ASK
100,1712175745.3959312,88407403.00143823,18.9,-5.889168972986119e-06,19.45,ASK
101,1712175745.3978736,88476149.69630867,18.91,-3.7386383230836304e-05,19.45,ASK
102,1712175745.399955,88477471.91853023,18.9,-7.190615750252495e-07,19.45,ASK
103,1712175745.401965,88477842.09304108,18.91,-2.0131129432568504e-07,19.45,ASK
104,1712175745.404045,88517718.84799908,18.9,-2.1686099174246623e-05,19.45,ASK
105,1712175745.413482,88524609.1021541,18.9,-3.747113703183703e-06,19.45,ASK
106,1712175745.4162192,88532817.43141985,18.9,-4.463919962876925e-06,19.45,ASK
107,1712175750.244528,88532817.43141985,18.9,-0.0,19.45,ASK
108,1712175779.5532093,88533293.84876144,18.91,-2.585862919445867e-07,19.45,ASK
109,1712175780.3650534,88533293.84876144,18.91,-0.0,19.45,ASK
110,1712175810.363238,88533293.84876144,18.91,-0.0,19.45,ASK
111,1712175840.2548244,88533293.84876144,18.91,-0.0,19.45,ASK
112,1712175870.2547548,88533293.84876144,18.91,-0.0,19.45,ASK
113,1712175888.1431184,88534343.16670477,19.06,5.695382714786483e-07,19.45,BID
114,1712175900.374989,88534343.16670477,19.06,0.0,19.45,BID
115,1712175925.8444974,88706657.16670477,18.91,-9.353092634159572e-05,19.45,ASK
116,1712175930.3831122,88706657.16670477,18.91,-0.0,19.45,ASK
117,1712175960.2567532,88706657.16670477,18.91,-0.0,19.45,ASK
118,1712175990.255535,88706657.16670477,18.91,-0.0,19.45,ASK
119,1712176020.365723,88706657.16670477,18.91,-0.0,19.45,ASK
120,1712176050.364821,88706657.16670477,18.91,-0.0,19.45,ASK
121,1712176080.2548015,88706657.16670477,18.91,-0.0,19.45,ASK
122,1712176106.6126122,88881583.16670477,18.91,-9.478106666063511e-05,19.45,ASK
123,1712176110.242875,88881583.16670477,18.91,-0.0,19.45,ASK
124,1712176140.3729887,88881583.16670477,18.91,-0.0,19.45,ASK
125,1712176170.3735306,88881583.16670477,18.91,-0.0,19.45,ASK
126,1712176200.4547071,88881583.16670477,18.91,-0.0,19.45,ASK
127,1712176230.369412,88881583.16670477,18.91,-0.0,19.45,ASK
128,1712176260.2656026,88881583.16670477,18.91,-0.0,19.45,ASK
129,1712176284.707914,88884757.76987937,18.9,-1.7170343330169334e-06,19.45,ASK
130,1712176284.7092905,89014852.94911917,18.91,-7.036403513427284e-05,19.45,ASK
131,1712176284.7104614,89023835.71083716,18.9,-4.85846873666562e-06,19.45,ASK
132,1712176284.711706,89056509.49670477,18.89,-1.7672133819201667e-05,19.45,ASK
133,1712176290.2591984,89056509.49670477,18.89,-0.0,19.45,ASK
134,1712176320.4031212,89056509.49670477,18.89,-0.0,19.45,ASK
135,1712176350.377577,89056509.49670477,18.89,-0.0,19.45,ASK
136,1712176380.2692306,89056509.49670477,18.89,-0.0,19.45,ASK
137,1712176410.260652,89056509.49670477,18.89,-0.0,19.45,ASK
138,1712176440.381245,89056509.49670477,18.89,-0.0,19.45,ASK
139,1712176457.295761,89056905.48670477,18.9,-2.137950415172433e-07,19.45,ASK
140,1712176457.404076,89065089.7825354,18.9,4.41870215642867e-06,19.45,BID
141,1712176457.479156,89141218.33488426,18.9,4.1101813203088376e-05,19.45,BID
142,1712176470.3793402,89141218.33488426,18.9,0.0,19.45,BID
143,1712176500.265266,89141218.33488426,18.9,0.0,19.45,BID
144,1712176512.7603157,89160744.25198425,18.91,1.0535606587611724e-05,19.45,BID
145,1712176512.7624228,89175202.05248424,18.91,7.801000967585648e-06,19.45,BID
146,1712176530.2601178,89175202.05248424,18.91,0.0,19.45,BID
147,1712176538.9699924,89190347.57880002,18.91,8.169244803275152e-06,19.45,BID
148,1712176553.9051468,89267347.57880002,18.91,4.153251836463856e-05,19.45,BID
149,1712176553.9200995,89275056.41697952,18.91,4.158019003377472e-06,19.45,BID
150,1712176560.3802392,89275056.41697952,18.91,0.0,19.45,BID
151,1712176590.3907902,89275056.41697952,18.91,0.0,19.45,BID
152,1712176620.2713723,89275056.41697952,18.91,0.0,19.45,BID
153,1712176650.2536082,89275056.41697952,18.91,0.0,19.45,BID
154,1712176680.3820662,89275056.41697952,18.91,0.0,19.45,BID
155,1712176710.381881,89275056.41697952,18.91,0.0,19.45,BID
156,1712176740.2545052,89275056.41697952,18.91,0.0,19.45,BID
157,1712176770.2608364,89275056.41697952,18.91,0.0,19.45,BID
158,1712176800.2853465,89275056.41697952,18.91,0.0,19.45,BID
159,1712176830.2532022,89275056.41697952,18.91,0.0,19.45,BID
160,1712176850.173436,89281972.40037338,18.91,-3.726694568547544e-06,19.45,ASK
161,1712176860.373653,89281972.40037338,18.91,-0.0,19.45,ASK
162,1712176890.3859808,89281972.40037338,18.91,-0.0,19.45,ASK
163,1712176920.2552416,89281972.40037338,18.91,-0.0,19.45,ASK
164,1712176950.2761054,89281972.40037338,18.91,-0.0,19.45,ASK
165,1712176960.004692,89285632.83157498,18.91,-1.972293315486268e-06,19.45,ASK
166,1712176960.007259,89285950.12401283,18.91,-1.7096175826403445e-07,19.45,ASK
167,1712176960.0097418,89310402.71151239,18.9,-1.317540809146932e-05,19.45,ASK
168,1712176980.2808237,89310402.71151239,18.9,-0.0,19.45,ASK
169,1712177010.2643328,89310402.71151239,18.9,-0.0,19.45,ASK
170,1712177040.3871968,89310402.71151239,18.9,-0.0,19.45,ASK
171,1712177070.3848388,89310402.71151239,18.9,-0.0,19.45,ASK
172,1712177100.274878,89310402.71151239,18.9,-0.0,19.45,ASK
173,1712177130.2752097,89310402.71151239,18.9,-0.0,19.45,ASK
174,1712177160.2956655,89310402.71151239,18.9,-0.0,19.45,ASK
175,1712177190.2656317,89310402.71151239,18.9,-0.0,19.45,ASK
176,1712177220.3856237,89310402.71151239,18.9,-0.0,19.45,ASK
177,1712177250.3768454,89310402.71151239,18.9,-0.0,19.45,ASK
178,1712177280.297837,89310402.71151239,18.9,-0.0,19.45,ASK
179,1712177310.268612,89310402.71151239,18.9,-0.0,19.45,ASK
180,1712177340.4180226,89310402.71151239,18.9,-0.0,19.45,ASK
181,1712177370.3860571,89310402.71151239,18.9,-0.0,19.45,ASK
182,1712177400.2799163,89310402.71151239,18.9,-0.0,19.45,ASK
183,1712177403.9672315,89311460.91257058,19.06,5.700090046385792e-07,19.45,BID
184,1712177430.2722335,89311460.91257058,19.06,0.0,19.45,BID
185,1712177460.4098132,89311460.91257058,19.06,0.0,19.45,BID
186,1712177490.4,89311460.91257058,19.06,0.0,19.45,BID
187,1712177520.2588432,89311460.91257058,19.06,0.0,19.45,BID
188,1712177550.2788873,89311460.91257058,19.06,0.0,19.45,BID
189,1712177580.3867855,89311460.91257058,19.06,0.0,19.45,BID
190,1712177610.397129,89311460.91257058,19.06,0.0,19.45,BID
191,1712177640.2870767,89311460.91257058,19.06,0.0,19.45,BID
192,1712177659.8672953,89313214.02161331,19.06,9.443168443428364e-07,19.45,BID
193,1712177659.8699205,89893459.83701968,19.06,0.0003125509503351,19.45,BID
194,1712177662.4377503,89931499.79733714,19.06,2.0490325707232915e-05,19.45,BID
195,1712177662.4407177,89944892.21461017,19.06,7.213861151310847e-06,19.45,BID
196,1712177662.443615,90038886.81760728,19.06,5.063044267290356e-05,19.45,BID
197,1712177670.2868912,90038886.81760728,19.06,0.0,19.45,BID
198,1712177698.5881798,90042312.06617758,19.06,1.831342271293209e-06,19.45,BID
199,1712177698.591198,90042682.24068841,19.06,1.979173819178697e-07,19.45,BID
200,1712177698.5940416,90046918.88525262,19.06,2.26516298588536e-06,19.45,BID
201,1712177698.596898,90115246.68785116,19.07,3.653212040975064e-05,19.45,BID
202,1712177698.599053,90147938.87689374,19.06,1.747919501493768e-05,19.45,BID
203,1712177700.3803675,90147938.87689374,19.06,0.0,19.45,BID
204,1712177730.4010007,90147938.87689374,19.06,0.0,19.45,BID
205,1712177737.4472687,90148992.82026029,19.07,5.628752797962175e-07,19.45,BID
206,1712177760.273178,90148992.82026029,19.07,0.0,19.45,BID
207,1712177790.266165,90148992.82026029,19.07,0.0,19.45,BID
208,1712177820.2900276,90148992.82026029,19.07,0.0,19.45,BID
209,1712177850.2792976,90148992.82026029,19.07,0.0,19.45,BID
210,1712177880.394118,90148992.82026029,19.07,0.0,19.45,BID
211,1712177910.390839,90148992.82026029,19.07,0.0,19.45,BID
212,1712177940.261066,90148992.82026029,19.07,0.0,19.45,BID
213,1712177970.2621057,90148992.82026029,19.07,0.0,19.45,BID
214,1712178000.3583431,90148992.82026029,19.07,0.0,19.45,BID
215,1712178030.277602,90148992.82026029,19.07,0.0,19.45,BID
216,1712178060.3809006,90148992.82026029,19.07,0.0,19.45,BID
217,1712178090.398527,90148992.82026029,19.07,0.0,19.45,BID
218,1712178120.2813928,90148992.82026029,19.07,0.0,19.45,BID
219,1712178121.2685874,90149281.2313772,19.07,1.5402890776871865e-07,19.45,BID
220,1712178150.2785923,90149281.2313772,19.07,0.0,19.45,BID
221,1712178180.38855,90149281.2313772,19.07,0.0,19.45,BID
222,1712178210.387966,90149281.2313772,19.07,0.0,19.45,BID
223,1712178240.2792327,90149281.2313772,19.07,0.0,19.45,BID
224,1712178270.2476256,90149281.2313772,19.07,0.0,19.45,BID
225,1712178300.389525,90149281.2313772,19.07,0.0,19.45,BID
226,1712178330.3890817,90149281.2313772,19.07,0.0,19.45,BID
227,1712178360.2589862,90149281.2313772,19.07,0.0,19.45,BID
228,1712178385.2136695,90166241.23590565,19.07,9.05841731602883e-06,19.45,BID
229,1712178390.286725,90166241.23590565,19.07,0.0,19.45,BID
230,1712178420.2954962,90166241.23590565,19.07,0.0,19.45,BID
231,1712178450.2628891,90166241.23590565,19.07,0.0,19.45,BID
232,1712178480.3859682,90166241.23590565,19.07,0.0,19.45,BID
233,1712178510.3810935,90166241.23590565,19.07,0.0,19.45,BID
234,1712178540.2607198,90166241.23590565,19.07,0.0,19.45,BID
235,1712178570.2702615,90166241.23590565,19.07,0.0,19.45,BID
236,1712178600.2736826,90166241.23590565,19.07,0.0,19.45,BID
237,1712178608.0897095,90166673.6363808,19.07,2.309072174552301e-07,19.45,BID
238,1712178630.2592351,90166673.6363808,19.07,0.0,19.45,BID
239,1712178660.264743,90166673.6363808,19.07,0.0,19.45,BID
240,1712178690.268728,90166673.6363808,19.07,0.0,19.45,BID
241,1712178720.3851058,90166673.6363808,19.07,0.0,19.45,BID
242,1712178738.7982426,90187177.33522654,19.06,1.0949181308529693e-05,19.45,BID
243,1712178738.8012283,90192423.92494322,19.06,2.8017316529893305e-06,19.45,BID
244,1712178741.9480016,90195255.91087478,19.06,1.5123089575760295e-06,19.45,BID
245,1712178742.0479865,90211733.42126976,19.06,-8.799156200315589e-06,19.45,ASK
246,1712178742.0677178,90211733.4212706,19.06,-4.376553433875256e-16,19.45,ASK
247,1712178750.397893,90211733.4212706,19.06,-0.0,19.45,ASK
248,1712178780.2610006,90211733.4212706,19.06,-0.0,19.45,ASK
249,1712178810.2674367,90211733.4212706,19.06,-0.0,19.45,ASK
250,1712178817.1665995,90223911.6972946,19.06,-6.500340581521788e-06,19.45,ASK
251,1712178817.188607,90223911.69729523,19.06,-3.420100491284045e-16,19.45,ASK
252,1712178840.3866477,90223911.69729523,19.06,-0.0,19.45,ASK
253,1712178870.378928,90223911.69729523,19.06,-0.0,19.45,ASK
254,1712178900.2959287,90223911.69729523,19.06,-0.0,19.45,ASK
255,1712178930.257893,90223911.69729523,19.06,-0.0,19.45,ASK
256,1712178960.3652935,90223911.69729523,19.06,-0.0,19.45,ASK
257,1712178974.562168,90224362.98364054,18.93,-2.408931168632284e-07,19.45,ASK
258,1712178990.3651812,90224362.98364054,18.93,-0.0,19.45,ASK
259,1712179020.2613196,90224362.98364054,18.93,-0.0,19.45,ASK
260,1712179050.269162,90224362.98364054,18.93,-0.0,19.45,ASK
261,1712179073.2145572,90231362.98364054,18.93,-3.7365281403696326e-06,19.45,ASK
262,1712179080.3782916,90231362.98364054,18.93,-0.0,19.45,ASK
263,1712179110.3695655,90231362.98364054,18.93,-0.0,19.45,ASK
264,1712179139.8644152,90257364.02368216,18.93,-1.3878106623469292e-05,19.45,ASK
265,1712179140.264257,90257364.02368216,18.93,-0.0,19.45,ASK
266,1712179170.1964498,90257666.42837197,18.93,-1.6136670910634345e-07,19.45,ASK
267,1712179170.2598598,90257666.42837197,18.93,-0.0,19.45,ASK
268,1712179183.0238636,90258098.82884713,18.93,-2.3073328855633986e-07,19.45,ASK
269,1712179200.276227,90258098.82884713,18.93,-0.0,19.45,ASK
270,1712179230.2539294,90258098.82884713,18.93,-0.0,19.45,ASK
271,1712179260.4093316,90258098.82884713,18.93,-0.0,19.45,ASK
272,1712179290.3838923,90258098.82884713,18.93,-0.0,19.45,ASK
273,1712179320.2553256,90258098.82884713,18.93,-0.0,19.45,ASK
274,1712179328.0732002,90310870.75333892,18.94,-2.81596824939838e-05,19.45,ASK
275,1712179328.0763197,90334294.99834564,18.93,-1.2499436175632832e-05,19.45,ASK
276,1712179336.3831086,90360670.48319411,18.93,-1.4074250391855244e-05,19.45,ASK
277,1712179350.266271,90360670.48319411,18.93,-0.0,19.45,ASK
278,1712179376.4852948,90360958.89431106,18.93,-1.5374002768546453e-07,19.45,ASK
279,1712179380.2827954,90360958.89431106,18.93,-0.0,19.45,ASK
280,1712179391.462637,90383392.54941514,18.93,-1.1958418093935676e-05,19.45,ASK
281,1712179391.465074,90406018.67920086,18.93,-1.2061018080641288e-05,19.45,ASK
282,1712179410.262632,90406018.67920086,18.93,-0.0,19.45,ASK
283,1712179440.3756886,90406018.67920086,18.93,-0.0,19.45,ASK
284,1712179470.402568,90406018.67920086,18.93,-0.0,19.45,ASK
285,1712179500.2552447,90406018.67920086,18.93,-0.0,19.45,ASK
286,1712179530.2691994,90406018.67920086,18.93,-0.0,19.45,ASK
287,1712179542.0223403,90406123.07079908,19.07,5.5714783354002994e-08,19.45,BID
288,1712179542.0255654,90407067.4468988,19.07,5.040224567441516e-07,19.45,BID
289,1712179560.3717985,90407067.4468988,19.07,0.0,19.45,BID
290,1712179590.3714015,90407067.4468988,19.07,0.0,19.45,BID
291,1712179620.2543762,90407067.4468988,19.07,0.0,19.45,BID
292,1712179650.2665503,90407067.4468988,19.07,0.0,19.45,BID
293,1712179680.3624735,90407067.4468988,19.07,0.0,19.45,BID
294,1712179710.3651445,90407067.4468988,19.07,0.0,19.45,BID
295,1712179740.254706,90407067.4468988,19.07,0.0,19.45,BID
296,1712179770.2446628,90407067.4468988,19.07,0.0,19.45,BID
297,1712179800.3608856,90407067.4468988,19.07,0.0,19.45,BID
298,1712179803.6806622,90409067.4468988,19.06,1.0676008480139058e-06,19.45,BID
299,1712179830.2614434,90409067.4468988,19.06,0.0,19.45,BID
300,1712179858.100464,90418359.82360394,19.06,4.960173693279675e-06,19.45,BID
301,1712179860.380178,90418359.82360394,19.06,0.0,19.45,BID
302,1712179890.3603225,90418359.82360394,19.06,0.0,19.45,BID
303,1712179920.2424588,90418359.82360394,19.06,0.0,19.45,BID
304,1712179950.26395,90418359.82360394,19.06,0.0,19.45,BID
305,1712179980.3040507,90418359.82360394,19.06,0.0,19.45,BID
306,1712179982.7499042,90431520.03439836,19.06,7.024119091862149e-06,19.45,BID
307,1712179982.7524562,90470141.6421543,19.07,2.0613862242387743e-05,19.45,BID
308,1712179982.759841,90470579.14475276,19.15,2.3351224403768205e-07,19.45,BID
309,1712180010.26437,90470579.14475276,19.15,0.0,19.45,BID
310,1712180023.4596777,90478135.6878337,19.15,4.031080169332029e-06,19.45,BID
311,1712180040.3995185,90478135.6878337,19.15,0.0,19.45,BID
312,1712180070.37404,90478135.6878337,19.15,0.0,19.45,BID
313,1712180100.2293248,90478135.6878337,19.15,0.0,19.45,BID
314,1712180106.0393147,90483135.6878337,19.1,-2.671317960061269e-06,19.45,ASK
315,1712180130.2501698,90483135.6878337,19.1,-0.0,19.45,ASK
316,1712180160.2992294,90483135.6878337,19.1,-0.0,19.45,ASK
317,1712180178.909028,90493135.6878337,19.1,5.342363341135719e-06,19.45,BID
318,1712180178.9123216,90499547.86644708,19.1,3.425618796093363e-06,19.45,BID
319,1712180184.708869,90502547.86644708,19.15,1.6027090023407158e-06,19.45,BID
320,1712180190.2527075,90502547.86644708,19.15,0.0,19.45,BID
321,1712180190.5116863,90503547.86644708,19.15,5.341304906359644e-07,19.45,BID
322,1712180220.3636794,90503547.86644708,19.15,0.0,19.45,BID
323,1712180250.3759396,90503547.86644708,19.15,0.0,19.45,BID
324,1712180254.4391792,90530718.31162944,19.15,1.4512414774378185e-05,19.45,BID
325,1712180254.7096832,90539371.72997142,19.15,-4.622007308028814e-06,19.45,ASK
326,1712180254.799332,90539371.7299722,19.15,-4.218314058500663e-16,19.45,ASK
327,1712180280.253551,90539371.7299722,19.15,-0.0,19.45,ASK
328,1712180310.2435806,90539371.7299722,19.15,-0.0,19.45,ASK
329,1712180311.1409018,90554382.90490694,19.15,8.014907365714646e-06,19.45,BID
330,1712180340.3650897,90554382.90490694,19.15,0.0,19.45,BID
331,1712180370.3824222,90554382.90490694,19.15,0.0,19.45,BID
332,1712180382.862823,90554905.37094665,19.14,-2.789171602994265e-07,19.45,ASK
333,1712180400.2859738,90554905.37094665,19.14,-0.0,19.45,ASK
334,1712180430.2805655,90554905.37094665,19.14,-0.0,19.45,ASK
335,1712180460.3745122,90554905.37094665,19.14,-0.0,19.45,ASK
336,1712180490.385237,90554905.37094665,19.14,-0.0,19.45,ASK
337,1712180513.075626,90555182.71994664,19.14,1.4814072979781686e-07,19.45,BID
338,1712180520.276354,90555182.71994664,19.14,0.0,19.45,BID
339,1712180534.8758502,90555704.91315812,19.15,2.789188499145395e-07,19.45,BID
340,1712180539.839965,90571355.0515354,19.15,8.359202113743104e-06,19.45,BID
341,1712180543.5864267,90592407.58715044,19.15,1.1244782376391128e-05,19.45,BID
342,1712180550.2688465,90592407.58715044,19.15,0.0,19.45,BID
343,1712180553.82639,90599621.55338909,19.15,-3.851726310034419e-06,19.45,ASK
344,1712180553.9812305,90605648.24436456,19.15,-3.2178088204066725e-06,19.45,ASK
345,1712180568.8968678,90610382.00338908,19.15,2.527478446237967e-06,19.45,BID
346,1712180568.900466,90617715.05078907,19.15,3.915306874052364e-06,19.45,BID
347,1712180580.386833,90617715.05078907,19.15,0.0,19.45,BID
348,1712180610.3772352,90617715.05078907,19.15,0.0,19.45,BID
349,1712180629.3067124,90632556.9770844,19.15,-7.922444788788594e-06,19.45,ASK
350,1712180629.3105197,90683977.90844208,19.15,-2.744788523828732e-05,19.45,ASK
351,1712180629.4035463,90683977.90844244,19.15,-1.9885159193298443e-16,19.45,ASK
352,1712180640.0444643,90688977.90844244,19.11,-2.6689408878428297e-06,19.45,ASK
353,1712180640.0507555,90693977.90844244,19.12,-2.6689408878428297e-06,19.45,ASK
354,1712180640.0524187,90708704.60391968,19.14,-7.860935940399092e-06,19.45,ASK
355,1712180640.054087,90713704.60391968,19.09,-2.6689408878428297e-06,19.45,ASK
356,1712180640.0557623,90754469.95791978,19.14,-2.1760064019654275e-05,19.45,ASK
357,1712180640.0574217,90754493.27340148,19.06,-1.2445528481800898e-08,19.45,ASK
358,1712180640.0590794,90755977.90844244,19.08,-7.924806328730924e-07,19.45,ASK
359,1712180640.0609927,90760977.90844244,19.1,-2.6689408878428297e-06,19.45,ASK
360,1712180640.0705972,90765954.59296076,19.06,-2.656495359361029e-06,19.45,ASK
361,1712180640.275422,90765954.59296076,19.06,-0.0,19.45,ASK
362,1712180641.7679725,90765954.5929614,19.15,-3.415076140567453e-16,19.45,ASK
363,1712180641.7722778,90781620.38930538,19.15,-8.349573632551015e-06,19.45,ASK
364,1712180656.8981085,90801342.19087195,19.15,1.0511347826230542e-05,19.45,BID
365,1712180670.2429843,90801342.19087195,19.15,0.0,19.45,BID
366,1712180670.4767263,90810245.40777196,19.14,-4.7435331865262746e-06,19.45,ASK
367,1712180670.4934108,90816312.78517196,19.14,-3.23263000051599e-06,19.45,ASK
368,1712180670.5147448,90821054.5917248,19.14,-2.526380857637052e-06,19.45,ASK
369,1712180683.64841,90821548.54802482,19.14,-2.6317432542471096e-07,19.45,ASK
370,1712180683.6684089,90822273.3752248,19.14,-3.861797276525256e-07,19.45,ASK
371,1712180683.6784527,90829279.32713482,19.14,-3.732691875482563e-06,19.45,ASK
372,1712180683.7283864,90835851.2087572,19.14,-3.5014241395942377e-06,19.45,ASK
373,1712180700.2760072,90835851.2087572,19.14,-0.0,19.45,ASK
374,1712180728.482226,90848737.99132518,19.14,6.866421670642237e-06,19.45,BID
375,1712180728.558957,90850087.4623252,19.14,-7.190341630605269e-07,19.45,ASK
376,1712180728.804976,90858042.43132776,19.14,-4.238619784289154e-06,19.45,ASK
377,1712180730.2665615,90858042.43132776,19.14,-0.0,19.45,ASK
378,1712180748.1695487,90858595.98692772,19.14,-2.9488246111449825e-07,19.45,ASK
379,1712180748.1740775,90859892.62422776,19.14,-6.907266374141313e-07,19.45,ASK
380,1712180760.3782568,90859892.62422776,19.14,-0.0,19.45,ASK
381,1712180790.3868308,90859892.62422776,19.14,-0.0,19.45,ASK
382,1712180793.6796238,90880211.49308737,19.14,-1.0823781799499692e-05,19.45,ASK
383,1712180820.2726626,90880211.49308737,19.14,-0.0,19.45,ASK
384,1712180850.2606745,90880211.49308737,19.14,-0.0,19.45,ASK
385,1712180880.3763716,90880211.49308737,19.14,-0.0,19.45,ASK
386,1712180910.3912249,90880211.49308737,19.14,-0.0,19.45,ASK
387,1712180940.2689683,90880211.49308737,19.14,-0.0,19.45,ASK
388,1712180963.961528,90880733.68629885,19.15,2.7811266114621325e-07,19.45,BID
389,1712180970.2457907,90880733.68629885,19.15,0.0,19.45,BID
390,1712180975.791623,90882037.21208164,19.15,6.942355541933483e-07,19.45,BID
391,1712181000.3679392,90882037.21208164,19.15,0.0,19.45,BID
392,1712181003.0418391,90908146.87265605,19.15,1.390755685434839e-05,19.45,BID
393,1712181030.260833,90908146.87265605,19.15,0.0,19.45,BID
394,1712181047.062215,90908670.87265605,19.07,-2.790392235846498e-07,19.45,ASK
395,1712181047.0660613,90936643.28786428,19.07,-1.4895803476124606e-05,19.45,ASK
396,1712181060.1943688,90949564.10845484,19.07,6.880564400140317e-06,19.45,BID
397,1712181060.3765676,90949564.10845484,19.07,0.0,19.45,BID
398,1712181069.8078277,90988892.89712834,19.07,-2.093446727818764e-05,19.45,ASK
399,1712181069.902635,91010945.89712834,19.07,1.1738673436363952e-05,19.45,BID
400,1712181069.9072473,91011689.96215306,19.07,3.9606114091471524e-07,19.45,BID
401,1712181090.3624172,91011689.96215306,19.07,0.0,19.45,BID
402,1712181100.2334204,91015689.96215306,19.06,-2.127833010647761e-06,19.45,ASK
403,1712181100.2375307,91036849.6240331,19.06,-1.125605676061888e-05,19.45,ASK
404,1712181100.3893793,91204716.46095408,19.06,8.929814924837756e-05,19.45,BID
405,1712181100.4022243,91204716.46095496,19.06,4.676809446074736e-16,19.45,BID
406,1712181120.289394,91204716.46095496,19.06,0.0,19.45,BID
407,1712181126.864087,91216782.37485497,19.04,-6.406025117291571e-06,19.45,ASK
408,1712181126.867201,91217291.88900544,19.04,-2.705108351161616e-07,19.45,ASK
409,1712181126.8702323,91269868.12454696,19.02,-2.7913731876675104e-05,19.45,ASK
410,1712181126.8732402,91270393.334631,19.04,-2.7884410729079853e-07,19.45,ASK
411,1712181126.876263,91283584.273931,19.04,-7.00332268046873e-06,19.45,ASK
412,1712181126.8792655,91284110.0362864,19.02,-2.791373187676213e-07,19.45,ASK
413,1712181126.8817227,91292332.7331864,19.04,-4.365587497954254e-06,19.45,ASK
414,1712181126.883504,91292858.7721133,19.01,-2.792841558644492e-07,19.45,ASK
415,1712181126.8852682,91298384.5344687,19.02,-2.9337332202314024e-06,19.45,ASK
416,1712181126.8870528,91301020.27511182,18.97,-1.39936526171839e-06,19.45,ASK
417,1712181126.889073,91301389.47342406,18.96,-1.9601446529937722e-07,19.45,ASK
418,1712181126.8908465,91301916.34381394,18.98,-2.797255955157844e-07,19.45,ASK
419,1712181126.8927305,91302260.92796558,18.95,-1.8294633533141255e-07,19.45,ASK
420,1712181126.8945403,91307787.24375504,19.0,-2.9340270489883664e-06,19.45,ASK
421,1712181126.896388,91308313.8366987,18.99,-2.795782939932801e-07,19.45,ASK
422,1712181126.8981953,91308840.98482732,18.97,-2.7987305234526025e-07,19.45,ASK
423,1712181126.900057,91309367.8552172,18.98,-2.797255955157844e-07,19.45,ASK
424,1712181126.9018764,91309895.28137752,18.96,-2.800206647032244e-07,19.45,ASK
425,1712181150.464503,91309895.28137752,18.96,-0.0,19.45,ASK
426,1712181160.783131,91310263.89643808,18.99,-1.954971383097403e-07,19.45,ASK
427,1712181160.7865546,91321381.48898163,18.99,-5.8962797770878005e-06,19.45,ASK
428,1712181180.37715,91321381.48898163,18.99,-0.0,19.45,ASK
429,1712181210.3831704,91321381.48898163,18.99,-0.0,19.45,ASK
430,1712181240.2785945,91321381.48898163,18.99,-0.0,19.45,ASK
431,1712181270.2705572,91321381.48898163,18.99,-0.0,19.45,ASK
432,1712181300.3263512,91321381.48898163,18.99,-0.0,19.45,ASK
433,1712181330.2569582,91321381.48898163,18.99,-0.0,19.45,ASK
434,1712181360.3863764,91321381.48898163,18.99,-0.0,19.45,ASK
435,1712181390.398416,91321381.48898163,18.99,-0.0,19.45,ASK
436,1712181420.2540731,91321381.48898163,18.99,-0.0,19.45,ASK
437,1712181450.2563689,91321381.48898163,18.99,-0.0,19.45,ASK
438,1712181480.3970642,91321381.48898163,18.99,-0.0,19.45,ASK
439,1712181510.3845909,91321381.48898163,18.99,-0.0,19.45,ASK
440,1712181523.0345006,91324055.10701685,19.01,-1.41781235638002e-06,19.45,ASK
441,1712181540.2879837,91324055.10701685,19.01,-0.0,19.45,ASK
442,1712181570.2845905,91324055.10701685,19.01,-0.0,19.45,ASK
443,1712181589.2848537,91373985.38166969,19.01,-2.6477174920595123e-05,19.45,ASK
444,1712181589.294703,91383685.09406967,19.01,-5.1435924132193964e-06,19.45,ASK
445,1712181589.3846235,91386180.96071506,19.01,1.3235156066592258e-06,19.45,BID
446,1712181600.421959,91386180.96071506,19.01,0.0,19.45,BID
447,1712181630.2547505,91386180.96071506,19.01,0.0,19.45,BID
448,1712181634.6948383,91386703.69986822,19.13,2.7714264873274684e-07,19.45,BID
449,1712181649.644833,91388854.57875024,19.13,1.1403398174045311e-06,19.45,BID
450,1712181649.7847874,91390241.71131204,19.13,-7.354214621123076e-07,19.45,ASK
451,1712181660.4014485,91390241.71131204,19.13,-0.0,19.45,ASK
452,1712181690.3889067,91390241.71131204,19.13,-0.0,19.45,ASK
453,1712181720.2656102,91390241.71131204,19.13,-0.0,19.45,ASK
454,1712181750.3117669,91390241.71131204,19.13,-0.0,19.45,ASK
455,1712181780.39008,91390241.71131204,19.13,-0.0,19.45,ASK
456,1712181810.3852494,91390241.71131204,19.13,-0.0,19.45,ASK
457,1712181840.2952826,91390241.71131204,19.13,-0.0,19.45,ASK
458,1712181870.2776208,91390241.71131204,19.13,-0.0,19.45,ASK
459,1712181900.389824,91390241.71131204,19.13,-0.0,19.45,ASK
460,1712181930.3813317,91390241.71131204,19.13,-0.0,19.45,ASK
461,1712181960.251655,91390241.71131204,19.13,-0.0,19.45,ASK
462,1712181963.279539,91390704.674275,19.02,-2.454420656674432e-07,19.45,ASK
463,1712181990.2789812,91390704.674275,19.02,-0.0,19.45,ASK
464,1712182020.385784,91390704.674275,19.02,-0.0,19.45,ASK
465,1712182026.6460123,91426501.1840993,19.02,-1.897760512732827e-05,19.45,ASK
466,1712182026.6566367,91431501.1840993,18.99,-2.650761934679244e-06,19.45,ASK
467,1712182026.660001,91444581.1043011,19.02,-6.934350915911155e-06,19.45,ASK
468,1712182026.66334,91445581.1043011,19.0,-5.301523869358489e-07,19.45,ASK
469,1712182026.6666255,91486022.760658,18.99,-2.144024064925037e-05,19.45,ASK
470,1712182026.6687305,91490161.16513994,19.0,-2.193985014210441e-06,19.45,ASK
471,1712182026.6706717,91490683.9042931,19.01,-2.771314097934704e-07,19.45,ASK
472,1712182026.672616,91500522.55094925,18.99,-5.215982008971392e-06,19.45,ASK
473,1712182050.3958287,91500522.55094925,18.99,-0.0,19.45,ASK
474,1712182080.2609873,91500522.55094925,18.99,-0.0,19.45,ASK
475,1712182110.286033,91500522.55094925,18.99,-0.0,19.45,ASK
476,1712182140.3860295,91500522.55094925,18.99,-0.0,19.45,ASK
477,1712182170.3859262,91500522.55094925,18.99,-0.0,19.45,ASK
478,1712182200.3116696,91500522.55094925,18.99,-0.0,19.45,ASK
479,1712182204.595966,91552522.55094925,19.01,-2.754293975214757e-05,19.45,ASK
480,1712182230.285015,91552522.55094925,19.01,-0.0,19.45,ASK
481,1712182249.7468605,91552891.1660098,19.12,1.9514287113464065e-07,19.45,BID
482,1712182249.7522,91592619.34164996,19.13,2.1031886889628343e-05,19.45,BID
483,1712182249.7563818,91604106.13250574,19.12,6.081046564829852e-06,19.45,BID
484,1712182249.76059,91604802.66355036,19.13,3.6873986557745417e-07,19.45,BID
485,1712182260.3921847,91604802.66355036,19.13,0.0,19.45,BID
486,1712182263.2360387,91605116.30704224,19.13,1.6595335744440878e-07,19.45,BID
487,1712182290.382196,91605116.30704224,19.13,0.0,19.45,BID
488,1712182320.2709465,91605116.30704224,19.13,0.0,19.45,BID
489,1712182350.2814274,91605116.30704224,19.13,0.0,19.45,BID
490,1712182380.3844452,91605116.30704224,19.13,0.0,19.45,BID
491,1712182410.433673,91605116.30704224,19.13,0.0,19.45,BID
492,1712182413.5734868,91605416.30704224,19.01,-1.587338824743995e-07,19.45,ASK
493,1712182413.673448,91606425.20756578,19.01,5.338223237828561e-07,19.45,BID
494,1712182440.274114,91606425.20756578,19.01,0.0,19.45,BID
495,1712182470.267644,91606425.20756578,19.01,0.0,19.45,BID
496,1712182500.307254,91606425.20756578,19.01,0.0,19.45,BID
497,1712182530.2681484,91606425.20756578,19.01,0.0,19.45,BID
498,1712182560.401018,91606425.20756578,19.01,0.0,19.45,BID
499,1712182590.3955293,91606425.20756578,19.01,0.0,19.45,BID
500,1712182614.4398406,91616945.9861034,19.11,5.568390225493223e-06,19.45,BID
501,1712182620.2653298,91616945.9861034,19.11,0.0,19.45,BID
502,1712182650.2853296,91616945.9861034,19.11,0.0,19.45,BID
503,1712182680.379002,91616945.9861034,19.11,0.0,19.45,BID
504,1712182710.3838103,91616945.9861034,19.11,0.0,19.45,BID
505,1712182740.2580924,91616945.9861034,19.11,0.0,19.45,BID
506,1712182770.2742207,91616945.9861034,19.11,0.0,19.45,BID
507,1712182789.1277752,91656398.9056194,19.01,-2.0879241545025803e-05,19.45,ASK
508,1712182789.1314297,91668429.0702234,19.02,-6.366593795203122e-06,19.45,ASK
509,1712182789.1349618,91678254.13177766,19.0,-5.19961097690449e-06,19.45,ASK
510,1712182789.1384573,91747651.39637524,19.01,-3.6726363165834137e-05,19.45,ASK
511,1712182800.3329084,91747651.39637524,19.01,-0.0,19.45,ASK
512,1712182830.2572982,91747651.39637524,19.01,-0.0,19.45,ASK
513,1712182858.9166894,91842681.22933953,19.0,-5.052108806852459e-05,19.45,ASK
514,1712182860.2908883,91842681.22933953,19.0,-0.0,19.45,ASK
515,1712182883.346377,91856154.0457621,19.12,7.155738183342422e-06,19.45,BID
516,1712182887.3267224,91856562.30913828,19.0,-2.1683853903545169e-07,19.45,ASK
517,1712182887.3317444,91870109.77168582,19.0,-7.195384543082938e-06,19.45,ASK
518,1712182890.2684422,91870109.77168582,19.0,-0.0,19.45,ASK
519,1712182903.7062747,91880576.5661286,19.0,-5.557624237482544e-06,19.45,ASK
520,1712182920.3814173,91880576.5661286,19.0,-0.0,19.45,ASK
521,1712182950.3765182,91880576.5661286,19.0,-0.0,19.45,ASK
522,1712182980.2560928,91880576.5661286,19.0,-0.0,19.45,ASK
523,1712183010.260754,91880576.5661286,19.0,-0.0,19.45,ASK
524,1712183040.381431,91880576.5661286,19.0,-0.0,19.45,ASK
525,1712183070.3746402,91880576.5661286,19.0,-0.0,19.45,ASK
526,1712183100.2642968,91880576.5661286,19.0,-0.0,19.45,ASK
527,1712183130.27087,91880576.5661286,19.0,-0.0,19.45,ASK
528,1712183160.3196678,91880576.5661286,19.0,-0.0,19.45,ASK
529,1712183190.2340074,91880576.5661286,19.0,-0.0,19.45,ASK
530,1712183220.378518,91880576.5661286,19.0,-0.0,19.45,ASK
531,1712183250.3788495,91880576.5661286,19.0,-0.0,19.45,ASK
532,1712183280.270952,91880576.5661286,19.0,-0.0,19.45,ASK
533,1712183310.2486086,91880576.5661286,19.0,-0.0,19.45,ASK
534,1712183340.3827407,91880576.5661286,19.0,-0.0,19.45,ASK
535,1712183370.3680944,91880576.5661286,19.0,-0.0,19.45,ASK
536,1712183379.8758523,91892415.01238444,19.15,6.285528370897217e-06,19.45,BID
537,1712183379.881959,91958373.92667064,19.12,3.50203580859109e-05,19.45,BID
538,1712183379.8863118,91967818.53519742,19.13,5.014539371492806e-06,19.45,BID
539,1712183379.8904696,91968249.44689742,19.2,2.2878912123637255e-07,19.45,BID
540,1712183379.8945951,91972783.93052846,19.15,2.4075478229495606e-06,19.45,BID
541,1712183379.897198,91992496.33138132,19.15,1.0466141598459487e-05,19.45,BID
542,1712183379.8996656,91992766.49011149,19.19,1.4343861739946916e-07,19.45,BID
543,1712183379.9021125,91993037.7427842,19.18,1.4401943744993888e-07,19.45,BID
544,1712183379.9046032,92003459.83762528,19.19,5.533527913385511e-06,19.45,BID
545,1712183379.9071062,92043901.49398217,19.18,2.1472174042472105e-05,19.45,BID
546,1712183379.9095714,92053901.49398217,19.19,5.309420032893413e-06,19.45,BID
547,1712183379.9120858,92097414.54961784,19.2,2.310290892843836e-05,19.45,BID
548,1712183400.4576874,92097414.54961784,19.2,0.0,19.45,BID
549,1712183430.366037,92097414.54961784,19.2,0.0,19.45,BID
550,1712183460.282812,92097414.54961784,19.2,0.0,19.45,BID
551,1712183490.2735794,92097414.54961784,19.2,0.0,19.45,BID
552,1712183520.3724573,92097414.54961784,19.2,0.0,19.45,BID
553,1712183550.3779778,92097414.54961784,19.2,0.0,19.45,BID
554,1712183580.27521,92097414.54961784,19.2,0.0,19.45,BID
555,1712183610.240232,92097414.54961784,19.2,0.0,19.45,BID
556,1712183640.3676624,92097414.54961784,19.2,0.0,19.45,BID
557,1712183670.3607216,92097414.54961784,19.2,0.0,19.45,BID
558,1712183700.2445066,92097414.54961784,19.2,0.0,19.45,BID
559,1712183730.2707744,92097414.54961784,19.2,0.0,19.45,BID
560,1712183760.3805366,92097414.54961784,19.2,0.0,19.45,BID
561,1712183790.3661182,92097414.54961784,19.2,0.0,19.45,BID
562,1712183820.270129,92097414.54961784,19.2,0.0,19.45,BID
563,1712183850.2457292,92097414.54961784,19.2,0.0,19.45,BID
564,1712183880.3999505,92097414.54961784,19.2,0.0,19.45,BID
565,1712183910.3697176,92097414.54961784,19.2,0.0,19.45,BID
566,1712183940.289766,92097414.54961784,19.2,0.0,19.45,BID
567,1712183965.3595903,92113015.17364278,19.05,-8.279032794344593e-06,19.45,ASK
568,1712183969.2326448,92151681.00041445,19.05,-2.051941302802518e-05,19.45,ASK
569,1712183969.3497095,92162721.94581445,19.05,5.8592751739246165e-06,19.45,BID
570,1712183969.359461,92178923.33311445,19.05,8.59784945499581e-06,19.45,BID
571,1712183969.369368,92296852.57512884,19.05,6.258339797738635e-05,19.45,BID
572,1712183969.4293709,92335518.40190051,19.06,-2.051941302802518e-05,19.45,ASK
573,1712183970.266466,92335518.40190051,19.06,-0.0,19.45,ASK
574,1712184000.2830298,92335518.40190051,19.06,-0.0,19.45,ASK
575,1712184030.2495198,92335518.40190051,19.06,-0.0,19.45,ASK
576,1712184060.3796628,92335518.40190051,19.06,-0.0,19.45,ASK
577,1712184090.3689752,92335518.40190051,19.06,-0.0,19.45,ASK
578,1712184110.6593478,92340809.56256686,19.06,-2.802627307827081e-06,19.45,ASK
579,1712184120.2435925,92340809.56256686,19.06,-0.0,19.45,ASK
580,1712184150.2590096,92340809.56256686,19.06,-0.0,19.45,ASK
581,1712184171.5397673,92346011.58133388,19.06,-2.7552633559898603e-06,19.45,ASK
582,1712184171.542144,92381728.9449809,19.05,-1.891779857720672e-05,19.45,ASK
583,1712184180.3736224,92381728.9449809,19.05,-0.0,19.45,ASK
584,1712184210.366767,92381728.9449809,19.05,-0.0,19.45,ASK
585,1712184240.2584713,92381728.9449809,19.05,-0.0,19.45,ASK
586,1712184270.2717469,92381728.9449809,19.05,-0.0,19.45,ASK
587,1712184300.2808542,92381728.9449809,19.05,-0.0,19.45,ASK
588,1712184330.2817097,92381728.9449809,19.05,-0.0,19.45,ASK
589,1712184360.3772173,92381728.9449809,19.05,-0.0,19.45,ASK
590,1712184390.38391,92381728.9449809,19.05,-0.0,19.45,ASK
591,1712184420.2646997,92381728.9449809,19.05,-0.0,19.45,ASK
592,1712184450.259926,92381728.9449809,19.05,-0.0,19.45,ASK
593,1712184480.3651605,92381728.9449809,19.05,-0.0,19.45,ASK
594,1712184510.3652406,92381728.9449809,19.05,-0.0,19.45,ASK
595,1712184516.1997137,92387552.37265389,19.08,-3.087432079413111e-06,19.45,ASK
596,1712184516.2026048,92407838.60555533,19.07,-1.075524068430312e-05,19.45,ASK
597,1712184540.2544422,92407838.60555533,19.07,-0.0,19.45,ASK
598,1712184570.254808,92407838.60555533,19.07,-0.0,19.45,ASK
599,1712184600.312131,92407838.60555533,19.07,-0.0,19.45,ASK
600,1712184630.2562883,92407838.60555533,19.07,-0.0,19.45,ASK
601,1712184660.3910224,92407838.60555533,19.07,-0.0,19.45,ASK
602,1712184690.3606684,92407838.60555533,19.07,-0.0,19.45,ASK
603,1712184720.2346542,92407838.60555533,19.07,-0.0,19.45,ASK
604,1712184750.2506168,92407838.60555533,19.07,-0.0,19.45,ASK
605,1712184780.3712838,92407838.60555533,19.07,-0.0,19.45,ASK
606,1712184810.37177,92407838.60555533,19.07,-0.0,19.45,ASK
607,1712184840.2654872,92407838.60555533,19.07,-0.0,19.45,ASK
608,1712184870.247131,92407838.60555533,19.07,-0.0,19.45,ASK
609,1712184900.3518105,92407838.60555533,19.07,-0.0,19.45,ASK
610,1712184930.3779535,92407838.60555533,19.07,-0.0,19.45,ASK
611,1712184960.2520924,92407838.60555533,19.07,-0.0,19.45,ASK
612,1712184980.3123348,92408419.97656526,19.11,-3.091609863996722e-07,19.45,ASK
613,1712184990.270061,92408419.97656526,19.11,-0.0,19.45,ASK
614,1712185020.3558142,92408419.97656526,19.11,-0.0,19.45,ASK
615,1712185050.3894207,92408419.97656526,19.11,-0.0,19.45,ASK
616,1712185080.2534263,92408419.97656526,19.11,-0.0,19.45,ASK
617,1712185110.2472916,92408419.97656526,19.11,-0.0,19.45,ASK
618,1712185140.3590176,92408419.97656526,19.11,-0.0,19.45,ASK
619,1712185162.5942707,92408941.62497424,19.17,2.774001130276707e-07,19.45,BID
620,1712185170.3733013,92408941.62497424,19.17,0.0,19.45,BID
621,1712185200.3833125,92408941.62497424,19.17,0.0,19.45,BID
622,1712185230.2554138,92408941.62497424,19.17,0.0,19.45,BID
623,1712185260.3715656,92408941.62497424,19.17,0.0,19.45,BID
624,1712185290.3828,92408941.62497424,19.17,0.0,19.45,BID
625,1712185320.2369404,92408941.62497424,19.17,0.0,19.45,BID
626,1712185350.263156,92408941.62497424,19.17,0.0,19.45,BID
627,1712185364.8729646,92409463.54564229,19.16,-2.776678867571886e-07,19.45,ASK
628,1712185371.572953,92409985.73885375,19.15,-2.778128830350596e-07,19.45,ASK
629,1712185380.3860228,92409985.73885375,19.15,-0.0,19.45,ASK
630,1712185385.1132195,92410508.20489344,19.14,-2.779550733340569e-07,19.45,ASK
631,1712185386.9427922,92415730.13700834,19.15,-2.778099270844802e-06,19.45,ASK
632,1712185387.623113,92416252.8761615,19.13,-2.781003713359425e-07,19.45,ASK
633,1712185389.55984,92416775.06937298,19.15,2.778099270805165e-07,19.45,BID
634,1712185395.7755644,92417297.53541268,19.14,-2.779550733340569e-07,19.45,ASK
635,1712185397.0329294,92434596.77313642,19.12,-9.203298443789231e-06,19.45,ASK
636,1712185401.852875,92435119.51228958,19.13,-2.781003713359425e-07,19.45,ASK
637,1712185410.378928,92435119.51228958,19.13,-0.0,19.45,ASK
638,1712185433.7630095,92436710.40298958,19.13,8.461469969371564e-07,19.45,BID
639,1712185433.772874,92439262.7413212,19.13,1.357512124796069e-06,19.45,BID
640,1712185433.7781048,92440346.9038212,19.13,5.766334818370944e-07,19.45,BID
641,1712185440.2542872,92440346.9038212,19.13,0.0,19.45,BID
642,1712185446.195519,92446155.1108259,19.13,3.0890466176392143e-06,19.45,BID
643,1712185446.372885,92446623.9604259,19.12,-2.493537626839406e-07,19.45,ASK
644,1712185452.212857,92455407.12765044,19.13,4.671254482698724e-06,19.45,BID
645,1712185470.2573814,92455407.12765044,19.13,0.0,19.45,BID
646,1712185500.3736987,92455407.12765044,19.13,0.0,19.45,BID
647,1712185508.1828508,92461215.33465514,19.13,3.088918292834372e-06,19.45,BID
648,1712185508.323174,92462841.33465514,19.13,8.647386603280089e-07,19.45,BID
649,1712185509.562826,92467601.57127763,19.12,-2.531587109337492e-06,19.45,ASK
650,1712185515.8432028,92483841.79253057,19.13,8.636867878039278e-06,19.45,BID
651,1712185515.8528717,92499442.41655552,19.13,8.296717539743314e-06,19.45,BID
652,1712185516.032732,92502667.94637282,19.13,-1.715399958830484e-06,19.45,ASK
653,1712185522.9929495,92503068.37191708,19.13,-2.12954150495804e-07,19.45,ASK
654,1712185530.383038,92503068.37191708,19.13,-0.0,19.45,ASK
655,1712185533.1732705,92507548.2471817,19.13,-2.3813308186537377e-06,19.45,ASK
656,1712185533.178418,92509061.02467977,19.12,-8.041348174057275e-07,19.45,ASK
657,1712185533.1826372,92511851.53914164,19.12,-1.483331051740268e-06,19.45,ASK
658,1712185540.1130297,92512373.7323531,19.15,-2.775779936583418e-07,19.45,ASK
659,1712185558.7911663,92512896.1983928,19.14,-2.7772301872662384e-07,19.45,ASK
660,1712185560.2534847,92512896.1983928,19.14,-0.0,19.45,ASK
661,1712185565.014304,92513418.6644325,19.14,2.776952707446446e-07,19.45,BID
662,1712185585.583339,92513941.1304722,19.14,2.776952707446446e-07,19.45,BID
663,1712185590.2581892,92513941.1304722,19.14,0.0,19.45,BID
664,1712185591.8635058,92518596.6554722,19.14,2.4744259614347698e-06,19.45,BID
665,1712185591.8693428,92519350.7049928,19.14,4.007796564232666e-07,19.45,BID
666,1712185620.3869114,92519350.7049928,19.14,0.0,19.45,BID
667,1712185650.378879,92519350.7049928,19.14,0.0,19.45,BID
668,1712185680.268999,92519350.7049928,19.14,0.0,19.45,BID
669,1712185710.2690268,92519350.7049928,19.14,0.0,19.45,BID
670,1712185710.415963,92519872.89820428,19.15,-2.775320367954007e-07,19.45,ASK
671,1712185710.427547,92520790.96213716,19.14,-4.879269733863169e-07,19.45,ASK
672,1712185740.3652532,92520790.96213716,19.14,-0.0,19.45,ASK
673,1712185767.4936235,92544324.23207484,19.14,-1.2507134312630891e-05,19.45,ASK
674,1712185770.3724675,92544324.23207484,19.14,-0.0,19.45,ASK
675,1712185800.2734482,92544324.23207484,19.14,-0.0,19.45,ASK
676,1712185802.8237202,92546931.22711591,19.16,1.386383153877447e-06,19.45,BID
677,1712185813.1533997,92548465.93392111,19.14,-8.161471837637757e-07,19.45,ASK
678,1712185816.7768166,92548866.35946538,19.14,-2.129437226376249e-07,19.45,ASK
679,1712185822.5733218,92573041.47397736,19.14,-1.2856170024977123e-05,19.45,ASK
680,1712185822.5934594,92573041.47397783,19.14,-2.5357892625675996e-16,19.45,ASK
681,1712185830.2548528,92573041.47397783,19.14,-0.0,19.45,ASK
682,1712185839.8934464,92576552.68237785,19.14,1.8666923035479136e-06,19.45,BID
683,1712185860.3756497,92576552.68237785,19.14,0.0,19.45,BID
684,1712185882.793533,92576698.7362558,19.14,-7.76450378988151e-08,19.45,ASK
685,1712185890.3747869,92576698.7362558,19.14,-0.0,19.45,ASK
686,1712185895.5936608,92577221.2022955,19.14,-2.777525371840247e-07,19.45,ASK
687,1712185920.244802,92577221.2022955,19.14,-0.0,19.45,ASK
688,1712185930.183337,92577743.94144866,19.13,-2.778962519648464e-07,19.45,ASK
689,1712185933.767116,92578057.58494055,19.13,1.667377511773235e-07,19.45,BID
690,1712185938.5977938,92581078.31524856,19.12,-1.605867143709706e-06,19.45,ASK
691,1712185938.6023176,92581601.32780086,19.12,-2.78041595187985e-07,19.45,ASK
692,1712185938.6735914,92605605.06626187,19.12,1.2760760144175872e-05,19.45,BID
693,1712185938.777735,92627711.51832189,19.13,1.1752133228510317e-05,19.45,BID
694,1712185938.782972,92627711.51832277,19.13,4.673796336438051e-16,19.45,BID
695,1712185939.773486,92629424.51832277,19.14,9.106574029066056e-07,19.45,BID
696,1712185949.9138775,92634649.17871983,19.14,2.7775106061077848e-06,19.45,BID
697,1712185950.263476,92634649.17871983,19.14,0.0,19.45,BID
698,1712185960.033656,92671047.38278952,19.14,1.9338558342848755e-05,19.45,BID
699,1712185980.3857408,92671047.38278952,19.14,0.0,19.45,BID
700,1712186010.3556595,92671047.38278952,19.14,0.0,19.45,BID
701,1712186040.2750762,92671047.38278952,19.14,0.0,19.45,BID
702,1712186070.2735994,92671047.38278952,19.14,0.0,19.45,BID
703,1712186100.2812223,92671047.38278952,19.14,0.0,19.45,BID
704,1712186108.3935,92675807.619412,19.14,-2.531408331080462e-06,19.45,ASK
705,1712186113.1535933,92676208.04495628,19.14,-2.129391118862439e-07,19.45,ASK
706,1712186130.2956347,92676208.04495628,19.14,-0.0,19.45,ASK
707,1712186153.9832058,92780949.55444203,19.14,-5.569672777560187e-05,19.45,ASK
708,1712186160.3647492,92780949.55444203,19.14,-0.0,19.45,ASK
709,1712186190.386006,92780949.55444203,19.14,-0.0,19.45,ASK
710,1712186214.5234492,92791398.87523603,19.15,5.550552155984675e-06,19.45,BID
711,1712186220.256234,92791398.87523603,19.15,0.0,19.45,BID
712,1712186244.5536077,92791398.87523618,19.15,7.914474394137237e-17,19.45,BID
713,1712186244.559765,92797201.0162282,19.15,3.0816991854003365e-06,19.45,BID
714,1712186250.24516,92797201.0162282,19.15,0.0,19.45,BID
715,1712186258.0134976,92797845.6637478,19.15,3.423723254447975e-07,19.45,BID
716,1712186280.363454,92797845.6637478,19.15,0.0,19.45,BID
717,1712186310.3934035,92797845.6637478,19.15,0.0,19.45,BID
718,1712186340.2650132,92797845.6637478,19.15,0.0,19.45,BID
719,1712186370.2643876,92797845.6637478,19.15,0.0,19.45,BID
720,1712186400.3133051,92797845.6637478,19.15,0.0,19.45,BID
721,1712186409.543407,92798367.85695928,19.15,-2.792949639463888e-07,19.45,ASK
722,1712186409.549334,92802605.90037028,19.14,-2.266716907954668e-06,19.45,ASK
723,1712186412.1937866,92803006.32591456,19.14,-2.141675446731157e-07,19.45,ASK
724,1712186418.6933258,92803528.519126,19.15,-2.792949639384189e-07,19.45,ASK
725,1712186430.266189,92803528.519126,19.15,-0.0,19.45,ASK
726,1712186444.5340755,92804050.7123375,19.15,2.7927871519639866e-07,19.45,BID
727,1712186457.6147597,92804572.90554896,19.15,2.7927871519639866e-07,19.45,BID
728,1712186460.3769531,92804572.90554896,19.15,0.0,19.45,BID
729,1712186469.7250164,92850345.36534747,19.14,-2.447970741409169e-05,19.45,ASK
730,1712186469.7315404,92858374.43603048,19.14,-4.294051532134787e-06,19.45,ASK
731,1712186469.8248155,92864759.33537896,19.14,-3.414727296871939e-06,19.45,ASK
732,1712186469.830783,92870506.46181571,19.14,-3.07363804049986e-06,19.45,ASK
733,1712186477.564988,92871028.92785545,19.14,2.794216400432684e-07,19.45,BID
734,1712186480.1948168,92871609.43987216,19.14,3.104653842522883e-07,19.45,BID
735,1712186490.385083,92871609.43987216,19.14,0.0,19.45,BID
736,1712186508.446483,92872131.90591183,19.14,2.7923003030324504e-07,19.45,BID
737,1712186520.2682178,92872131.90591183,19.14,0.0,19.45,BID
738,1712186539.196207,92875034.46599545,19.14,1.5512541427466409e-06,19.45,BID
739,1712186539.6821902,92875556.93203512,19.14,2.792285379687529e-07,19.45,BID
740,1712186550.2764876,92875556.93203512,19.14,0.0,19.45,BID
741,1712186559.5466957,92875868.2695482,19.14,1.6638645635828157e-07,19.45,BID
742,1712186563.82153,92883705.26014382,19.14,4.188281331425489e-06,19.45,BID
743,1712186566.0068228,92884069.6279599,19.14,1.947271600346979e-07,19.45,BID
744,1712186580.4102037,92884069.6279599,19.14,0.0,19.45,BID
745,1712186581.3941956,92884089.0828133,19.18,1.0396248885390332e-08,19.45,BID
746,1712186581.402425,92884376.30157824,19.18,1.534834370575816e-07,19.45,BID
747,1712186586.0171714,92884682.9751966,19.18,1.6387968594297193e-07,19.45,BID
748,1712186610.377862,92884682.9751966,19.18,0.0,19.45,BID
749,1712186614.55935,92893310.1167966,19.18,4.610127130730996e-06,19.45,BID
750,1712186614.5633712,93031827.00543644,19.18,7.401993568566396e-05,19.45,BID
751,1712186622.4979866,93032087.69365332,19.18,1.39305215681229e-07,19.45,BID
752,1712186631.1880774,93032839.1013697,19.18,4.015333537029597e-07,19.45,BID
753,1712186640.2603831,93032839.1013697,19.18,0.0,19.45,BID
754,1712186640.358451,93033361.02203774,19.16,-2.784783876131246e-07,19.45,ASK
755,1712186640.364143,93033883.21524924,19.15,-2.786238071369689e-07,19.45,ASK
756,1712186640.3669455,93034404.8636582,19.15,2.783331198051479e-07,19.45,BID
757,1712186645.1584663,93035561.05164777,19.15,6.169009713940868e-07,19.45,BID
758,1712186648.608466,93036083.24485923,19.15,2.786238071369689e-07,19.45,BID
759,1712186648.7087922,93051757.22604951,19.14,-8.363081358042639e-06,19.45,ASK
760,1712186648.714769,93052279.69209015,19.14,-2.787693791081479e-07,19.45,ASK
761,1712186661.818849,93052586.84613717,19.15,1.638865233602692e-07,19.45,BID
762,1712186664.608788,93262153.32806005,19.15,0.0001118172541463,19.45,BID
763,1712186670.2725809,93262153.32806005,19.15,0.0,19.45,BID
764,1712186676.6892054,93262675.2487281,19.16,-2.778274394401487e-07,19.45,ASK
765,1712186676.6958563,93411102.12189656,19.15,-7.901020335240239e-05,19.45,ASK
766,1712186676.8287222,93411624.58793628,19.14,-2.781177502455953e-07,19.45,ASK
767,1712186683.069206,93416849.24833332,19.14,2.7811775024797494e-06,19.45,BID
768,1712186689.5394063,93417156.40238036,19.15,1.635034357114854e-07,19.45,BID
769,1712186695.1592052,93417678.5955918,19.15,2.779725190353432e-07,19.45,BID
770,1712186700.3815432,93417678.5955918,19.15,0.0,19.45,BID
771,1712186706.8796682,93418201.06163152,19.14,-2.805435169522383e-07,19.45,ASK
772,1712186710.6393185,93418601.4871758,19.13,-2.150126169596538e-07,19.45,ASK
773,1712186713.4500496,93419124.49972808,19.12,-2.80836972511234e-07,19.45,ASK
774,1712186713.4563172,93422150.89070237,19.13,-1.625051779598362e-06,19.45,ASK
775,1712186713.4611905,93422412.6584848,19.12,-1.405589047409044e-07,19.45,ASK
776,1712186713.466019,93423361.72379827,19.12,-5.096103873454898e-07,19.45,ASK
777,1712186713.5694602,93439043.89839227,19.13,-8.420705040593011e-06,19.45,ASK
778,1712186713.589408,93439043.89839315,19.13,-4.640772477419263e-16,19.45,ASK
779,1712186714.4494386,93439566.36443286,19.14,2.805435169522383e-07,19.45,BID
780,1712186719.2695444,93439873.67895742,19.14,1.650156966757505e-07,19.45,BID
781,1712186730.3824122,93439873.67895742,19.14,0.0,19.45,BID
782,1712186760.2826033,93439873.67895742,19.14,0.0,19.45,BID
783,1712186767.6100397,93440396.14499712,19.14,2.804795712659332e-07,19.45,BID
784,1712186769.3102813,93550966.36443286,19.14,5.935828433899114e-05,19.45,BID
785,1712186781.360375,93551273.6789574,19.14,1.649780838150653e-07,19.45,BID
786,1712186790.272689,93551273.6789574,19.14,0.0,19.45,BID
787,1712186793.1403415,93551796.1449971,19.14,2.801588891803517e-07,19.45,BID
788,1712186804.4806492,93557020.80539416,19.14,2.801588891827488e-06,19.45,BID
789,1712186815.9303646,93557385.17321026,19.14,1.9538280931555825e-07,19.45,BID
790,1712186820.410981,93557385.17321026,19.14,0.0,19.45,BID
791,1712186824.644293,93561526.99234252,19.13,-2.220803995781471e-06,19.45,ASK
792,1712186824.6473048,93567277.1230273,19.13,-3.0831653419092784e-06,19.45,ASK
793,1712186831.9008667,93567799.86218046,19.13,-2.80287758355389e-07,19.45,ASK
794,1712186838.0212216,93568107.33735035,19.13,1.648652594686076e-07,19.45,BID
795,1712186840.281191,93570063.86827116,19.12,-1.049073256954705e-06,19.45,ASK
796,1712186840.2877798,93575817.00634646,19.12,-3.084777876085744e-06,19.45,ASK
797,1712186844.0711353,93576312.94238263,19.13,2.659161821433919e-07,19.45,BID
798,1712186849.233461,93576620.41755252,19.13,1.6486525946061768e-07,19.45,BID
799,1712186850.383704,93576620.41755252,19.13,0.0,19.45,BID
800,1712186856.781171,93577143.15670568,19.13,2.802324794741788e-07,19.45,BID
801,1712186874.6815484,93577665.89585884,19.13,2.802324794741788e-07,19.45,BID
802,1712186880.2853963,93577665.89585884,19.13,0.0,19.45,BID
803,1712186885.5215652,93577973.37102874,19.13,1.648309771632705e-07,19.45,BID
804,1712186892.9844298,93682521.20166124,19.13,5.604589498795834e-05,19.45,BID
805,1712186897.4420254,93682828.67683113,19.13,1.6483097715528229e-07,19.45,BID
806,1712186902.4818194,93683351.41598427,19.13,2.802294749393124e-07,19.45,BID
807,1712186904.6016912,93683658.89115418,19.13,1.648309771632705e-07,19.45,BID
808,1712186910.2619965,93683658.89115418,19.13,0.0,19.45,BID
809,1712186925.1420314,93684023.4494396,19.13,1.9521983607564066e-07,19.45,BID
810,1712186925.2619977,93717206.32450494,19.13,1.7769327128025937e-05,19.45,BID
811,1712186940.3039474,93717206.32450494,19.13,0.0,19.45,BID
812,1712186941.402375,93717513.79967482,19.13,1.645954388196187e-07,19.45,BID
813,1712186944.0205023,93717878.35796024,19.13,1.951527695348019e-07,19.45,BID
814,1712186947.2425773,93718401.09711342,19.13,2.7982903574232266e-07,19.45,BID
815,1712186953.222302,93748264.02968004,19.13,1.5986014389806806e-05,19.45,BID
816,1712186963.6625438,93748786.7688332,19.19,2.7982903574232266e-07,19.45,BID
817,1712186966.1125765,93759208.86367428,19.19,5.579082286357592e-06,19.45,BID
818,1712186970.3027954,93759208.86367428,19.19,0.0,19.45,BID
819,1712186971.5125473,93759498.33735847,19.19,1.5489233243840826e-07,19.45,BID
820,1712186985.6885538,93759804.85116775,19.19,1.6401020691697693e-07,19.45,BID
821,1712186988.8528154,93760168.26961488,19.19,1.9445888865563098e-07,19.45,BID
822,1712187000.353264,93760168.26961488,19.19,0.0,19.45,BID
823,1712187008.1535175,93760691.28216717,19.12,-2.821056860376724e-07,19.45,ASK
824,1712187008.160722,93761214.02132031,19.13,-2.819582183551959e-07,19.45,ASK
825,1712187008.165829,93761736.48736005,19.14,-2.818109047592255e-07,19.45,ASK
826,1712187008.1688027,93764928.50623736,19.12,-1.721730523080006e-06,19.45,ASK
827,1712187009.2328448,93765328.93178163,19.12,-2.1598396134160042e-07,19.45,ASK
828,1712187009.5731068,93765851.39782134,19.15,-2.818109047592255e-07,19.45,ASK
829,1712187013.533021,93781509.52176195,19.14,8.445773962755284e-06,19.45,BID
830,1712187022.78324,93782031.98780169,19.14,2.818109047592255e-07,19.45,BID
831,1712187030.2958455,93782031.98780169,19.14,0.0,19.45,BID
832,1712187034.807863,93782339.30232625,19.14,1.6572377474669185e-07,19.45,BID
833,1712187037.4133625,93782703.67014232,19.14,1.964905822950169e-07,19.45,BID
834,1712187050.2235055,93783226.13618204,19.14,2.8174732190110305e-07,19.45,BID
835,1712187060.3739624,93783226.13618204,19.14,0.0,19.45,BID
836,1712187066.7036374,93783748.60222173,19.14,2.81743849287987e-07,19.45,BID
837,1712187075.4239345,93784271.0682614,19.14,2.817438492799514e-07,19.45,BID
838,1712187090.393924,93784271.0682614,19.14,0.0,19.45,BID
839,1712187095.134025,93802862.84752172,19.14,1.0025652506673372e-05,19.45,BID
840,1712187095.1379004,93815888.85172172,19.14,7.024297665713216e-06,19.45,BID
841,1712187103.4438338,93817450.16447946,19.14,-8.419408892622683e-07,19.45,ASK
842,1712187112.3140914,93817972.35769096,19.15,-2.815936875299074e-07,19.45,ASK
843,1712187119.304268,93818494.278359,19.15,2.8144671796410134e-07,19.45,BID
844,1712187120.3472054,93818494.278359,19.15,0.0,19.45,BID
845,1712187132.4369514,94013731.5297012,19.15,0.0001052448850386,19.45,BID
846,1712187149.1743855,94014253.17811018,19.17,-2.812005724123045e-07,19.45,ASK
847,1712187150.2458198,94014253.17811018,19.17,-0.0,19.45,ASK
848,1712187164.0744202,94014775.09877823,19.16,-2.8077992824673e-07,19.45,ASK
849,1712187170.7544153,94015297.01944628,19.16,2.8077992824673e-07,19.45,BID
850,1712187180.3972864,94015297.01944628,19.16,0.0,19.45,BID
851,1712187193.8847358,94015818.94011432,19.16,2.8077690723128865e-07,19.45,BID
852,1712187209.6693685,94016340.86078238,19.16,2.8077690723128865e-07,19.45,BID
853,1712187210.401749,94016340.86078238,19.16,0.0,19.45,BID
854,1712187218.735147,94016862.78145044,19.16,2.807738862808552e-07,19.45,BID
855,1712187240.2817442,94016862.78145044,19.16,0.0,19.45,BID
856,1712187249.965685,94017384.97466192,19.15,-2.809189932589364e-07,19.45,ASK
857,1712187254.2505872,94017649.35722388,19.15,1.4222720922068357e-07,19.45,BID
858,1712187254.3653653,94017906.89532997,19.15,-1.385451666093321e-07,19.45,ASK
859,1712187259.56556,94018429.08854143,19.15,2.809189932509201e-07,19.45,BID
860,1712187270.2782843,94018429.08854143,19.15,0.0,19.45,BID
861,1712187271.3654728,94018951.28175291,19.15,2.8091446042645057e-07,19.45,BID
862,1712187290.3757095,94019473.4749644,19.15,2.8091446042645057e-07,19.45,BID
863,1712187300.3755715,94019473.4749644,19.15,0.0,19.45,BID
864,1712187301.4457946,94171309.2481008,19.15,8.201109872281403e-05,19.45,BID
865,1712187301.51574,94187344.1702969,19.15,8.66094702239475e-06,19.45,BID
866,1712187301.615791,94209138.30186433,19.15,1.1771670395136566e-05,19.45,BID
867,1712187306.6755197,94209538.72740856,19.15,-2.162819615118151e-07,19.45,ASK
868,1712187313.08669,94213777.043363,19.15,-2.2892427850000586e-06,19.45,ASK
869,1712187313.093753,94214298.96403106,19.16,-2.8190515679416975e-07,19.45,ASK
870,1712187324.8659904,94214820.61244003,19.17,-2.817581014255486e-07,19.45,ASK
871,1712187330.3861744,94214820.61244003,19.17,-0.0,19.45,ASK
872,1712187332.434549,94215342.260849,19.17,2.8118993449976624e-07,19.45,BID
873,1712187360.2733371,94215342.260849,19.17,0.0,19.45,BID
874,1712187365.4567337,94215864.18151703,19.16,-2.81335176826134e-07,19.45,ASK
875,1712187365.6464858,94216385.829926,19.16,2.811884187786081e-07,19.45,BID
876,1712187371.7989233,94216907.75059406,19.16,2.81335176826134e-07,19.45,BID
877,1712187385.246701,94217429.67126212,19.16,2.81335176826134e-07,19.45,BID
878,1712187390.2685974,94217429.67126212,19.16,0.0,19.45,BID
879,1712187394.5368545,94302377.38017528,19.15,-4.578907285170643e-05,19.45,ASK
880,1712187394.54389,94302899.57338676,19.15,-2.814760198843224e-07,19.45,ASK
881,1712187394.6366608,94303422.03942646,19.14,-2.816230815468664e-07,19.45,ASK
882,1712187394.6418552,94308649.43095808,19.13,-2.817702969602883e-06,19.45,ASK
883,1712187394.6473372,94309171.89699778,19.14,-2.816230815468664e-07,19.45,ASK
884,1712187398.9167504,94309693.81766585,19.15,2.813291117316926e-07,19.45,BID
885,1712187404.8021233,94310216.28370552,19.14,-2.816230815468664e-07,19.45,ASK
886,1712187410.103618,94313118.84378912,19.14,1.5645570295427204e-06,19.45,BID
887,1712187416.536924,94313641.30982882,19.14,2.816230815468664e-07,19.45,BID
888,1712187420.3786864,94313641.30982882,19.14,0.0,19.45,BID
889,1712187425.6168382,94314163.77586852,19.14,2.8134369380903733e-07,19.45,BID
890,1712187435.1871276,94314686.24190822,19.14,2.8134369380903733e-07,19.45,BID
891,1712187450.3797352,94314686.24190822,19.14,0.0,19.45,BID
892,1712187480.2773745,94314686.24190822,19.14,0.0,19.45,BID
893,1712187497.9777102,94315208.70794792,19.14,2.813406638160594e-07,19.45,BID
894,1712187498.0772295,94315731.44710109,19.13,-2.814877315986737e-07,19.45,ASK
895,1712187498.6272414,94316876.90730748,19.12,-6.168143196907301e-07,19.45,ASK
896,1712187507.3574753,94327301.72435433,19.13,5.6136183507605685e-06,19.45,BID
897,1712187510.2716117,94327301.72435433,19.13,0.0,19.45,BID
898,1712187514.6375833,94327824.190394,19.14,2.813041078527175e-07,19.45,BID
899,1712187524.3801758,94330645.00245433,19.14,1.5187705224264334e-06,19.45,BID
900,1712187524.6179366,94372494.10072371,19.13,-2.253222670732589e-05,19.45,ASK
901,1712187524.6212888,94372575.848747,19.14,-4.40144488110279e-08,19.45,ASK
902,1712187524.6244805,94417424.69459838,19.12,-2.414733898875025e-05,19.45,ASK
903,1712187524.6277018,94417947.43375152,19.13,-2.814511565261024e-07,19.45,ASK
904,1712187524.6309218,94418469.89979124,19.14,-2.8130410786074057e-07,19.45,ASK
905,1712187532.977775,94421375.49602552,19.12,1.5644196835470977e-06,19.45,BID
906,1712187537.0675888,94421898.50857782,19.12,2.815983590169136e-07,19.45,BID
907,1712187537.147684,94422420.97461753,19.11,-2.8130410786074057e-07,19.45,ASK
908,1712187537.1549582,94430560.95368607,19.11,-4.382695478518753e-06,19.45,ASK
909,1712187540.4131958,94430560.95368607,19.11,-0.0,19.45,ASK
910,1712187543.3878984,94482889.57744326,19.11,-2.8144647388052177e-05,19.45,ASK
911,1712187548.3080037,94485796.69413608,19.11,1.5635758856409903e-06,19.45,BID
912,1712187549.5775192,94486319.98037368,19.11,2.814464738862922e-07,19.45,BID
913,1712187561.5375707,94489227.09706648,19.11,1.5635758856409903e-06,19.45,BID
914,1712187562.4850943,94489750.38330406,19.11,2.814464738782777e-07,19.45,BID
915,1712187570.387972,94489750.38330406,19.11,0.0,19.45,BID
916,1712187575.888057,94490273.66954164,19.11,2.812753569303767e-07,19.45,BID
917,1712187592.6488962,94490796.9557792,19.11,2.812753569303767e-07,19.45,BID
918,1712187600.3191729,94490796.9557792,19.11,0.0,19.45,BID
919,1712187604.7780464,94491197.38132346,19.1,-2.1812232546938202e-07,19.45,ASK
920,1712187604.858394,94491720.94153288,19.1,-2.851970161222913e-07,19.45,ASK
921,1712187604.8650675,94547108.73588346,19.1,-3.0171188325751413e-05,19.45,ASK
922,1712187604.877905,94547108.7358839,19.1,-2.435116324399656e-16,19.45,ASK
923,1712187612.1947482,94547690.7159782,19.09,-3.170198638951941e-07,19.45,ASK
924,1712187612.1986222,94550600.87836687,19.09,-1.5852419926979051e-06,19.45,ASK
925,1712187612.214157,94551868.9725064,19.09,-6.90764229677786e-07,19.45,ASK
926,1712187618.5678537,94622366.69068028,19.11,-3.8401961235301e-05,19.45,ASK
927,1712187625.211391,94625275.32942373,19.1,1.5844120230723003e-06,19.45,BID
928,1712187625.2881432,94645188.73083071,19.09,-1.084735348466261e-05,19.45,ASK
929,1712187625.3091178,94645188.7308316,19.09,-4.870232648799313e-16,19.45,ASK
930,1712187630.278364,94645188.7308316,19.09,-0.0,19.45,ASK
931,1712187660.3876848,94645188.7308316,19.09,-0.0,19.45,ASK
932,1712187690.379828,94645188.7308316,19.09,-0.0,19.45,ASK
933,1712187720.2425218,94645188.7308316,19.09,-0.0,19.45,ASK
934,1712187731.6781194,94650542.41857652,19.09,-2.911616764886232e-06,19.45,ASK
935,1712187747.1782546,94651124.70369184,19.08,-3.166772483632479e-07,19.45,ASK
936,1712187747.184329,94681889.76023552,19.08,-1.673165464130059e-05,19.45,ASK
937,1712187747.258161,94681889.76023588,19.08,-1.9449683051605267e-16,19.45,ASK
938,1712187750.260603,94681889.76023588,19.08,-0.0,19.45,ASK
939,1712187754.2285037,94855548.1014102,19.09,9.440857582770676e-05,19.45,BID
940,1712187754.308313,94893483.10753812,19.09,-2.0623195398117224e-05,19.45,ASK
941,1712187771.2284932,94896393.2699268,19.09,1.5820966887334578e-06,19.45,BID
942,1712187780.398451,94896393.2699268,19.09,0.0,19.45,BID
943,1712187782.1283956,95034426.28813584,19.09,7.487434710674434e-05,19.45,BID
944,1712187782.1882608,95055061.82676284,19.09,-1.1193499221697245e-05,19.45,ASK
945,1712187807.828541,95064206.77417938,19.07,-4.960566508104572e-06,19.45,ASK
946,1712187810.411471,95064206.77417938,19.07,-0.0,19.45,ASK
947,1712187816.358713,95183188.3613978,19.09,6.442817544418446e-05,19.45,BID
948,1712187816.418691,95193678.98584686,19.09,5.680641923882636e-06,19.45,BID
949,1712187827.378786,95217086.83453576,19.09,1.2675280414018382e-05,19.45,BID
950,1712187827.385874,95270077.23009428,19.09,2.8694141519845383e-05,19.45,BID
951,1712187840.262041,95270077.23009428,19.09,0.0,19.45,BID
952,1712187870.2816207,95270077.23009428,19.09,0.0,19.45,BID
953,1712187891.6991596,95301931.01599516,19.15,1.7212100874061458e-05,19.45,BID
954,1712187891.7088206,95323890.49380185,19.15,1.186574017689515e-05,19.45,BID
955,1712187900.3021576,95323890.49380185,19.15,0.0,19.45,BID
956,1712187904.5490766,95324290.91934612,19.09,-2.167091746493916e-07,19.45,ASK
957,1712187906.128074,95329051.1559686,19.09,-2.5762266278457752e-06,19.45,ASK
958,1712187930.282285,95329051.1559686,19.09,-0.0,19.45,ASK
959,1712187960.3895917,95329051.1559686,19.09,-0.0,19.45,ASK
960,1712187990.3798351,95329051.1559686,19.09,-0.0,19.45,ASK
961,1712188020.319245,95329051.1559686,19.09,-0.0,19.45,ASK
962,1712188050.2798386,95329051.1559686,19.09,-0.0,19.45,ASK
963,1712188058.4996758,95329547.49870633,19.14,2.686049678433148e-07,19.45,BID
964,1712188080.4001338,95329547.49870633,19.14,0.0,19.45,BID
965,1712188108.7398517,95349375.04574785,19.14,1.0729985251240472e-05,19.45,BID
966,1712188110.3937745,95349375.04574785,19.14,0.0,19.45,BID
967,1712188136.9000938,95351987.37594636,19.14,1.4134128137840375e-06,19.45,BID
968,1712188140.2800412,95351987.37594636,19.14,0.0,19.45,BID
969,1712188170.2863328,95351987.37594636,19.14,0.0,19.45,BID
970,1712188200.2864702,95351987.37594636,19.14,0.0,19.45,BID
971,1712188204.4204926,95352387.80149063,19.1,-2.1780102786440445e-07,19.45,ASK
972,1712188207.1606135,95352537.11416627,19.1,-8.121473439727697e-08,19.45,ASK
973,1712188207.1684709,95357148.03811316,19.09,-2.507991783708731e-06,19.45,ASK
974,1712188230.2816024,95357148.03811316,19.09,-0.0,19.45,ASK
975,1712188260.4005249,95357148.03811316,19.09,-0.0,19.45,ASK
976,1712188284.0808012,95357671.87258144,19.09,-2.849108243721965e-07,19.45,ASK
977,1712188284.0885642,95368772.50690947,19.09,-6.037576885267702e-06,19.45,ASK
978,1712188290.3942726,95368772.50690947,19.09,-0.0,19.45,ASK
979,1712188292.5809915,95391331.92303832,19.09,1.226846754710954e-05,19.45,BID
980,1712188295.940255,95391855.48324776,19.1,2.847272908827969e-07,19.45,BID
981,1712188320.3100002,95391855.48324776,19.1,0.0,19.45,BID
982,1712188350.273721,95391855.48324776,19.1,0.0,19.45,BID
983,1712188364.9521537,95392132.77412686,19.1,1.5076272703153514e-07,19.45,BID
984,1712188364.9605029,95411165.18521968,19.1,1.0347899677219814e-05,19.45,BID
985,1712188365.0117834,95411688.74542937,19.1,-2.84659074370147e-07,19.45,ASK
986,1712188365.2114935,95481147.70599888,19.1,-3.776475571862719e-05,19.45,ASK
987,1712188365.3173904,95493727.97736987,19.1,-6.839878847943234e-06,19.45,ASK
988,1712188380.4086504,95493727.97736987,19.1,-0.0,19.45,ASK
989,1712188410.401716,95493727.97736987,19.1,-0.0,19.45,ASK
990,1712188440.286338,95493727.97736987,19.1,-0.0,19.45,ASK
991,1712188445.0218704,95494224.3201076,19.1,-2.69575779760372e-07,19.45,ASK
992,1712188453.892033,95494904.59221645,19.1,-3.694722824712932e-07,19.45,ASK
993,1712188454.5919216,95510562.71615708,19.1,-8.504306903481922e-06,19.45,ASK
994,1712188470.264707,95510562.71615708,19.1,-0.0,19.45,ASK
995,1712188500.3936806,95510562.71615708,19.1,-0.0,19.45,ASK
996,1712188530.3927906,95510562.71615708,19.1,-0.0,19.45,ASK
997,1712188560.292194,95510562.71615708,19.1,-0.0,19.45,ASK
998,1712188590.2581842,95510562.71615708,19.1,-0.0,19.45,ASK
999,1712188620.3706703,95510562.71615708,19.1,-0.0,19.45,ASK
1000,1712188650.3965805,95510562.71615708,19.1,-0.0,19.45,ASK
1201,1712188653.1186228,95536657.19242992,19.14,1.4287193683704668e-05,19.45,BID
1202,1712188680.2509563,95536657.19242992,19.14,0.0,19.45,BID
1203,1712188710.2825532,95536657.19242992,19.14,0.0,19.45,BID
1204,1712188740.398043,95536657.19242992,19.14,0.0,19.45,BID
1205,1712188750.4045782,95536947.42231496,19.14,1.5886262437179534e-07,19.45,BID
1206,1712188760.064484,95538864.43663958,19.14,1.0493127766830152e-06,19.45,BID
1207,1712188770.414138,95538864.43663958,19.14,0.0,19.45,BID
1208,1712188772.5041063,95591111.04061031,19.14,2.859747089866138e-05,19.45,BID
1209,1712188775.5146115,95592338.53806412,19.14,6.718775967360348e-07,19.45,BID
1210,1712188775.522329,95727950.13413171,19.14,7.42277655833211e-05,19.45,BID
1211,1712188778.0040257,95736398.32437351,19.14,4.624164179572116e-06,19.45,BID
1212,1712188778.104213,95966398.32437351,19.15,-0.0001258917863901,19.45,ASK
1213,1712188778.123984,95992740.29779664,19.15,-1.441842648381546e-05,19.45,ASK
1214,1712188780.6945283,96025924.13038318,19.2,1.8163356363433824e-05,19.45,BID
1215,1712188780.6972237,96042093.12943263,19.2,8.850192062946075e-06,19.45,BID
1216,1712188780.705227,96044251.11073264,19.2,1.1811831341433722e-06,19.45,BID
1217,1712188780.7940412,96120251.11073264,19.2,-4.159902506803328e-05,19.45,ASK
1218,1712188780.796699,96129579.39131804,19.2,-5.105886551500583e-06,19.45,ASK
1219,1712188781.0589278,96142413.037184,19.1,-7.024567843304886e-06,19.45,ASK
1220,1712188781.06013,96143460.15760285,19.1,-5.731472178006516e-07,19.45,ASK
1221,1712188781.0636995,96173579.39131804,19.08,-1.6485931030913727e-05,19.45,ASK
1222,1712188781.233795,96249579.39131804,19.08,-4.159902506803328e-05,19.45,ASK
1223,1712188789.693936,96270406.08564024,19.19,1.1399607620957728e-05,19.45,BID
1224,1712188789.7737794,96273956.55650824,19.19,-1.943370087388394e-06,19.45,ASK
1225,1712188800.3852992,96273956.55650824,19.19,-0.0,19.45,ASK
1226,1712188805.9788282,13692.111734,19.19,-7.568706833312141e-06,19.19,ASK
1227,1712188805.99333,13692.11173464,19.19,-3.5377860698673323e-16,19.19,ASK
1228,1712188810.1333635,48493.18867338,19.07,-1.923729180348384e-05,19.19,ASK
1229,1712188811.8313992,99642.86990607,19.08,-2.827445096772525e-05,19.19,ASK
1230,1712188815.2141929,113334.98164071,19.08,-7.568706833665919e-06,19.19,ASK
1231,1712188830.3549364,113334.98164071,19.08,-0.0,19.19,ASK
1232,1712188837.6235182,123689.53521278,19.08,-5.716938609585743e-06,19.19,ASK
1233,1712188839.563496,174880.78876859,19.08,-2.8263628353394853e-05,19.19,ASK
1234,1712188839.5657144,175405.17261756,19.07,-2.8952192400704896e-07,19.19,ASK
1235,1712188839.5740454,224760.88599094,19.06,-2.725019301160617e-05,19.19,ASK
1236,1712188839.5761995,260528.6287342,19.07,-1.9748025643349387e-05,19.19,ASK
1237,1712188845.653034,264905.77964803,19.15,2.416705161172456e-06,19.19,BID
1238,1712188847.0430396,286010.0618802,19.06,-1.1652060620568818e-05,19.19,ASK
1239,1712188849.9335084,286280.0618802,19.01,-1.4907194345410797e-07,19.19,ASK
1240,1712188849.935307,287173.38820704,19.03,-4.932218210398645e-07,19.19,ASK
1241,1712188849.9365804,287699.15056245,19.02,-2.902830226517544e-07,19.19,ASK
1242,1712188849.9378605,331687.85981586,19.02,-2.428697177201308e-05,19.19,ASK
1243,1712188849.9391649,357989.80615989,19.01,-1.452178614122306e-05,19.19,ASK
1244,1712188849.940458,410538.41362179,19.03,-2.9013048296861e-05,19.19,ASK
1245,1712188849.9430652,481592.50830879,19.01,-3.923026661245664e-05,19.19,ASK
1246,1712188849.9446602,502848.04536942,19.0,-1.173557118069977e-05,19.19,ASK
1247,1712188853.852675,639687.13889084,19.0,-7.555136893235744e-05,19.19,ASK
1248,1712188855.14334,640213.45468031,19.0,-2.9058858372916133e-07,19.19,ASK
1249,1712188855.1458242,683169.87751891,19.0,-2.371702754217234e-05,19.19,ASK
1250,1712188855.1481586,771228.01766611,19.0,-4.861851143961966e-05,19.19,ASK
1251,1712188856.286889,836069.81063344,19.0,-3.580034109144002e-05,19.19,ASK
1252,1712188860.4733377,836069.81063344,19.0,-0.0,19.19,ASK
1253,1712188860.6058252,836069.81063344,19.0,-0.0,19.19,ASK
1254,1712188865.1730545,845511.20610474,18.99,-5.173498376009891e-06,19.19,ASK
1255,1712188865.176035,883572.87113848,19.0,-2.0856234953705764e-05,19.19,ASK
1256,1712188865.1788888,893680.96490622,18.99,-5.538821761139285e-06,19.19,ASK
1257,1712188865.2854583,897231.43577424,18.99,1.945512750271712e-06,19.19,BID
1258,1712188874.025853,897557.44999974,18.98,-1.786424550594972e-07,19.19,ASK
1259,1712188874.0272913,899138.06116938,18.98,-8.661102422934057e-07,19.19,ASK
1260,1712188883.2143493,949138.06116938,18.97,-2.7397953998094445e-05,19.19,ASK
1261,1712188883.215825,952208.79126953,18.97,-1.682634440489466e-06,19.19,ASK
1262,1712188883.217221,952735.93939815,18.97,-2.888556035622465e-07,19.19,ASK
1263,1712188886.0617845,972735.93939815,18.96,-1.0959181599237778e-05,19.19,ASK
1264,1712188886.0633276,990732.49392984,18.96,-9.86137546366886e-06,19.19,ASK
1265,1712188886.135412,999107.24741502,18.96,-4.58902221464684e-06,19.19,ASK
1266,1712188886.1368375,999634.67357535,18.96,-2.890079535622327e-07,19.19,ASK
1267,1712188886.8219056,999817.79390919,18.95,-1.0034244965329285e-07,19.19,ASK
1268,1712188886.831831,1000345.49839467,18.95,-2.891604643553692e-07,19.19,ASK
1269,1712188887.489586,1000873.48149921,18.94,-2.8931313619917946e-07,19.19,ASK
1270,1712188887.4910593,1003513.39702191,18.94,-1.4465656809957697e-06,19.19,ASK
1271,1712188887.551793,1015518.25071872,18.93,-6.578168586781133e-06,19.19,ASK
1272,1712188890.4076934,1015518.25071872,18.93,-0.0,19.19,ASK
1273,1712188892.3915772,1015860.87471872,18.94,-1.873943220244701e-07,19.19,ASK
1274,1712188893.16586,1016389.41594493,18.92,-2.890796463401056e-07,19.19,ASK
1275,1712188893.1673467,1016677.54446387,18.93,-1.575886349545683e-07,19.19,ASK
1276,1712188893.1687503,1031085.7916651,18.93,-7.880427862134127e-06,19.19,ASK
1277,1712188893.1701589,1031614.8921942,18.9,-2.893855507304908e-07,19.19,ASK
1278,1712188893.171574,1034258.99584306,18.91,-1.446162588261818e-06,19.19,ASK
1279,1712188893.1729856,1036258.99584306,18.9,-1.093877381762492e-06,19.19,ASK
1280,1712188893.1744,1043925.69948806,18.93,-4.193216854970777e-06,19.19,ASK
1281,1712188893.1758232,1044925.69948806,18.9,-5.469386908812459e-07,19.19,ASK
1282,1712188893.1772542,1045925.69948806,18.88,-5.469386908812459e-07,19.19,ASK
1283,1712188893.1786826,1055925.69948806,18.9,-5.469386908812523e-06,19.19,ASK
1284,1712188893.180107,1056454.52021783,18.91,-2.892325176512685e-07,19.19,ASK
1285,1712188893.181828,1056983.90084249,18.89,-2.8953874582934095e-07,19.19,ASK
1286,1712188893.1832695,1057254.05957265,18.9,-1.477602622038389e-07,19.19,ASK
1287,1712188893.1847,1073263.66306293,18.89,-8.756271574501689e-06,19.19,ASK
1288,1712188893.1861253,1095569.79437089,18.87,-1.2200086256200702e-05,19.19,ASK
1289,1712188893.18759,1098004.72731583,18.88,-1.3317590372891936e-06,19.19,ASK
1290,1712188899.9416215,1111056.00403061,18.9,-7.138248200710608e-06,19.19,ASK
1291,1712188902.7356012,1239585.53209377,18.88,-7.029777181844917e-05,19.19,ASK
1292,1712188902.7371566,1239982.38209377,18.88,-2.170526194761461e-07,19.19,ASK
1293,1712188905.6848302,1336931.10537877,18.9,5.302500779610611e-05,19.19,BID
1294,1712188905.7050855,1336931.10537899,18.9,1.2034016262804563e-16,19.19,BID
1295,1712188909.5158172,1343057.10537899,18.96,3.3505464203385127e-06,19.19,BID
1296,1712188909.5730226,1362231.85498552,18.96,1.0487412447771176e-05,19.19,BID
1297,1712188912.2778134,1388740.64116796,18.96,1.4498680811474532e-05,19.19,BID
1298,1712188914.821591,1443050.33909421,18.96,2.9704075085939123e-05,19.19,BID
1299,1712188920.425383,1443050.33909421,18.96,0.0,19.19,BID
1300,1712188920.593052,1443050.33909421,18.96,0.0,19.19,BID
1301,1712188930.185524,1453302.09872068,18.98,-5.582401761293232e-06,19.19,ASK
1302,1712188933.766123,1495737.37808261,18.98,-2.3107328583802952e-05,19.19,ASK
1303,1712188944.0634246,1581831.62678384,18.96,-4.688099439495456e-05,19.19,ASK
1304,1712188950.2697456,1581831.62678384,18.96,-0.0,19.19,ASK
1305,1712188953.2715778,1584757.02100899,18.96,-1.590687998747811e-06,19.19,ASK
1306,1712188956.4859598,1586219.71812157,18.96,-7.953439993766275e-07,19.19,ASK
1307,1712188980.5315402,1586219.71812157,18.96,-0.0,19.19,ASK
1308,1712188980.7214148,1586219.71812157,18.96,-0.0,19.19,ASK
1309,1712189006.9725502,1586482.0476074,19.06,1.4263564359875574e-07,19.19,BID
1310,1712189009.8629415,1587005.06531012,18.96,-2.843788848401214e-07,19.19,ASK
1311,1712189010.4119568,1587005.06531012,18.96,-0.0,19.19,ASK
1312,1712189012.6104107,1588867.7189953,18.96,-1.0127670230088896e-06,19.19,ASK
1313,1712189021.3800848,1590784.7333199,18.96,-1.0423241346675925e-06,19.19,ASK
1314,1712189038.8830926,1593174.60673763,18.97,-1.299428340276022e-06,19.19,ASK
1315,1712189038.886683,1593474.60673763,18.97,-1.631167990700886e-07,19.19,ASK
1316,1712189040.4609272,1593474.60673763,18.97,-0.0,19.19,ASK
1317,1712189040.6275432,1593474.60673763,18.97,-0.0,19.19,ASK
1318,1712189045.8856049,1596598.67215819,18.97,-1.6985118655799445e-06,19.19,ASK
1319,1712189070.2601538,1596598.67215819,18.97,-0.0,19.19,ASK
1320,1712189072.829556,1601952.3599031,18.97,-2.9106334059903125e-06,19.19,ASK
1321,1712189079.7594364,1603002.2286695,19.05,5.707809735999464e-07,19.19,BID
1322,1712189100.447713,1603002.2286695,19.05,0.0,19.19,BID
1323,1712189100.60804,1603002.2286695,19.05,0.0,19.19,BID
1324,1712189130.3815804,1603002.2286695,19.05,0.0,19.19,BID
1325,1712189160.4738667,1603002.2286695,19.05,0.0,19.19,BID
1326,1712189160.496919,1603002.2286695,19.05,0.0,19.19,BID
1327,1712189190.2969468,1603002.2286695,19.05,0.0,19.19,BID
1328,1712189206.938738,1655353.58579933,19.05,2.8617041106500047e-05,19.19,BID
1329,1712189220.5317223,1655353.58579933,19.05,0.0,19.19,BID
1330,1712189220.6880631,1655353.58579933,19.05,0.0,19.19,BID
1331,1712189250.3883646,1655353.58579933,19.05,0.0,19.19,BID
1332,1712189280.500573,1655353.58579933,19.05,0.0,19.19,BID
1333,1712189280.5340035,1655353.58579933,19.05,0.0,19.19,BID
1334,1712189295.3602252,1656077.12340159,19.05,3.952948861038046e-07,19.19,BID
1335,1712189310.2856035,1656077.12340159,19.05,0.0,19.19,BID
1336,1712189336.7637029,1663422.53206208,19.05,4.013033470182469e-06,19.19,BID
1337,1712189340.4869845,1663422.53206208,19.05,0.0,19.19,BID
1338,1712189340.6646383,1663422.53206208,19.05,0.0,19.19,BID
1339,1712189370.387533,1663422.53206208,19.05,0.0,19.19,BID
1340,1712189400.5074952,1663422.53206208,19.05,0.0,19.19,BID
1341,1712189400.6092155,1663422.53206208,19.05,0.0,19.19,BID
1342,1712189430.281289,1663422.53206208,19.05,0.0,19.19,BID
1343,1712189460.4811814,1663422.53206208,19.05,0.0,19.19,BID
1344,1712189460.6199012,1663422.53206208,19.05,0.0,19.19,BID
1345,1712189461.7271552,1666787.81046184,19.05,-1.8533287972606992e-06,19.19,ASK
1346,1712189490.397097,1666787.81046184,19.05,-0.0,19.19,ASK
1347,1712189509.59709,1667184.29546184,19.07,2.183448257245322e-07,19.19,BID
1348,1712189516.646722,1716235.18930213,19.08,2.701239357652336e-05,19.19,BID
1349,1712189520.5012388,1716235.18930213,19.08,0.0,19.19,BID
1350,1712189520.5055194,1716235.18930213,19.08,0.0,19.19,BID
1351,1712189523.2067575,1793046.28258813,19.08,4.227800698122812e-05,19.19,BID
1352,1712189523.3320267,1793046.28258896,19.08,4.567393122345212e-16,19.19,BID
1353,1712189531.907076,1793467.11372948,19.09,2.3163193147867505e-07,19.19,BID
1354,1712189531.910167,1861852.17422396,19.09,3.764018895333555e-05,19.19,BID
1355,1712189531.988445,1861852.17422494,19.09,5.393983628493546e-16,19.19,BID
1356,1712189532.07214,1871852.17422494,19.1,5.5041537846374895e-06,19.19,BID
1357,1712189550.2831435,1871852.17422494,19.1,0.0,19.19,BID
1358,1712189551.3014994,1891289.57181902,19.13,1.068118131280862e-05,19.19,BID
1359,1712189551.3052227,1891657.41207125,19.13,2.021344888995792e-07,19.19,BID
1360,1712189565.2204368,1898521.9608212,19.13,3.77218655295506e-06,19.19,BID
1361,1712189569.030228,1905660.40244824,19.13,-3.922695357764216e-06,19.19,ASK
1362,1712189570.7280233,1923474.81206161,19.14,9.789321751539288e-06,19.19,BID
1363,1712189570.7942188,1940197.34996461,19.14,9.18931963436602e-06,19.19,BID
1364,1712189570.8056762,1956919.88786761,19.14,9.189319634365894e-06,19.19,BID
1365,1712189570.8164232,1958011.75957807,19.14,6.000021172227811e-07,19.19,BID
1366,1712189576.8965409,1963233.69169296,19.15,2.869540711525424e-06,19.19,BID
1367,1712189576.9771502,1974035.46714987,19.15,-5.935759743405227e-06,19.19,ASK
1368,1712189580.465705,1974035.46714987,19.15,-0.0,19.19,ASK
1369,1712189580.6022933,1974035.46714987,19.15,-0.0,19.19,ASK
1370,1712189582.856802,1984473.88051104,19.16,5.729928460404611e-06,19.19,BID
1371,1712189583.2566526,1984839.88051104,19.18,2.009073356214557e-07,19.19,BID
1372,1712189588.5664246,1994901.40918675,19.18,5.52304622545284e-06,19.19,BID
1373,1712189595.0063193,1995171.56791691,19.19,1.482974608505936e-07,19.19,BID
1374,1712189596.0464485,2000286.53604017,19.19,-2.807744856373866e-06,19.19,ASK
1375,1712189597.9575012,2006556.40137017,19.19,-3.4416992845783447e-06,19.19,ASK
1376,1712189597.968639,2009452.33359122,19.18,-1.5896558105777635e-06,19.19,ASK
1377,1712189601.0066166,2013426.92649309,19.16,-2.1817619401494e-06,19.19,ASK
1378,1712189610.3912983,2013426.92649309,19.16,-0.0,19.19,ASK
1379,1712189640.4355094,2013426.92649309,19.16,-0.0,19.19,ASK
1380,1712189640.467042,2013426.92649309,19.16,-0.0,19.19,ASK
1381,1712189670.2668486,2013426.92649309,19.16,-0.0,19.19,ASK
1382,1712189692.51738,2016426.92649309,19.16,1.6460989081846583e-06,19.19,BID
1383,1712189700.5168135,2016426.92649309,19.16,0.0,19.19,BID
1384,1712189700.5271826,2016426.92649309,19.16,0.0,19.19,BID
1385,1712189706.2161102,2020043.08136492,19.16,1.9976753112131028e-06,19.19,BID
1386,1712189725.675112,2029091.13317367,19.16,-4.998422455222705e-06,19.19,ASK
1387,1712189730.2864437,2029091.13317367,19.16,-0.0,19.19,ASK
1388,1712189732.0767076,2060877.28381367,19.16,1.75572950009574e-05,19.19,BID
1389,1712189732.1019473,2060877.28381387,19.16,1.1047219205441803e-16,19.19,BID
1390,1712189742.55908,2070877.28381387,19.2,5.523567543552463e-06,19.2,BID
1391,1712189742.5619998,2072244.7694984,19.2,7.553399543341857e-07,19.2,BID
1392,1712189751.5761447,2072797.8344984,19.21,3.05489188347582e-07,19.21,BID
1393,1712189751.5792732,2073223.36981387,19.2,2.350473057164559e-07,19.21,BID
1394,1712189751.5822425,2082470.21174605,19.22,5.107555597694996e-06,19.22,BID
1395,1712189760.389886,2082470.21174605,19.22,0.0,19.22,BID
1396,1712189790.3858666,2082470.21174605,19.22,0.0,19.22,BID
1397,1712189797.369872,2082992.95089921,19.14,-2.8857531227933404e-07,19.22,ASK
1398,1712189804.8220105,2087596.42221015,19.21,2.541321351371549e-06,19.22,BID
1399,1712189804.82639,2088146.16043004,19.2,3.0348000052732525e-07,19.22,BID
1400,1712189804.8281898,2093357.20785057,19.21,2.876730444986537e-06,19.22,BID
1401,1712189804.829955,2137477.92937574,19.28,2.435660484803584e-05,19.28,BID
1402,1712189804.8317704,2142675.43457325,19.24,2.8692545342702148e-06,19.28,BID
1403,1712189804.8335483,2142944.31293028,19.28,1.4843283763236857e-07,19.28,BID
1404,1712189804.835342,2169084.20579023,19.25,1.4430385976271768e-05,19.28,BID
1405,1712189804.837132,2170243.19112132,19.22,6.398115615112505e-07,19.28,BID
1406,1712189804.8389766,2180243.19112132,19.25,5.520445723930661e-06,19.28,BID
1407,1712189804.840773,2185435.29911717,19.26,2.866275038387652e-06,19.28,BID
1408,1712189820.2620318,2185435.29911717,19.26,0.0,19.28,BID
1409,1712189828.3566625,2185958.03827033,19.16,-2.882597693997246e-07,19.28,ASK
1410,1712189843.8856292,2190654.50579775,19.16,-2.589824462665246e-06,19.28,ASK
1411,1712189849.7857692,2193674.84332486,19.13,-1.6655377616362205e-06,19.28,ASK
1412,1712189850.2658882,2193674.84332486,19.13,-0.0,19.28,ASK
1413,1712189880.38044,2193674.84332486,19.13,-0.0,19.28,ASK
1414,1712189906.7163374,2195436.30417067,19.13,-9.71257117552918e-07,19.28,ASK
1415,1712189910.4218848,2195436.30417067,19.13,-0.0,19.28,ASK
1416,1712189930.8256514,2215417.54327447,19.13,-1.1017309959789495e-05,19.28,ASK
1417,1712189930.8289108,2262855.06605037,19.13,-2.615623032343712e-05,19.28,ASK
1418,1712189940.2413363,2262855.06605037,19.13,-0.0,19.28,ASK
1419,1712189942.4564445,2267855.06605037,19.17,-2.754954468149468e-06,19.28,ASK
1420,1712189970.2559566,2267855.06605037,19.17,-0.0,19.28,ASK
1421,1712189974.4758792,2269088.08864244,19.13,6.793483418014848e-07,19.28,BID
1422,1712189974.477749,2270321.11123451,19.14,6.793483418017414e-07,19.28,BID
1423,1712189974.4795823,2271554.13382658,19.15,6.793483418017414e-07,19.28,BID
1424,1712189974.4813952,2272787.15641865,19.16,6.793483418017414e-07,19.28,BID
1425,1712189974.5980372,2277086.3395368,19.16,-2.368685651991196e-06,19.28,ASK
1426,1712190000.2887285,2277086.3395368,19.16,-0.0,19.28,ASK
1427,1712190018.3356771,2282428.78718077,19.1,-3.001165307799484e-06,19.28,ASK
1428,1712190018.3389196,2299992.34739019,19.1,-9.866479017618892e-06,19.28,ASK
1429,1712190018.3420656,2304408.74390838,19.09,-2.48094822807254e-06,19.28,ASK
1430,1712190018.8355503,2305950.02214846,19.13,8.658261328990513e-07,19.28,BID
1431,1712190018.8377297,2307491.30038854,19.15,8.658261328990513e-07,19.28,BID
1432,1712190018.839646,2309032.57862862,19.16,8.658261328990513e-07,19.28,BID
1433,1712190018.8415062,2310573.8568687,19.14,8.658261328990513e-07,19.28,BID
1434,1712190021.6853416,2312716.81802111,19.16,-1.2038266156586125e-06,19.28,ASK
1435,1712190030.277985,2312716.81802111,19.16,-0.0,19.28,ASK
1436,1712190048.0118322,2313504.01161528,19.12,4.4204359953318573e-07,19.28,BID
1437,1712190053.982616,2314291.20520945,19.13,4.420435995329242e-07,19.28,BID
1438,1712190053.9848084,2315078.39880362,19.14,4.4204359953318573e-07,19.28,BID
1439,1712190053.986746,2320190.25046764,19.16,2.8705280715917946e-06,19.28,BID
1440,1712190053.9886928,2320977.44406181,19.15,4.4204359953318573e-07,19.28,BID
1441,1712190054.2768798,2336085.65965573,19.11,-8.483923209130042e-06,19.28,ASK
1442,1712190060.4170015,2336085.65965573,19.11,-0.0,19.28,ASK
1443,1712190064.7359426,2336557.97581223,19.14,2.651596149680756e-07,19.28,BID
1444,1712190064.738515,2337030.29196873,19.15,2.651596149680756e-07,19.28,BID
1445,1712190064.7441452,2338791.75281454,19.19,9.888890592214944e-07,19.28,BID
1446,1712190064.7471993,2340024.77540661,19.17,6.922223414566147e-07,19.28,BID
1447,1712190064.749066,2340940.78299383,19.16,5.142492285990053e-07,19.28,BID
1448,1712190064.7509713,2342702.24383964,19.18,9.888890592214944e-07,19.28,BID
1449,1712190064.8751948,2342805.00306375,19.19,-5.768931662488288e-08,19.28,ASK
1450,1712190064.878489,2378200.02613614,19.09,-1.987086522554871e-05,19.28,ASK
1451,1712190064.8848617,2379559.02613614,19.14,-7.629464115983508e-07,19.28,ASK
1452,1712190089.1757565,2379936.87906134,19.14,2.1212769197446042e-07,19.28,BID
1453,1712190089.1801617,2380314.73198654,19.18,2.1212769197446042e-07,19.28,BID
1454,1712190089.1843646,2380692.58491174,19.15,2.1212769197446042e-07,19.28,BID
1455,1712190089.1876647,2381070.43783694,19.16,2.1212769197446042e-07,19.28,BID
1456,1712190089.1895492,2381448.29076214,19.17,2.1212769197446042e-07,19.28,BID
1457,1712190089.2745275,2385609.83426961,19.18,-2.336302197008471e-06,19.28,ASK
1458,1712190090.3985682,2385609.83426961,19.18,-0.0,19.28,ASK
1459,1712190120.2599275,2385609.83426961,19.18,-0.0,19.28,ASK
1460,1712190124.368592,2386082.15042612,19.17,2.6501878496388946e-07,19.28,BID
1461,1712190124.375177,2386554.46658263,19.15,2.650187849636282e-07,19.28,BID
1462,1712190124.382906,2387026.78273914,19.14,2.6501878496388946e-07,19.28,BID
1463,1712190124.3848572,2387499.09889565,19.16,2.650187849636282e-07,19.28,BID
1464,1712190124.5098453,2391058.30062328,19.17,-1.9970845889905723e-06,19.28,ASK
1465,1712190150.2922795,2391058.30062328,19.17,-0.0,19.28,ASK
1466,1712190169.1447196,2391498.66583473,19.17,-2.47076485399134e-07,19.28,ASK
1467,1712190170.9347284,2543334.43897112,19.17,-8.51907648673481e-05,19.28,ASK
1468,1712190171.094581,2547552.82331498,19.17,-2.366816339355597e-06,19.28,ASK
1469,1712190180.3849669,2547552.82331498,19.17,-0.0,19.28,ASK
1470,1712190182.9951053,2547905.11548414,19.13,1.9732904106047945e-07,19.28,BID
1471,1712190183.0561326,2548257.4076533,19.14,1.9732904106074025e-07,19.28,BID
1472,1712190183.0667124,2548609.69982246,19.15,1.9732904106047945e-07,19.28,BID
1473,1712190193.1947944,2549050.06503391,19.15,2.466613013257949e-07,19.28,BID
1474,1712190193.8545723,2549490.43024536,19.14,2.466613013257949e-07,19.28,BID
1475,1712190197.9743867,2549930.79545681,19.15,2.466613013257949e-07,19.28,BID
1476,1712190198.5945308,2550283.08762597,19.16,1.9732904106074025e-07,19.28,BID
1477,1712190199.254653,2550635.37979513,19.17,1.9732904106047945e-07,19.28,BID
1478,1712190203.0313735,2604976.20512916,19.13,-3.043786916744357e-05,19.28,ASK
1479,1712190206.0246074,2607422.67852612,19.22,1.3703405629295452e-06,19.28,BID
1480,1712190206.0287302,2607863.04373757,19.18,2.466613013257949e-07,19.28,BID
1481,1712190206.1711175,2609866.94394289,19.22,-1.122442507989532e-06,19.28,ASK
1482,1712190210.397808,2609866.94394289,19.22,-0.0,19.28,ASK
1483,1712190222.7149365,2610518.40390004,19.14,3.646579938657435e-07,19.28,BID
1484,1712190226.4699566,2611169.86385719,19.14,3.646579938660041e-07,19.28,BID
1485,1712190226.472119,2611821.32381434,19.17,3.646579938657435e-07,19.28,BID
1486,1712190226.47418,2612472.78377149,19.18,3.646579938660041e-07,19.28,BID
1487,1712190226.4762344,2613124.24372864,19.15,3.646579938657435e-07,19.28,BID
1488,1712190226.4783397,2613775.70368579,19.16,3.646579938657435e-07,19.28,BID
1489,1712190226.4804063,2614427.16364294,19.19,3.646579938660041e-07,19.28,BID
1490,1712190226.624471,2614926.79368638,19.19,-2.796704345621029e-07,19.28,ASK
1491,1712190240.2488792,2614926.79368638,19.19,-0.0,19.28,ASK
1492,1712190249.3161278,2615415.38865425,19.19,2.734786514056576e-07,19.28,BID
1493,1712190249.319793,2615903.98362212,19.18,2.734786514056576e-07,19.28,BID
1494,1712190249.3234105,2616392.57858999,19.2,2.734786514053969e-07,19.28,BID
1495,1712190249.3269863,2616881.17355786,19.21,2.734786514056576e-07,19.28,BID
1496,1712190249.3744397,2618890.50529491,19.21,-1.1246725197981769e-06,19.28,ASK
1497,1712190251.564611,2671053.27226994,19.19,2.919678691761127e-05,19.28,BID
1498,1712190270.2766802,2671053.27226994,19.19,0.0,19.28,BID
1499,1712190286.8348446,2671351.98051628,19.16,-1.670936321829093e-07,19.28,ASK
1500,1712190300.3726535,2671351.98051628,19.16,-0.0,19.28,ASK
1501,1712190312.1912277,2672192.98051628,19.16,4.750179647049454e-07,19.28,BID
1502,1712190313.694641,2673236.82185239,19.16,5.895878560688823e-07,19.28,BID
1503,1712190330.37781,2673236.82185239,19.16,0.0,19.28,BID
1504,1712190360.272108,2673236.82185239,19.16,0.0,19.28,BID
1505,1712190388.0956106,2673758.74252044,19.16,2.947879149924739e-07,19.28,BID
1506,1712190390.2678463,2673758.74252044,19.16,0.0,19.28,BID
1507,1712190391.134336,2681644.02004364,19.16,4.453687185747055e-06,19.28,BID
1508,1712190420.3923955,2681644.02004364,19.16,0.0,19.28,BID
1509,1712190450.38621,2681644.02004364,19.16,0.0,19.28,BID
1510,1712190480.2698095,2681644.02004364,19.16,0.0,19.28,BID
1511,1712190485.0243127,2686855.06746417,19.19,2.943002930431934e-06,19.28,BID
1512,1712190487.2163522,2686855.06746418,19.19,5.5227463642837785e-18,19.28,BID
1513,1712190489.5054967,2692066.1148847,19.19,-2.943002930426411e-06,19.28,ASK
1514,1712190489.5092711,2697277.16230518,19.19,-2.9430029304035314e-06,19.28,ASK
1515,1712190489.5276544,2697277.16230523,19.19,-2.81397076656364e-17,19.28,ASK
1516,1712190491.5021603,2702488.20972576,19.19,-2.943002930431934e-06,19.28,ASK
1517,1712190493.3946798,2707699.25714629,19.19,-2.943002930431934e-06,19.28,ASK
1518,1712190495.404735,2712910.30456682,19.19,-2.943002930431934e-06,19.28,ASK
1519,1712190497.49431,2718121.35198735,19.19,-2.943002930431671e-06,19.28,ASK
1520,1712190507.7941997,2731156.36652802,19.19,-7.361684301754458e-06,19.28,ASK
1521,1712190510.274236,2731156.36652802,19.19,-0.0,19.28,ASK
1522,1712190540.2957275,2731156.36652802,19.19,-0.0,19.28,ASK
1523,1712190570.2757776,2731156.36652802,19.19,-0.0,19.28,ASK
1524,1712190600.3684375,2731156.36652802,19.19,-0.0,19.28,ASK
1525,1712190630.2785358,2731156.36652802,19.19,-0.0,19.28,ASK
1526,1712190633.6375198,2732395.72366035,19.16,-7.10713858973046e-07,19.28,ASK
1527,1712190633.6413598,2741790.29568539,19.16,-5.387351525353799e-06,19.28,ASK
1528,1712190633.645049,2756269.37506644,19.15,-8.303080776996372e-06,19.28,ASK
1529,1712190633.7167974,2768889.91921101,19.15,-7.237296980301016e-06,19.28,ASK
1530,1712190657.5473676,2769202.58205624,19.19,1.7929764673502005e-07,19.28,BID
1531,1712190660.3876357,2769202.58205624,19.19,0.0,19.28,BID
1532,1712190666.477343,2769702.58205624,19.14,-2.866070533216586e-07,19.28,ASK
1533,1712190690.3885803,2769702.58205624,19.14,-0.0,19.28,ASK
1534,1712190720.3134615,2769702.58205624,19.14,-0.0,19.28,ASK
1535,1712190745.199926,2770247.51413565,19.14,-3.123610415739657e-07,19.28,ASK
1536,1712190745.2022388,2770547.51413565,19.14,-1.7196328866103298e-07,19.28,ASK
1537,1712190745.2795029,2771547.51413541,19.13,-5.732109620659783e-07,19.28,ASK
1538,1712190745.2834616,2798689.02584465,19.13,-1.5557812042509366e-05,19.28,ASK
1539,1712190745.3051038,2798689.02584489,19.13,-1.3773183175221862e-16,19.28,ASK
1540,1712190745.985571,2799221.36109593,19.12,-3.051404014633498e-07,19.28,ASK
1541,1712190745.9904032,2800267.93357107,19.11,-5.999068154906288e-07,19.28,ASK
1542,1712190745.992622,2801313.95867567,19.12,-5.995930566967261e-07,19.28,ASK
1543,1712190746.609202,2802361.07909451,19.1,-6.002209028261992e-07,19.28,ASK
1544,1712190750.2597165,2802361.07909451,19.1,-0.0,19.28,ASK
1545,1712190751.1992474,2802628.9083501,19.14,1.534677110661377e-07,19.28,BID
1546,1712190780.28779,2802628.9083501,19.14,0.0,19.28,BID
1547,1712190794.1101642,2806154.0128433,19.14,2.019899310722416e-06,19.28,BID
1548,1712190803.1432052,2832209.24994595,19.09,-1.4929757562043831e-05,19.28,ASK
1549,1712190803.147132,3024340.31903685,19.09,-0.0001100918894102,19.28,ASK
1550,1712190803.150926,3024647.34209764,19.08,-1.7592547116330228e-07,19.28,ASK
1551,1712190803.1546843,3040395.3735937,19.05,-9.02368653907562e-06,19.28,ASK
1552,1712190803.158486,3041445.79376176,19.04,-6.018950580119737e-07,19.28,ASK
1553,1712190803.1610105,3046686.88390851,19.08,-3.003166117564852e-06,19.28,ASK
1554,1712190803.1635065,3051930.72239828,19.07,-3.004740929370267e-06,19.28,ASK
1555,1712190803.1656911,3052456.48475369,19.02,-3.012639827684571e-07,19.28,ASK
1556,1712190803.1679456,3053504.70278304,19.08,-6.006332235127035e-07,19.28,ASK
1557,1712190803.1701715,3054553.47048099,19.07,-6.009481858719722e-07,19.28,ASK
1558,1712190803.1724205,3055479.54716165,19.04,-5.306457305163639e-07,19.28,ASK
1559,1712190803.1746554,3056528.86510498,19.06,-6.012634787278441e-07,19.28,ASK
1560,1712190803.1768987,3057054.35117959,19.03,-3.011056727386917e-07,19.28,ASK
1561,1712190803.1791527,3059679.02309559,19.05,-1.503947756506911e-06,19.28,ASK
1562,1712190803.181389,3123788.3241991,19.03,-3.673489207473462e-05,19.28,ASK
1563,1712190803.1836636,3256581.10635133,19.05,-7.609080799039994e-05,19.28,ASK
1564,1712190803.1859074,3260974.41768112,19.02,-2.517385383596169e-06,19.28,ASK
1565,1712190810.2585654,3260974.41768112,19.02,-0.0,19.28,ASK
1566,1712190840.380662,3260974.41768112,19.02,-0.0,19.28,ASK
1567,1712190870.1907184,3261500.18003654,19.04,-2.997628565744696e-07,19.28,ASK
1568,1712190870.4022498,3261500.18003654,19.04,-0.0,19.28,ASK
1569,1712190878.6212056,3264628.43863925,19.18,1.7835631880120472e-06,19.28,BID
1570,1712190900.3053172,3264628.43863925,19.18,0.0,19.28,BID
1571,1712190930.290935,3264628.43863925,19.18,0.0,19.28,BID
1572,1712190944.8549917,3265287.65022219,19.17,3.846199434609576e-07,19.28,BID
1573,1712190960.4068894,3265287.65022219,19.17,0.0,19.28,BID
1574,1712190990.3977146,3265287.65022219,19.17,0.0,19.28,BID
1575,1712191020.2547646,3265287.65022219,19.17,0.0,19.28,BID
1576,1712191050.3206809,3265287.65022219,19.17,0.0,19.28,BID
1577,1712191062.475573,3528030.6875317,19.04,-0.0001532974687815,19.28,ASK
1578,1712191062.4801393,3580524.12585191,19.05,-3.062730531141829e-05,19.28,ASK
1579,1712191062.4844823,3632962.51074965,19.07,-3.059518438292919e-05,19.28,ASK
1580,1712191062.4879391,3633487.99682426,19.03,-3.065949375576169e-07,19.28,ASK
1581,1712191062.4904606,3634013.20690829,19.04,-3.0643391080800105e-07,19.28,ASK
1582,1712191062.4930367,3660145.65793391,19.02,-1.5246982893654504e-05,19.28,ASK
1583,1712191062.495528,3660671.69686079,19.01,-3.069174993065356e-07,19.28,ASK
1584,1712191062.4980624,3660934.4398981,19.03,-1.5329746878206873e-07,19.28,ASK
1585,1712191062.5013309,3661459.09771074,19.04,-3.0611168797353294e-07,19.28,ASK
