,time,acc_trade_volume,trade_price,dev,high,ask_bid
0,1712173460.2399733,104849662.194164,171.2,0.0,173.0,BID
1,1712173467.342404,104850476.194164,171.2,-4.2165173525193574e-08,173.0,ASK
2,1712173470.223968,104850476.194164,171.2,-0.0,173.0,ASK
3,1712173493.7125137,104851906.30525,171.2,-7.40768119575307e-08,173.0,ASK
4,1712173493.792457,104851906.30525014,171.2,-6.946645430994948e-18,173.0,ASK
5,1712173493.793644,104853336.41633612,171.1,-7.40768119575307e-08,173.0,ASK
6,1712173500.1870515,104853336.41633612,171.1,-0.0,173.0,ASK
7,1712173530.1534235,104853336.41633612,171.1,-0.0,173.0,ASK
8,1712173530.6356893,104853504.47765316,171.1,-8.707039278560151e-09,173.0,ASK
9,1712173560.2422166,104853504.47765316,171.1,-0.0,173.0,ASK
10,1712173587.97234,104853621.23188548,171.3,6.048876627004237e-09,173.0,BID
11,1712173590.236303,104853621.23188548,171.3,0.0,173.0,BID
12,1712173592.6529274,104853721.23188548,171.2,-5.1808574631577795e-09,173.0,ASK
13,1712173620.1535914,104853721.23188548,171.2,-0.0,173.0,ASK
14,1712173634.5522473,104871221.23188548,171.2,-9.066492518884544e-07,173.0,ASK
15,1712173644.8122983,104871298.91270275,171.2,-4.024528849690638e-09,173.0,ASK
16,1712173650.1620266,104871298.91270275,171.2,-0.0,173.0,ASK
17,1712173659.9621236,104880051.10403264,171.3,4.5336747220027414e-07,173.0,BID
18,1712173680.2335494,104880051.10403264,171.3,0.0,173.0,BID
19,1712173690.773931,104897546.73450112,171.3,9.062111988924836e-07,173.0,BID
20,1712173698.0821414,104897640.02060848,171.2,-4.831887330053492e-09,173.0,ASK
21,1712173710.23199,104897640.02060848,171.2,-0.0,173.0,ASK
22,1712173718.4124827,104899391.3340936,171.3,9.06976319614412e-08,173.0,BID
23,1712173740.1523037,104899391.3340936,171.3,0.0,173.0,BID
24,1712173748.9722035,104902153.92603756,171.3,1.4306784978638618e-07,173.0,BID
25,1712173764.241989,104903029.14517054,171.3,4.5325448705147015e-08,173.0,BID
26,1712173770.1456015,104903029.14517054,171.3,0.0,173.0,BID
27,1712173773.3718903,104903058.34540404,171.3,1.512159555513179e-09,173.0,BID
28,1712173794.971958,104903594.96111403,171.2,-2.7789112487207132e-08,173.0,ASK
29,1712173800.173634,104903594.96111403,171.2,-0.0,173.0,ASK
30,1712173812.6319315,104926635.49572122,171.3,1.193547630916774e-06,173.0,BID
31,1712173830.1417737,104926635.49572122,171.3,0.0,173.0,BID
32,1712173835.332022,104927429.03134176,171.1,-4.1098393417772986e-08,173.0,ASK
33,1712173858.1743248,104927647.19834176,171.2,1.1299194346529553e-08,173.0,BID
34,1712173860.2317562,104927647.19834176,171.2,0.0,173.0,BID
35,1712173890.2334738,104927647.19834176,171.2,0.0,173.0,BID
36,1712173920.1520174,104927647.19834176,171.2,0.0,173.0,BID
37,1712173923.1619587,104927647.19932412,171.2,5.0877384381099256e-14,173.0,BID
38,1712173925.8316455,104927678.44176352,171.2,-1.6180780294223982e-09,173.0,ASK
39,1712173934.2218945,104927728.10317624,171.3,2.572015577473529e-09,173.0,BID
40,1712173950.1520529,104927728.10317624,171.3,0.0,173.0,BID
41,1712173954.0919087,104927961.61164092,171.3,1.20936345704683e-08,173.0,BID
42,1712173956.3826325,104928831.23520625,171.3,4.503866541812103e-08,173.0,BID
43,1712173958.112021,104934365.8878624,171.3,2.866451406374599e-07,173.0,BID
44,1712173959.3519256,104934626.7005154,171.2,-1.3507745515574518e-08,173.0,ASK
45,1712173959.3621278,104940008.15557684,171.0,-2.787108855355329e-07,173.0,ASK
46,1712173959.363845,104969717.02074195,170.9,-1.5386515401226607e-06,173.0,ASK
47,1712173959.3655305,104970146.64013778,171.1,-2.2250413852960616e-08,173.0,ASK
48,1712173959.3670883,104977946.64013778,170.9,-4.039697223793482e-07,173.0,ASK
49,1712173959.3684552,104985247.3425854,170.8,-3.781106078128842e-07,173.0,ASK
50,1712173959.4718237,104985508.1552384,171.0,-1.3507745515574518e-08,173.0,ASK
51,1712173963.6518698,104986076.5882614,171.3,2.9439709037804613e-08,173.0,BID
52,1712173966.161661,104987049.8088794,171.3,5.0404059341687554e-08,173.0,BID
53,1712173974.9739065,104988431.0548794,171.3,7.153609784106796e-08,173.0,BID
54,1712173980.2334266,104988431.0548794,171.3,0.0,173.0,BID
55,1712173990.6117873,104988489.43199556,171.3,3.0217844792046757e-09,173.0,BID
56,1712173998.24182,105028479.82792428,171.3,2.070029588414604e-06,173.0,BID
57,1712174001.052487,105031258.42929426,171.0,-1.4382920990695036e-07,173.0,ASK
58,1712174001.0548434,105031358.42929426,171.2,-5.176316813928934e-09,173.0,ASK
59,1712174001.0569186,105033787.96792428,171.0,-1.2576061660603889e-07,173.0,ASK
60,1712174010.2236044,105033787.96792428,171.0,-0.0,173.0,ASK
61,1712174021.501778,105035248.24258482,171.3,7.555806090688694e-08,173.0,BID
62,1712174028.1917546,105036894.63487904,171.3,8.518822698415876e-08,173.0,BID
63,1712174037.2516198,105039812.031989,171.3,1.5095301896113138e-07,173.0,BID
64,1712174040.1514115,105039812.031989,171.3,0.0,173.0,BID
65,1712174045.3666377,105054933.387964,171.3,7.823729089922793e-07,173.0,BID
66,1712174045.5679426,105055957.813299,171.3,5.3003357020793044e-08,173.0,BID
67,1712174069.0020006,105055987.01353347,171.3,1.5108084511156735e-09,173.0,BID
68,1712174069.0038762,105056108.068299,171.3,6.263325141328016e-09,173.0,BID
69,1712174069.781593,105056166.41624118,171.3,3.0188991872887703e-09,173.0,BID
70,1712174070.1616256,105056166.41624118,171.3,0.0,173.0,BID
71,1712174082.084707,105056270.39094888,171.3,5.3788301277317025e-09,173.0,BID
72,1712174082.086563,105056490.98824118,171.3,1.1411961505059975e-08,173.0,BID
73,1712174100.2228622,105056490.98824118,171.3,0.0,173.0,BID
74,1712174130.223641,105056490.98824118,171.3,0.0,173.0,BID
75,1712174139.282423,105056503.7677658,171.3,6.618659506757904e-10,173.0,BID
76,1712174160.1839018,105056503.7677658,171.3,0.0,173.0,BID
77,1712174190.1640935,105056503.7677658,171.3,0.0,173.0,BID
78,1712174197.602547,105060505.4857428,171.3,-2.0725345040196465e-07,173.0,ASK
79,1712174197.604555,105083687.3163378,171.3,-1.2006129380079472e-06,173.0,ASK
80,1712174197.7025058,105085767.11200066,171.3,-1.0771494386509317e-07,173.0,ASK
81,1712174197.7045472,105095563.431921,171.1,-5.073623669637448e-07,173.0,ASK
82,1712174212.6721196,105096729.70992552,171.4,6.040284246798165e-08,173.0,BID
83,1712174220.1921182,105096729.70992552,171.4,0.0,173.0,BID
84,1712174225.5151873,105097896.66876952,171.3,6.041654837793274e-08,173.0,BID
85,1712174250.1739063,105097896.66876952,171.3,0.0,173.0,BID
86,1712174272.342354,105099056.99345246,171.3,6.00724585893611e-08,173.0,BID
87,1712174280.2360249,105099056.99345246,171.3,0.0,173.0,BID
88,1712174310.22545,105099056.99345246,171.3,0.0,173.0,BID
89,1712174313.2627876,105099135.99345246,171.2,-4.089954702622043e-09,173.0,ASK
90,1712174324.862668,105103899.75867282,171.3,2.466276451290442e-07,173.0,BID
91,1712174324.8724017,105104976.91581088,171.3,5.5766125345440737e-08,173.0,BID
92,1712174340.1442814,105104976.91581088,171.3,0.0,173.0,BID
93,1712174341.7028182,105110021.64917484,171.3,2.6116009846477415e-07,173.0,BID
94,1712174341.725741,105112798.42896052,171.3,1.4375072574060965e-07,173.0,BID
95,1712174341.7862544,105115564.84127736,171.3,1.432140136921705e-07,173.0,BID
96,1712174345.8431883,105116211.70226736,171.2,-3.348725644226281e-08,173.0,ASK
97,1712174368.6430614,105117036.26735784,171.3,4.268679525416909e-08,173.0,BID
98,1712174370.154757,105117036.26735784,171.3,0.0,173.0,BID
99,1712174400.1949778,105117036.26735784,171.3,0.0,173.0,BID
100,1712174405.572845,105117132.30355164,171.3,4.973262808563039e-09,173.0,BID
101,1712174405.7132924,105118373.14643168,171.3,6.42574169397305e-08,173.0,BID
102,1712174405.7152944,105120312.3379967,171.3,1.0042161092790017e-07,173.0,BID
103,1712174405.7211308,105120732.30355164,171.3,2.1748040947298408e-08,173.0,BID
104,1712174411.432849,105122354.49852566,171.2,-8.40058483480227e-08,173.0,ASK
105,1712174414.5831313,105123836.4152138,171.3,7.674149566552053e-08,173.0,BID
106,1712174414.7101295,105125151.51481897,171.3,6.810282349701977e-08,173.0,BID
107,1712174430.0316918,105126090.01593228,171.3,4.8600558787998335e-08,173.0,BID
108,1712174430.1630747,105126090.01593228,171.3,0.0,173.0,BID
109,1712174443.8130767,105130847.57736029,171.3,2.463519475496863e-07,173.0,BID
110,1712174460.22431,105130847.57736029,171.3,0.0,173.0,BID
111,1712174476.8630192,105130956.8963567,171.3,-5.660423231096554e-09,173.0,ASK
112,1712174490.2362905,105130956.8963567,171.3,-0.0,173.0,ASK
113,1712174492.0530782,105134273.29963069,171.4,1.7171972437835377e-07,173.0,BID
114,1712174492.0627515,105134364.3524886,171.4,4.714617124107353e-09,173.0,BID
115,1712174496.6731908,105134523.64035133,171.3,-8.247750837414208e-09,173.0,ASK
116,1712174513.1772375,105134552.81187987,171.4,1.510469756911367e-09,173.0,BID
117,1712174520.156839,105134552.81187987,171.4,0.0,173.0,BID
118,1712174541.7932744,105136178.18212491,171.4,8.415720304702196e-08,173.0,BID
119,1712174550.153081,105136178.18212491,171.4,0.0,173.0,BID
120,1712174551.4572332,105138456.3747694,171.3,-1.1795685076777197e-07,173.0,ASK
121,1712174580.2348514,105138456.3747694,171.3,-0.0,173.0,ASK
122,1712174610.2264743,105138456.3747694,171.3,-0.0,173.0,ASK
123,1712174616.413565,105139455.3747694,171.3,-5.1723682453761736e-08,173.0,ASK
124,1712174617.6033494,105139568.43959054,171.4,5.853982888172037e-09,173.0,BID
125,1712174631.3205028,105139597.61111914,171.4,1.5103692508708123e-09,173.0,BID
126,1712174640.1535232,105139597.61111914,171.4,0.0,173.0,BID
127,1712174670.1549225,105139597.61111914,171.4,0.0,173.0,BID
128,1712174683.556094,105139889.18062024,171.4,1.5095991623975978e-08,173.0,BID
129,1712174700.2353027,105139889.18062024,171.4,0.0,173.0,BID
130,1712174730.238999,105139889.18062024,171.4,0.0,173.0,BID
131,1712174740.6936903,105140284.3649523,171.4,2.0480000906860852e-08,173.0,BID
132,1712174760.167603,105140284.3649523,171.4,0.0,173.0,BID
133,1712174790.1532,105140284.3649523,171.4,0.0,173.0,BID
134,1712174797.3635511,105141451.2260958,171.4,6.047110539030378e-08,173.0,BID
135,1712174820.2443244,105141451.2260958,171.4,0.0,173.0,BID
136,1712174843.2837946,105141685.3404822,171.4,1.2132556712439836e-08,173.0,BID
137,1712174843.286286,105144940.216723,171.4,1.686781030063371e-07,173.0,BID
138,1712174849.386879,105145448.48503555,171.4,2.6340090508907773e-08,173.0,BID
139,1712174849.38964,105145523.35557948,171.4,3.880031185925724e-09,173.0,BID
140,1712174850.2335858,105145523.35557948,171.4,0.0,173.0,BID
141,1712174880.165295,105145523.35557948,171.4,0.0,173.0,BID
142,1712174890.2937708,105150703.8166908,171.4,2.684583629049253e-07,173.0,BID
143,1712174901.2935717,105150803.8166908,171.4,5.182132577314438e-09,173.0,BID
144,1712174910.1451216,105150803.8166908,171.4,0.0,173.0,BID
145,1712174912.376045,105153901.2959706,171.4,1.6050795469311577e-07,173.0,BID
146,1712174912.3963168,105157560.45494182,171.4,1.896135758510109e-07,173.0,BID
147,1712174916.4338253,105157685.9745316,171.4,6.504286489071245e-09,173.0,BID
148,1712174916.436109,105159495.67324688,171.4,9.377658836746617e-08,173.0,BID
149,1712174916.438263,105171092.9605406,171.4,6.009586167836611e-07,173.0,BID
150,1712174916.7733605,105176729.3714406,171.4,-2.920725866571456e-07,173.0,ASK
151,1712174918.275612,105181552.9335406,171.4,-2.4995165974353613e-07,173.0,ASK
152,1712174940.2348506,105181552.9335406,171.4,-0.0,173.0,ASK
153,1712174940.634214,105181552.93361495,171.4,-3.8520349316684585e-15,173.0,ASK
154,1712174940.6371856,105181752.93361495,171.4,-1.0360949432969454e-08,173.0,ASK
155,1712174961.0936794,105183431.28921495,171.4,-8.69467875106759e-08,173.0,ASK
156,1712174962.9880574,105183489.59825286,171.5,3.0206849655247142e-09,173.0,BID
157,1712174970.2255013,105183489.59825286,171.5,0.0,173.0,BID
158,1712174976.093963,105187062.26105057,171.5,1.8507771023404266e-07,173.0,BID
159,1712174976.0967484,105193799.9124835,171.5,3.490363267317961e-07,173.0,BID
160,1712174990.853516,105199628.19819778,171.5,3.0192767570522226e-07,173.0,BID
161,1712174992.1639216,105203523.87245452,171.5,2.01810949446112e-07,173.0,BID
162,1712174992.1662402,105218277.76554236,171.5,7.643085576090638e-07,173.0,BID
163,1712175000.186496,105218277.76554236,171.5,0.0,173.0,BID
164,1712175012.563882,105218277.76563032,171.4,-4.557028043254044e-15,173.0,ASK
165,1712175012.566217,105221692.78704238,171.3,-1.7692216135373205e-07,173.0,ASK
166,1712175030.1535652,105221692.78704238,171.3,-0.0,173.0,ASK
167,1712175032.6837444,105222320.6055006,171.3,-3.2524432189861707e-08,173.0,ASK
168,1712175060.2333212,105222320.6055006,171.3,-0.0,173.0,ASK
169,1712175074.804122,105222450.69331132,171.3,-6.739223019812271e-09,173.0,ASK
170,1712175082.433257,105223034.5125533,171.5,3.02448634739297e-08,173.0,BID
171,1712175090.234807,105223034.5125533,171.5,0.0,173.0,BID
172,1712175090.24336,105223151.59158295,171.3,-6.065262255283154e-09,173.0,ASK
173,1712175092.6734369,105224699.29648936,171.3,-8.01786295908991e-08,173.0,ASK
174,1712175095.3867188,105226081.25048935,171.3,7.15919277756887e-08,173.0,BID
175,1712175102.4539006,105226664.68106112,171.3,3.022453667489873e-08,173.0,BID
176,1712175102.5540771,105226956.44422834,171.2,-1.5114748823108488e-08,173.0,ASK
177,1712175102.559091,105227248.5003031,171.2,-1.5129922856564932e-08,173.0,ASK
178,1712175106.5037022,105227775.35593654,171.2,-2.7293680149546145e-08,173.0,ASK
179,1712175120.1635346,105227775.35593654,171.2,-0.0,173.0,ASK
180,1712175121.5932374,105245278.02827954,171.3,9.066852779106496e-07,173.0,BID
181,1712175124.9844458,105245278.02827974,171.3,1.003496047775207e-17,173.0,BID
182,1712175150.158093,105245278.02827974,171.3,0.0,173.0,BID
183,1712175180.2354145,105245278.02827974,171.3,0.0,173.0,BID
184,1712175210.2432816,105245278.02827974,171.3,0.0,173.0,BID
185,1712175210.9999535,105245912.53880867,171.5,3.2864239519058484e-08,173.0,BID
186,1712175211.001876,105247378.02827974,171.5,7.590448825232447e-08,173.0,BID
187,1712175221.6435668,105248386.93662784,171.3,-5.2256036886767163e-08,173.0,ASK
188,1712175221.6456015,105248970.70778936,171.3,-3.0236212641539414e-08,173.0,ASK
189,1712175240.1840837,105248970.70778936,171.3,-0.0,173.0,ASK
190,1712175270.1576676,105248970.70778936,171.3,-0.0,173.0,ASK
191,1712175285.4034843,105249262.25297886,171.3,-1.509998083160611e-08,173.0,ASK
192,1712175286.8833356,105249841.7530712,171.3,-3.0014010181653174e-08,173.0,ASK
193,1712175287.0835793,105252193.5924732,171.3,1.2180866352216145e-07,173.0,BID
194,1712175288.173499,105252193.59247345,171.3,1.2348397792151356e-17,173.0,BID
195,1712175293.6941595,105261423.85247342,171.4,4.78062249319555e-07,173.0,BID
196,1712175293.6971583,105262749.38525283,171.5,6.865323209448391e-08,173.0,BID
197,1712175293.699994,105354401.6546231,171.5,4.746939961652176e-06,173.0,BID
198,1712175300.1935043,105354401.6546231,171.5,0.0,173.0,BID
199,1712175310.8436177,105360035.7283988,171.5,2.9223387489342e-07,173.0,BID
200,1712175310.8464024,105377713.61380386,171.5,9.16934558811207e-07,173.0,BID
201,1712175317.3233926,105382317.72459105,171.5,2.388107059537931e-07,173.0,BID
202,1712175330.1536367,105382317.72459105,171.5,0.0,173.0,BID
203,1712175360.2380655,105382317.72459105,171.5,0.0,173.0,BID
204,1712175362.3677876,105388277.11054868,171.4,3.0903075724002256e-07,173.0,BID
205,1712175385.8936665,105388377.11054868,171.4,-5.18561407897513e-09,173.0,ASK
206,1712175386.4233017,105392558.96477608,171.5,2.168548215787257e-07,173.0,BID
207,1712175390.2432206,105392558.96477608,171.5,0.0,173.0,BID
208,1712175400.1934588,105393142.05515508,171.5,3.0234064057022475e-08,173.0,BID
209,1712175420.16375,105393142.05515508,171.5,0.0,173.0,BID
210,1712175450.1559696,105393142.05515508,171.5,0.0,173.0,BID
211,1712175454.123374,105396729.0824187,171.2,-1.859914922974617e-07,173.0,ASK
212,1712175455.213941,105413587.99989872,171.5,8.741542760040091e-07,173.0,BID
213,1712175460.4740546,105414500.61268772,171.5,4.7320023529984896e-08,173.0,BID
214,1712175480.2334466,105414500.61268772,171.5,0.0,173.0,BID
215,1712175510.2349954,105414500.61268772,171.5,0.0,173.0,BID
216,1712175540.1467094,105414500.61268772,171.5,0.0,173.0,BID
217,1712175570.1633906,105414500.61268772,171.5,0.0,173.0,BID
218,1712175579.3336134,105423730.87268773,171.4,4.785087484069559e-07,173.0,BID
219,1712175600.1732163,105423730.87268773,171.4,0.0,173.0,BID
220,1712175602.773312,105424021.36883906,171.5,1.5068852487945777e-08,173.0,BID
221,1712175630.149311,105424021.36883906,171.5,0.0,173.0,BID
222,1712175645.5139997,105426345.61047576,171.5,1.2056463983462972e-07,173.0,BID
223,1712175657.7333632,105440824.60767476,171.4,-7.510643708010229e-07,173.0,ASK
224,1712175657.7555425,105440824.60767552,171.4,-3.942112055307364e-17,173.0,ASK
225,1712175660.233197,105440824.60767552,171.4,-0.0,173.0,ASK
226,1712175670.793425,105443588.28765193,171.5,1.433380676378382e-07,173.0,BID
227,1712175670.8732326,105446377.11312294,171.5,1.4464223694914416e-07,173.0,BID
228,1712175676.5138135,105448477.11312294,171.5,1.0891635233134977e-07,173.0,BID
229,1712175689.10362,105450752.4471039,171.4,1.1801003692477093e-07,173.0,BID
230,1712175689.1303723,105453031.4084461,171.4,1.1819816976030969e-07,173.0,BID
231,1712175689.3925204,105456797.704381,171.4,1.953386738229265e-07,173.0,BID
232,1712175689.8538892,105457857.904381,171.4,5.498719844858173e-08,173.0,BID
233,1712175689.913414,105459133.0584302,171.4,6.61357750951045e-08,173.0,BID
234,1712175690.2493472,105459133.0584302,171.4,0.0,173.0,BID
235,1712175690.9910996,105460487.36880334,171.4,7.022977918581615e-08,173.0,BID
236,1712175691.1366577,105463526.2525024,171.4,1.5758583511560849e-07,173.0,BID
237,1712175691.274759,105464805.56998472,171.4,6.634091126581759e-08,173.0,BID
238,1712175691.333278,105465709.4541035,171.4,4.68722556737349e-08,173.0,BID
239,1712175691.4135127,105466394.37317742,171.4,3.5517497521825105e-08,173.0,BID
240,1712175692.903498,105469338.81259336,171.4,1.5268828630995053e-07,173.0,BID
241,1712175693.3431716,105474436.41259336,171.4,2.643436316200802e-07,173.0,BID
242,1712175694.083463,105478036.41259336,171.4,1.866833556641167e-07,173.0,BID
243,1712175696.1736374,105478727.13342722,171.4,3.5818356414876563e-08,173.0,BID
244,1712175696.2332964,105485160.31707504,171.4,3.336023086054832e-07,173.0,BID
245,1712175696.3045173,105489914.94428934,171.4,2.465582675825048e-07,173.0,BID
246,1712175696.5283046,105490934.31927814,171.4,5.286120655227676e-08,173.0,BID
247,1712175696.583391,105492242.37955242,171.4,6.783141150417213e-08,173.0,BID
248,1712175696.78479,105492940.92240278,171.4,3.6223978716786935e-08,173.0,BID
249,1712175704.954153,105502618.24988551,171.3,-5.018322134276183e-07,173.0,ASK
250,1712175704.958188,105505369.8971405,171.3,-1.4269076198956564e-07,173.0,ASK
251,1712175705.414066,105509449.96912318,171.3,2.1157820252171534e-07,173.0,BID
252,1712175705.5559905,105510546.21823196,171.3,5.6847628408384734e-08,173.0,BID
253,1712175705.6330562,105511644.0812098,171.3,5.693131798921702e-08,173.0,BID
254,1712175705.9933517,105516239.8912098,171.3,2.3832256466531925e-07,173.0,BID
255,1712175706.3762712,105516793.4647098,171.3,2.8706377385586024e-08,173.0,BID
256,1712175709.4334488,105517545.2407098,171.3,3.8984462885126734e-08,173.0,BID
257,1712175720.1534636,105517545.2407098,171.3,0.0,173.0,BID
258,1712175750.158018,105517545.2407098,171.3,0.0,173.0,BID
259,1712175780.2332418,105517545.2407098,171.3,0.0,173.0,BID
260,1712175793.7834363,105518711.51770118,171.4,6.044765298414362e-08,173.0,BID
261,1712175793.7863538,105518711.51842315,171.3,3.74204974511562e-14,173.0,BID
262,1712175801.7137327,105519912.20362592,171.4,6.22310163153127e-08,173.0,BID
263,1712175806.7535903,105519970.58074208,171.4,3.025661730313466e-09,173.0,BID
264,1712175810.2256048,105519970.58074208,171.4,0.0,173.0,BID
265,1712175811.7333004,105520262.1502432,171.4,1.5111600783303874e-08,173.0,BID
266,1712175820.6733084,105524727.16233727,171.3,-2.3141473986899605e-07,173.0,ASK
267,1712175820.7331324,105528677.16233727,171.3,2.0472245163623413e-07,173.0,BID
268,1712175835.1732967,105529371.75660992,171.3,3.5999757566589586e-08,173.0,BID
269,1712175839.1164663,105531680.38177855,171.3,1.1965250745200437e-07,173.0,BID
270,1712175839.143033,105532831.34621656,171.3,5.96527244290548e-08,173.0,BID
271,1712175839.203152,105535162.20097958,171.3,1.208046332885063e-07,173.0,BID
272,1712175839.2231283,105536311.59847972,171.3,5.957151243968931e-08,173.0,BID
273,1712175839.2808914,105537460.53297858,171.3,5.9547515790711343e-08,173.0,BID
274,1712175839.289449,105538155.86008614,171.3,3.603773927836828e-08,173.0,BID
275,1712175840.1631336,105538155.86008614,171.3,0.0,173.0,BID
276,1712175846.3536987,105538857.0286249,171.3,3.633462532915952e-08,173.0,BID
277,1712175862.5535636,105544651.57620224,171.3,3.0027404758577897e-07,173.0,BID
278,1712175868.1156058,105547464.57620224,171.3,1.457699474524057e-07,173.0,BID
279,1712175869.984182,105553102.92412984,171.3,2.921797657748503e-07,173.0,BID
280,1712175870.1540964,105553102.92412984,171.3,0.0,173.0,BID
281,1712175870.7431586,105559351.6697532,171.3,3.237676786483319e-07,173.0,BID
282,1712175877.1532872,105569380.25689083,171.3,5.196134669881615e-07,173.0,BID
283,1712175878.6063032,105570075.65061978,171.3,3.603059348819309e-08,173.0,BID
284,1712175879.642976,105570771.1775914,171.3,3.6037497222342406e-08,173.0,BID
285,1712175880.006996,105571466.57132035,171.3,3.603059348819309e-08,173.0,BID
286,1712175881.273248,105572161.96504928,171.3,3.603059348742101e-08,173.0,BID
287,1712175883.5731285,105572854.18949716,171.3,3.586638280807026e-08,173.0,BID
288,1712175883.583466,105573549.36115491,171.3,3.6019087262552034e-08,173.0,BID
289,1712175900.235115,105573549.36115491,171.3,0.0,173.0,BID
290,1712175903.6430218,105573928.6227792,171.3,1.9665244637566063e-08,173.0,BID
291,1712175906.8981826,105576077.63628198,171.3,1.1142934996515497e-07,173.0,BID
292,1712175906.919041,105577644.4020402,171.3,8.12389916404922e-08,173.0,BID
293,1712175912.4534774,105577907.06439692,171.1,-1.3619409850957012e-08,173.0,ASK
294,1712175912.4634864,105578629.20635106,171.1,-3.744406837213128e-08,173.0,ASK
295,1712175916.2331245,105580438.81795809,171.3,9.383088789277626e-08,173.0,BID
296,1712175916.2532768,105582815.2980356,171.3,1.2322380939101152e-07,173.0,BID
297,1712175927.1035,105588701.113221,171.1,-3.05187733477026e-07,173.0,ASK
298,1712175930.2394469,105588701.113221,171.1,-0.0,173.0,ASK
299,1712175934.9734251,105589627.00958648,171.3,4.8002562258458574e-08,173.0,BID
300,1712175960.1489656,105589627.00958648,171.3,0.0,173.0,BID
301,1712175963.7191498,105592436.6217949,171.3,1.456615243252743e-07,173.0,BID
302,1712175964.3133287,105595444.76558648,171.4,1.5595419494558873e-07,173.0,BID
303,1712175984.593024,105601260.67558648,171.4,3.015200152540521e-07,173.0,BID
304,1712175987.9629152,105607076.54358648,171.4,3.015178378064391e-07,173.0,BID
305,1712175990.1660545,105607076.54358648,171.4,0.0,173.0,BID
306,1712175993.8131986,105612897.64958648,171.4,3.017426135612261e-07,173.0,BID
307,1712175994.7536075,105612967.71959814,171.4,3.632146270943917e-09,173.0,BID
308,1712175997.2233777,105613939.4518755,171.4,5.0370674756423924e-08,173.0,BID
309,1712175997.2259798,105618787.47159812,171.4,2.51301752915058e-07,173.0,BID
310,1712175998.6830008,105619640.1498894,171.4,4.4199397182648105e-08,173.0,BID
311,1712175998.8429134,105625459.2388894,171.4,3.016380604311241e-07,173.0,BID
312,1712175998.8828845,105626190.46304396,171.4,3.790370549794623e-08,173.0,BID
313,1712176000.753247,105632009.31404395,171.4,3.01625723472532e-07,173.0,BID
314,1712176001.7731228,105632591.06433567,171.4,3.015558442999064e-08,173.0,BID
315,1712176004.8161943,105634338.68882416,171.4,9.058979181531204e-08,173.0,BID
316,1712176004.8816285,105638536.8731705,171.4,2.1761691281305285e-07,173.0,BID
317,1712176004.9430768,105641719.65976138,171.4,1.6498279611150838e-07,173.0,BID
318,1712176005.003559,105644096.84773926,171.4,1.2322381921427744e-07,173.0,BID
319,1712176008.9033227,105644160.99593064,171.4,3.325183035141746e-09,173.0,BID
320,1712176009.4230385,105645150.72768274,171.4,5.13036947972845e-08,173.0,BID
321,1712176009.4866529,105646646.44373704,171.4,7.753187647959504e-08,173.0,BID
322,1712176009.5862482,105648277.92369992,171.4,8.456932891675267e-08,173.0,BID
323,1712176009.664873,105649960.27352904,171.4,8.720621723219575e-08,173.0,BID
324,1712176009.7631876,105651030.49817304,171.4,5.547612106272439e-08,173.0,BID
325,1712176010.3431714,105656849.62317304,171.4,3.0163992652557774e-07,173.0,BID
326,1712176012.861127,105657553.39115438,171.4,3.64804884206991e-08,173.0,BID
327,1712176014.165431,105659650.22064734,171.4,1.0869116820690961e-07,173.0,BID
328,1712176014.9429274,105660464.15318546,171.4,4.219097390000706e-08,173.0,BID
329,1712176016.5298083,105661517.01806894,171.4,5.4576261223982834e-08,173.0,BID
330,1712176017.0531037,105662485.97830892,171.4,5.0226983540096015e-08,173.0,BID
331,1712176020.2355418,105662485.97830892,171.4,0.0,173.0,BID
332,1712176021.4230337,105677649.49923222,171.4,7.856288916705709e-07,173.0,BID
333,1712176050.2330546,105677649.49923222,171.4,0.0,173.0,BID
334,1712176062.6335711,105678538.69019672,171.4,4.606318416262487e-08,173.0,BID
335,1712176066.0339794,105679525.53225426,171.4,5.112185036792039e-08,173.0,BID
336,1712176072.0031898,105680731.63867553,171.4,6.248050691027904e-08,173.0,BID
337,1712176072.0430355,105681468.39637455,171.4,3.8166610917411083e-08,173.0,BID
338,1712176072.7124026,105682255.6364838,171.4,4.0781775321760287e-08,173.0,BID
339,1712176074.9331005,105682371.22409493,171.4,5.987840216523229e-09,173.0,BID
340,1712176074.93761,105682950.1936504,171.4,2.9992636366448965e-08,173.0,BID
341,1712176075.0329962,105683650.6478307,171.4,3.62859624002241e-08,173.0,BID
342,1712176080.154982,105683650.6478307,171.4,0.0,173.0,BID
343,1712176082.193112,105685971.5258041,171.4,1.2022314390165677e-07,173.0,BID
344,1712176082.7846894,105686786.83498856,171.4,4.223360061622972e-08,173.0,BID
345,1712176082.8427122,105688048.51401655,171.4,6.53558787138577e-08,173.0,BID
346,1712176083.143063,105689983.20527008,171.4,1.002183947812984e-07,173.0,BID
347,1712176083.3035553,105690716.54467086,171.4,3.7987507020745446e-08,173.0,BID
348,1712176084.8829286,105692021.00288108,171.4,6.757187103996215e-08,173.0,BID
349,1712176085.972969,105696820.47604886,171.4,2.486161529881868e-07,173.0,BID
350,1712176086.43297,105697910.93605204,171.4,5.6486610405845126e-08,173.0,BID
351,1712176087.2329352,105703053.70709816,171.4,2.663992293489877e-07,173.0,BID
352,1712176087.453057,105706211.38862292,171.4,1.6357016814222096e-07,173.0,BID
353,1712176087.532831,105708739.2621944,171.4,1.3094566436936805e-07,173.0,BID
354,1712176091.913066,105709793.1072573,171.4,5.458993023336141e-08,173.0,BID
355,1712176091.952913,105710837.75945093,171.4,5.411373300960845e-08,173.0,BID
356,1712176092.0731182,105711625.68282948,171.4,4.081499622518128e-08,173.0,BID
357,1712176092.1557662,105712547.3081996,171.4,4.77408552996315e-08,173.0,BID
358,1712176092.2330885,105716451.53509226,171.4,2.022417537319527e-07,173.0,BID
359,1712176096.763003,105717297.62385982,171.4,4.38280051003272e-08,173.0,BID
360,1712176097.0484502,105718453.7236558,171.4,5.98867987579687e-08,173.0,BID
361,1712176097.0829723,105719515.46089572,171.4,5.4998750664210654e-08,173.0,BID
362,1712176097.2929823,105722180.54004195,171.4,1.3805301156726986e-07,173.0,BID
363,1712176097.3130398,105723636.85847469,171.4,7.543833950317373e-08,173.0,BID
364,1712176097.3530471,105724337.16001733,171.4,3.6276122268473325e-08,173.0,BID
365,1712176097.3729465,105725031.51001164,171.4,3.5967827797547525e-08,173.0,BID
366,1712176099.3348846,105725614.26801164,171.4,3.0187282440849734e-08,173.0,BID
367,1712176099.553053,105726325.18492527,171.4,3.68260061021635e-08,173.0,BID
368,1712176099.653191,105728167.0632815,171.4,9.541062012143273e-08,173.0,BID
369,1712176100.2229168,105732305.05773766,171.4,2.1435108121450642e-07,173.0,BID
370,1712176101.6829956,105732829.54873766,171.4,2.7169010042843383e-08,173.0,BID
371,1712176106.2430885,105735667.3442598,171.4,1.469998437369026e-07,173.0,BID
372,1712176106.2449956,105738605.5113981,171.4,1.5219916545441853e-07,173.0,BID
373,1712176110.1443937,105738605.5113981,171.4,0.0,173.0,BID
374,1712176111.45754,105739042.9613981,171.4,2.264917271482438e-08,173.0,BID
375,1712176134.0168629,105741909.59957394,171.3,-1.4842149538780466e-07,173.0,ASK
376,1712176135.9830585,105744776.2377498,171.3,-1.4842149538780466e-07,173.0,ASK
377,1712176140.2326667,105744776.2377498,171.3,-0.0,173.0,ASK
378,1712176170.240037,105744776.2377498,171.3,-0.0,173.0,ASK
379,1712176187.0246634,105744776.23800024,171.4,1.2966904311597067e-14,173.0,BID
380,1712176187.0285468,105746360.98487474,171.4,8.20464997083443e-08,173.0,BID
381,1712176191.1139245,105747830.81276414,171.4,7.60968426185506e-08,173.0,BID
382,1712176194.064222,105753872.348589,171.4,3.1278614602036133e-07,173.0,BID
383,1712176196.5341284,105754613.92810012,171.4,3.839351515582331e-08,173.0,BID
384,1712176196.574054,105756684.0102939,171.4,1.0717358137207209e-07,173.0,BID
385,1712176197.5441642,105758356.37116814,171.4,8.658250613292936e-08,173.0,BID
386,1712176197.8642085,105760693.53256738,171.4,1.2100097192018328e-07,173.0,BID
387,1712176197.9046557,105762450.161862,171.4,9.09453031438896e-08,173.0,BID
388,1712176200.3160818,105762450.161862,171.4,0.0,173.0,BID
389,1712176200.584367,105764456.6145315,171.4,1.040187613840677e-07,173.0,BID
390,1712176201.584405,105765402.1671201,171.4,4.901945138485025e-08,173.0,BID
391,1712176201.667382,105767693.86662182,171.4,1.1880656207614148e-07,173.0,BID
392,1712176201.7051234,105769405.51383004,171.4,8.873542108988659e-08,173.0,BID
393,1712176201.9044447,105770102.72695155,171.4,3.6145006768093784e-08,173.0,BID
394,1712176202.2843356,105774139.24813975,171.4,2.092618184700559e-07,173.0,BID
395,1712176202.690114,105774832.91720746,171.4,3.5961275503747334e-08,173.0,BID
396,1712176203.0341702,105775356.91720746,171.4,2.7165271223862896e-08,173.0,BID
397,1712176203.1746798,105778420.26004124,171.4,1.588101888005842e-07,173.0,BID
398,1712176204.0991085,105779728.76865296,171.4,6.783586132715117e-08,173.0,BID
399,1712176204.1949942,105780712.85850772,171.4,5.101730498791076e-08,173.0,BID
400,1712176204.694629,105780923.65150774,171.4,1.0927956140143124e-08,173.0,BID
401,1712176204.8174903,105781893.01731484,171.4,5.025397913175757e-08,173.0,BID
402,1712176205.334067,105781989.87405568,171.4,5.021258844598488e-09,173.0,BID
403,1712176205.3359685,105782720.99888542,171.4,3.790306163888233e-08,173.0,BID
404,1712176205.3461125,105785143.19410908,171.4,1.2557173703710828e-07,173.0,BID
405,1712176205.4654443,105786401.85206348,171.4,6.525149753820088e-08,173.0,BID
406,1712176205.4761477,105787330.768994,171.4,4.8157023590421487e-08,173.0,BID
407,1712176205.5642374,105788017.82913584,171.4,3.5618654771692574e-08,173.0,BID
408,1712176205.5672388,105789249.48935308,171.4,6.385187758965419e-08,173.0,BID
409,1712176207.1099527,105790041.81399652,171.4,4.107578976453292e-08,173.0,BID
410,1712176209.3215811,105792382.74614868,171.4,1.2135888707990806e-07,173.0,BID
411,1712176209.9348874,105792982.84814867,171.5,3.1110560289944194e-08,173.0,BID
412,1712176210.954773,105795753.189604,171.5,1.436203759867035e-07,173.0,BID
413,1712176212.9160037,105798153.189604,171.5,1.2442108957494458e-07,173.0,BID
414,1712176212.919827,105805183.31014472,171.5,3.6445635729844644e-07,173.0,BID
415,1712176213.4245548,105809479.72154713,171.5,2.227350783130057e-07,173.0,BID
416,1712176216.6248934,105812753.72154713,171.5,1.6973110302848689e-07,173.0,BID
417,1712176230.242865,105812753.72154713,171.5,0.0,173.0,BID
418,1712176235.049372,105814963.56380376,171.5,1.1451171186527754e-07,173.0,BID
419,1712176235.935152,105816977.0864192,171.5,1.0433863362128385e-07,173.0,BID
420,1712176236.0270584,105818271.12921938,171.5,6.705594294458212e-08,173.0,BID
421,1712176236.4479887,105819875.82958987,171.5,8.315389295556985e-08,173.0,BID
422,1712176236.4499702,105823770.20793658,171.5,2.0180260821646973e-07,173.0,BID
423,1712176245.3654394,105823915.90768144,171.5,7.550008220213211e-09,173.0,BID
424,1712176260.157105,105823915.90768144,171.5,0.0,173.0,BID
425,1712176283.5369103,105827311.90768144,171.5,1.7595970931475024e-07,173.0,BID
426,1712176290.166326,105827311.90768144,171.5,0.0,173.0,BID
427,1712176320.2329974,105827311.90768144,171.5,0.0,173.0,BID
428,1712176338.007614,105828010.20768145,171.3,-3.61804938711332e-08,173.0,ASK
429,1712176338.405084,105839298.51282844,171.5,5.84872483443384e-07,173.0,BID
430,1712176340.6402664,105841171.51282844,171.5,9.704434343537405e-08,173.0,BID
431,1712176347.0217533,105842920.78396548,171.5,9.063367270794282e-08,173.0,BID
432,1712176350.2372506,105842920.78396548,171.5,0.0,173.0,BID
433,1712176354.0739267,105860474.58396548,171.5,9.093757449755178e-07,173.0,BID
434,1712176356.5261507,105864299.77428694,171.5,1.981642321471877e-07,173.0,BID
435,1712176372.3008816,105866009.77428694,171.5,8.858666066084832e-08,173.0,BID
436,1712176380.185749,105866009.77428694,171.5,0.0,173.0,BID
437,1712176382.3180523,105867052.77428694,171.5,5.4021600736770933e-08,173.0,BID
438,1712176395.4507062,105867344.31947644,171.5,1.5100419773621658e-08,173.0,BID
439,1712176410.1908844,105867344.31947644,171.5,0.0,173.0,BID
440,1712176413.6495545,105869911.65823784,171.5,1.3297229667511294e-07,173.0,BID
441,1712176440.240589,105869911.65823784,171.5,0.0,173.0,BID
442,1712176443.8889737,105870911.65823784,171.5,5.1792644719965854e-08,173.0,BID
443,1712176456.7290905,105875869.93128788,171.5,2.568020745060752e-07,173.0,BID
444,1712176470.2393155,105875869.93128788,171.5,0.0,173.0,BID
445,1712176482.0496497,105876160.87619445,171.5,1.506800871947038e-08,173.0,BID
446,1712176487.8552873,105877938.87619445,171.5,9.2082448941092e-08,173.0,BID
447,1712176500.1697018,105877938.87619445,171.5,0.0,173.0,BID
448,1712176509.7698357,105878521.96657345,171.5,3.0270234741382165e-08,173.0,BID
449,1712176530.1655953,105878521.96657345,171.5,0.0,173.0,BID
450,1712176536.2303,105879366.72275896,171.3,-4.385398251924121e-08,173.0,ASK
451,1712176542.4805295,105899774.88602428,171.5,1.0594527159797872e-06,173.0,BID
452,1712176544.050605,105900357.97640328,171.3,-3.027007759895835e-08,173.0,ASK
453,1712176555.7003915,105900474.59447908,171.5,6.0540155199463834e-09,173.0,BID
454,1712176560.255134,105900474.59447908,171.5,0.0,173.0,BID
455,1712176562.1340482,105900591.21255489,171.5,6.052832603636897e-09,173.0,BID
456,1712176568.140542,105901348.85122824,171.5,3.932375004772345e-08,173.0,BID
457,1712176590.2433298,105901348.85122824,171.5,0.0,173.0,BID
458,1712176595.591425,105903148.85122874,171.3,-9.342474422329177e-08,173.0,ASK
459,1712176620.1671689,105903148.85122874,171.3,-0.0,173.0,ASK
460,1712176631.73429,105903212.9994204,171.3,-3.329406936865124e-09,173.0,ASK
461,1712176650.1583405,105903212.9994204,171.3,-0.0,173.0,ASK
462,1712176670.981827,105905467.1141204,171.4,1.1699255498739969e-07,173.0,BID
463,1712176670.9862814,105922177.21756306,171.5,8.672840365477912e-07,173.0,BID
464,1712176680.102363,105928005.20735826,171.5,3.024830176471418e-07,173.0,BID
465,1712176680.251334,105928005.20735826,171.5,0.0,173.0,BID
466,1712176704.631939,105929190.78753316,171.5,6.152014051023997e-08,173.0,BID
467,1712176710.241876,105929190.78753316,171.5,0.0,173.0,BID
468,1712176722.932227,105929555.4755798,171.5,1.89235815827357e-08,173.0,BID
469,1712176727.5025272,105931832.55567336,171.2,-1.181571793114869e-07,173.0,ASK
470,1712176727.5071344,105939649.0995046,171.3,-4.055987199051321e-07,173.0,ASK
471,1712176738.6925938,105939678.2880627,171.5,1.5145877842564519e-09,173.0,BID
472,1712176740.166765,105939678.2880627,171.5,0.0,173.0,BID
473,1712176759.4826777,105939707.47662096,171.3,-1.514446626305562e-09,173.0,ASK
474,1712176769.2029629,105945506.47662096,171.1,-3.008807735731746e-07,173.0,ASK
475,1712176769.2084837,105946357.20773336,171.2,-4.414013367880353e-08,173.0,ASK
476,1712176769.213087,105950682.63445164,171.1,-2.244245106104639e-07,173.0,ASK
477,1712176769.215449,105952988.5305402,171.3,-1.1964128279081272e-07,173.0,ASK
478,1712176769.2178588,105956493.46837088,171.2,-1.8185349298549053e-07,173.0,ASK
479,1712176769.2202978,105960409.98829415,171.1,-2.032084056272868e-07,173.0,ASK
480,1712176770.1547165,105960409.98829415,171.1,-0.0,173.0,ASK
481,1712176773.5625482,105960992.787128,171.5,3.0232917517488374e-08,173.0,BID
482,1712176800.1858847,105960992.787128,171.5,0.0,173.0,BID
483,1712176815.7159295,105962323.82064798,171.4,6.907796108920633e-08,173.0,BID
484,1712176815.7213314,105965014.17193098,171.4,1.3962381747046312e-07,173.0,BID
485,1712176815.723897,105969331.24216498,171.5,2.240472573854301e-07,173.0,BID
486,1712176815.726404,105969623.41130924,171.3,1.516299061990681e-08,173.0,BID
487,1712176815.7289598,105978144.9387962,171.5,4.4225012767971e-07,173.0,BID
488,1712176815.731491,105990147.3060784,171.5,6.22898708140036e-07,173.0,BID
489,1712176822.6426728,105990205.64913556,171.4,3.027887256404573e-09,173.0,BID
490,1712176830.1647463,105990205.64913556,171.4,0.0,173.0,BID
491,1712176860.2464204,105990205.64913556,171.4,0.0,173.0,BID
492,1712176864.7436168,105992896.00041856,171.4,1.39587526805213e-07,173.0,BID
493,1712176864.745993,106028370.63041475,171.4,1.84058338284252e-06,173.0,BID
494,1712176864.7480469,106031025.37929384,171.4,1.3774031393622534e-07,173.0,BID
495,1712176890.2469904,106031025.37929384,171.4,0.0,173.0,BID
496,1712176902.1189718,106034117.48764712,171.3,1.603742734084578e-07,173.0,BID
497,1712176911.3803551,106044586.70694712,171.1,-5.429930799827222e-07,173.0,ASK
498,1712176920.167184,106044586.70694712,171.1,-0.0,173.0,ASK
499,1712176925.7836578,106045228.855225,171.3,3.330144230838869e-08,173.0,BID
500,1712176926.48869,106048146.25233497,171.3,1.5129454503681996e-07,173.0,BID
501,1712176927.4737904,106052944.39177369,171.3,2.4882876620632813e-07,173.0,BID
502,1712176927.4783125,106053772.73803256,171.3,4.295756307646287e-08,173.0,BID
503,1712176950.1778393,106053772.73803256,171.3,0.0,173.0,BID
504,1712176967.9144802,106054698.2734609,171.3,4.7993821299900914e-08,173.0,BID
505,1712176967.9192345,106056688.67644396,171.3,1.0321273736113973e-07,173.0,BID
506,1712176980.1873736,106056688.67644396,171.3,0.0,173.0,BID
507,1712176984.284271,106062377.60391004,171.0,-2.9499280955950025e-07,173.0,ASK
508,1712176984.2946806,106065067.95519304,171.0,-1.395050804226151e-07,173.0,ASK
509,1712176984.2992551,106070067.95519304,171.1,-2.59269265883951e-07,173.0,ASK
510,1712176984.3030484,106071354.7445328,171.0,-6.672498549290742e-08,173.0,ASK
511,1712176995.4059424,106086011.86069408,171.0,-7.600279494217534e-07,173.0,ASK
512,1712176995.410687,106090430.30545832,171.0,-2.2911338607551282e-07,173.0,ASK
513,1712176995.4146037,106090530.30545832,170.9,-5.1853853176790196e-09,173.0,ASK
514,1712176995.4167066,106107763.35674132,171.0,-8.936001110168764e-07,173.0,ASK
515,1712176995.4188323,106107798.35674132,170.9,-1.8148848611876566e-09,173.0,ASK
516,1712176995.420989,106109788.7597244,171.0,-1.032100640467269e-07,173.0,ASK
517,1712176995.423182,106112174.47469148,170.9,-1.2370851362422288e-07,173.0,ASK
518,1712177010.1721246,106112174.47469148,170.9,-0.0,173.0,ASK
519,1712177040.2466087,106112174.47469148,170.9,-0.0,173.0,ASK
520,1712177064.0967298,106119383.27469146,171.1,3.736202334130642e-07,173.0,BID
521,1712177064.1047568,106121647.372868,171.1,1.1734448024405669e-07,173.0,BID
522,1712177064.235371,106125007.00086798,171.1,1.7412398700730908e-07,173.0,BID
523,1712177064.239991,106126925.6690075,171.1,9.944141023873077e-08,173.0,BID
524,1712177064.3345845,106134160.3690075,171.1,3.749625877643612e-07,173.0,BID
525,1712177064.4822848,106135356.1775128,171.1,6.197678571557928e-08,173.0,BID
526,1712177064.4947588,106139023.1775128,171.1,1.9005457162444137e-07,173.0,BID
527,1712177064.754349,106141458.74977332,171.1,1.262316996543065e-07,173.0,BID
528,1712177064.8625548,106142654.5582786,171.1,6.197678571557928e-08,173.0,BID
529,1712177065.0986552,106145805.28736514,171.1,1.6329710031244417e-07,173.0,BID
530,1712177065.104388,106147058.30250014,171.1,6.494171113235314e-08,173.0,BID
531,1712177066.1428878,106148108.51569846,171.1,5.4430820703808777e-08,173.0,BID
532,1712177066.5245166,106149154.3286481,171.1,5.420276306070528e-08,173.0,BID
533,1712177066.6711066,106152752.37861206,171.1,1.864810047946728e-07,173.0,BID
534,1712177066.8846216,106155439.36233088,171.1,1.3926194154447333e-07,173.0,BID
535,1712177067.012633,106162991.9404399,171.1,3.914376867107252e-07,173.0,BID
536,1712177067.524825,106163407.0765427,171.1,2.15158206123507e-08,173.0,BID
537,1712177067.6490123,106165658.9159437,171.1,-1.1670912809450089e-07,173.0,ASK
538,1712177067.6645164,106168682.5910877,171.1,-1.5671210368823045e-07,173.0,ASK
539,1712177070.2446024,106168682.5910877,171.1,-0.0,173.0,ASK
540,1712177079.434656,106169749.12970616,171.1,-5.52492547008856e-08,173.0,ASK
541,1712177079.854539,106171773.83970615,171.1,1.0488482699763501e-07,173.0,BID
542,1712177082.1446502,106172964.41285348,171.1,6.167454034613993e-08,173.0,BID
543,1712177082.244671,106174528.87785926,171.1,8.104303405236745e-08,173.0,BID
544,1712177082.4274209,106183766.38796727,171.1,4.785251465990506e-07,173.0,BID
545,1712177082.4298291,106190161.46015964,171.1,3.312800551863621e-07,173.0,BID
546,1712177082.4658668,106192302.75515965,171.1,1.1092420920863513e-07,173.0,BID
547,1712177082.490119,106194147.73588562,171.1,9.557442016800645e-08,173.0,BID
548,1712177082.8153715,106198035.52786276,171.1,2.0139693532788655e-07,173.0,BID
549,1712177084.1992085,106200323.25222903,171.1,1.1850960106607821e-07,173.0,BID
550,1712177084.2547452,106201673.98578952,171.1,6.997123331840271e-08,173.0,BID
551,1712177084.5747375,106203044.13583556,171.1,7.097705377129504e-08,173.0,BID
552,1712177085.204597,106204068.75089882,171.1,5.3077514137087225e-08,173.0,BID
553,1712177086.4725547,106206210.07089885,171.1,1.1092550426881665e-07,173.0,BID
554,1712177086.9949644,106206268.5162524,171.1,3.027609286928062e-09,173.0,BID
555,1712177088.4953146,106207107.04225242,171.1,4.3437654994612256e-08,173.0,BID
556,1712177098.7871578,106207107.04247612,171.1,1.158877245756932e-14,173.0,BID
557,1712177100.184819,106207107.04247612,171.1,0.0,173.0,BID
558,1712177100.8970494,106211529.53001496,171.1,-2.2921116993050813e-07,173.0,ASK
559,1712177102.5950444,106211796.13701496,171.1,1.3817857448685405e-08,173.0,BID
560,1712177130.1752348,106211796.13701496,171.1,0.0,173.0,BID
561,1712177131.815951,106211988.30860887,171.1,9.959563243218552e-09,173.0,BID
562,1712177153.41053,106223638.95860888,171.1,6.038113288914747e-07,173.0,BID
563,1712177155.215429,106229483.49396832,171.1,3.0290126835217135e-07,173.0,BID
564,1712177158.115728,106235642.6329683,171.1,3.192060446768672e-07,173.0,BID
565,1712177159.2995934,106236164.93117613,171.1,2.706883950173969e-08,173.0,BID
566,1712177159.3036706,106236447.67922528,171.1,1.4653815477470688e-08,173.0,BID
567,1712177160.1952806,106236447.67922528,171.1,0.0,173.0,BID
568,1712177161.6268525,106239724.67922528,171.1,1.6979801836514e-07,173.0,BID
569,1712177166.42528,106239783.12457883,171.1,3.02835069299929e-09,173.0,BID
570,1712177167.7354312,106240075.52223969,171.0,-1.5150608294819335e-08,173.0,ASK
571,1712177172.9957044,106240343.05343968,171.0,-1.3862150629224692e-08,173.0,ASK
572,1712177173.8852756,106241347.6099152,171.1,5.205117451302655e-08,173.0,BID
573,1712177183.995587,106242872.36331788,171.1,7.900522010165564e-08,173.0,BID
574,1712177184.355531,106247356.71092714,171.1,2.3235683177033813e-07,173.0,BID
575,1712177184.3597963,106258408.84723884,171.1,5.72667331226654e-07,173.0,BID
576,1712177184.4805045,106259632.70712936,171.1,6.341439858542579e-08,173.0,BID
577,1712177184.4978025,106264963.80212648,171.1,2.7623111572407e-07,173.0,BID
578,1712177184.5154717,106266246.9511575,171.1,6.64864701657612e-08,173.0,BID
579,1712177185.7173991,106267296.33748128,171.1,5.437403670347661e-08,173.0,BID
580,1712177185.7198763,106273130.15648128,171.1,3.022798003354727e-07,173.0,BID
581,1712177185.7551005,106276540.70481128,171.1,1.7671783581753525e-07,173.0,BID
582,1712177185.7754023,106279712.81769024,171.1,1.6436328375985546e-07,173.0,BID
583,1712177185.7854776,106280580.4647711,171.2,4.495720322527817e-08,173.0,BID
584,1712177185.795869,106282161.85023595,171.2,8.193961495422689e-08,173.0,BID
585,1712177185.8059137,106283984.55443811,171.2,9.444356472080926e-08,173.0,BID
586,1712177185.8853886,106285359.47847769,171.2,7.124179961000914e-08,173.0,BID
587,1712177190.1656156,106285359.47847769,171.2,0.0,173.0,BID
588,1712177191.0857978,106292073.41123094,171.2,3.4773216875287505e-07,173.0,BID
589,1712177200.936564,106293897.65734938,171.2,9.448248625926625e-08,173.0,BID
590,1712177203.945348,106303569.79557931,171.2,5.009453813117912e-07,173.0,BID
591,1712177204.3856978,106305598.30834413,171.2,1.050619910810075e-07,173.0,BID
592,1712177204.389727,106309486.02466238,171.2,2.0135501449455082e-07,173.0,BID
593,1712177205.217499,106312217.95217778,171.2,1.41493684062696e-07,173.0,BID
594,1712177220.245265,106312217.95217778,171.2,0.0,173.0,BID
595,1712177246.6433356,106312461.45217778,171.1,1.2608500273917717e-08,173.0,BID
596,1712177250.2385583,106312461.45217778,171.1,0.0,173.0,BID
597,1712177251.2858171,106312510.17894576,171.1,2.523080665798046e-09,173.0,BID
598,1712177269.8657997,106313829.25494576,171.2,6.830198861497045e-08,173.0,BID
599,1712177280.195716,106313829.25494576,171.2,0.0,173.0,BID
600,1712177310.1759405,106313829.25494576,171.2,0.0,173.0,BID
601,1712177312.116037,106327185.25494576,171.2,6.915676573271127e-07,173.0,BID
602,1712177312.218835,106329025.88583425,171.2,9.53070374032827e-08,173.0,BID
603,1712177312.2213242,106329344.9199066,171.2,1.651944040246935e-08,173.0,BID
604,1712177322.906197,106344117.29548009,171.2,7.649069458312625e-07,173.0,BID
605,1712177322.911899,106346899.61990656,171.2,1.4406750415915528e-07,173.0,BID
606,1712177324.2962549,106347166.57171103,171.2,1.3822644058050837e-08,173.0,BID
607,1712177324.495736,106348535.84879884,171.2,7.090055015248025e-08,173.0,BID
608,1712177325.975861,106354880.04879884,171.2,3.284998151854395e-07,173.0,BID
609,1712177329.295803,106372278.64879882,171.2,9.008916623807334e-07,173.0,BID
610,1712177330.8264863,106372498.32789052,171.2,1.1374884307065307e-08,173.0,BID
611,1712177330.8324978,106375203.94879884,171.2,1.4009583057667586e-07,173.0,BID
612,1712177331.594952,106376460.44879884,171.2,6.50610034015811e-08,173.0,BID
613,1712177339.279597,106376529.82388423,171.2,3.5922106383608063e-09,173.0,BID
614,1712177340.2864466,106376529.82388423,171.2,0.0,173.0,BID
615,1712177352.5066314,106377571.24853912,171.2,-5.3894543397803456e-08,173.0,ASK
616,1712177370.2567322,106377571.24853912,171.2,-0.0,173.0,ASK
617,1712177375.6713588,106378737.44853914,171.2,6.03512086088138e-08,173.0,BID
618,1712177376.6961937,106379435.34853914,171.2,3.611653960585082e-08,173.0,BID
619,1712177377.656045,106381523.64853914,171.2,1.0807016715596289e-07,173.0,BID
620,1712177393.556487,106384049.14853914,171.2,1.3069540159592674e-07,173.0,BID
621,1712177394.686261,106387365.40511492,171.2,1.716172975523273e-07,173.0,BID
622,1712177396.2121058,106391695.04479504,171.2,2.2406018481752202e-07,173.0,BID
623,1712177396.3085597,106396116.97456218,171.2,2.28836225201434e-07,173.0,BID
624,1712177396.34673,106400519.02155764,171.2,2.278072856527089e-07,173.0,BID
625,1712177396.4713745,106404700.17643218,171.2,2.163760504699708e-07,173.0,BID
626,1712177400.1932592,106404700.17643218,171.2,0.0,173.0,BID
627,1712177404.626278,106416468.61464298,171.2,6.091320933908803e-07,173.0,BID
628,1712177405.1364222,106417689.19164298,171.2,6.317683025065439e-08,173.0,BID
629,1712177405.7961252,106419144.49164298,171.2,7.532604748660614e-08,173.0,BID
630,1712177406.459216,106420397.29230398,171.2,6.484472073232475e-08,173.0,BID
631,1712177409.3543046,106422635.89230396,171.2,1.1586950450313533e-07,173.0,BID
632,1712177412.2070372,106422830.28522484,171.2,1.0061740113492592e-08,173.0,BID
633,1712177412.21286,106423296.89230396,171.2,2.4151492476865832e-08,173.0,BID
634,1712177417.371924,106423333.4032933,171.2,1.8898017697741797e-09,173.0,BID
635,1712177419.0168705,106438115.85416752,171.3,7.651368078901412e-07,173.0,BID
636,1712177430.1730385,106438115.85416752,171.3,0.0,173.0,BID
637,1712177435.3496685,106446103.4485605,171.3,4.133139299379068e-07,173.0,BID
638,1712177435.35818,106451115.85416752,171.3,2.593643289771372e-07,173.0,BID
639,1712177443.066889,106458668.18537444,171.1,-3.907914620791705e-07,173.0,ASK
640,1712177443.0728364,106460052.2783355,171.2,-7.161917255469644e-08,173.0,ASK
641,1712177443.0774338,106465003.55156752,171.1,-2.562010659333217e-07,173.0,ASK
642,1712177450.977758,106465748.11383829,171.2,3.8526988611463775e-08,173.0,BID
643,1712177460.2691977,106465748.11383829,171.2,0.0,173.0,BID
644,1712177488.6070487,106473294.84281024,171.2,3.904060109294012e-07,173.0,BID
645,1712177489.707688,106476600.84281024,171.2,1.7102539085853848e-07,173.0,BID
646,1712177490.261021,106476600.84281024,171.2,0.0,173.0,BID
647,1712177514.276453,106477753.54535748,171.2,5.962566752937639e-08,173.0,BID
648,1712177515.126831,106479072.73435748,171.2,6.823748668949687e-08,173.0,BID
649,1712177520.168043,106479072.73435748,171.2,0.0,173.0,BID
650,1712177550.179583,106479072.73435748,171.2,0.0,173.0,BID
651,1712177551.856866,106479656.55459689,171.2,3.0198518760059806e-08,173.0,BID
652,1712177559.4071083,106481384.6877358,171.1,8.938892058283165e-08,173.0,BID
653,1712177567.126767,106487226.30228797,171.1,3.021616839125513e-07,173.0,BID
654,1712177580.2467103,106487226.30228797,171.1,0.0,173.0,BID
655,1712177584.2704644,106489002.83156297,171.1,9.188561441876448e-08,173.0,BID
656,1712177584.3673284,106492000.83156297,171.1,1.5506250074457177e-07,173.0,BID
657,1712177584.4873383,106493582.2170278,170.9,-8.179238986745069e-08,173.0,ASK
658,1712177584.4932373,106493625.75874436,170.9,-2.2520638614465627e-09,173.0,ASK
659,1712177584.5007658,106495745.98166294,170.9,-1.0966213071695305e-07,173.0,ASK
660,1712177584.5470324,106496660.61854295,171.1,4.730683185044037e-08,173.0,BID
661,1712177585.587287,106496952.84531093,171.1,1.5114547507091184e-08,173.0,BID
662,1712177592.0664282,106524771.78553952,171.1,1.4388507137783872e-06,173.0,BID
663,1712177598.873917,106528498.9818012,171.2,1.9277797635201e-07,173.0,BID
664,1712177610.2511375,106528498.9818012,171.2,0.0,173.0,BID
665,1712177614.0431974,106532426.6872445,171.1,-2.0307453993398268e-07,173.0,ASK
666,1712177615.9916885,106532980.3872445,171.1,2.8628005430145213e-08,173.0,BID
667,1712177619.1076298,106533800.51560892,170.9,-4.240317729960539e-08,173.0,ASK
668,1712177619.1137831,106535126.05103728,170.9,-6.853428831738005e-08,173.0,ASK
669,1712177619.1470697,106536949.85103726,170.9,9.42961103567593e-08,173.0,BID
670,1712177619.1671038,106537045.92530207,170.9,4.967337140549905e-09,173.0,BID
671,1712177627.0371504,106537619.808921,171.2,2.9671561061085897e-08,173.0,BID
672,1712177640.1915252,106537619.808921,171.2,0.0,173.0,BID
673,1712177662.3520236,106542876.8182668,171.2,2.717817515440619e-07,173.0,BID
674,1712177667.9271452,106547801.9734668,171.1,2.546252477098769e-07,173.0,BID
675,1712177670.181364,106547801.9734668,171.1,0.0,173.0,BID
676,1712177674.4873126,106548093.8574668,171.1,1.5088730690544375e-08,173.0,BID
677,1712177678.5194817,106549147.4396367,171.1,5.4464162550460894e-08,173.0,BID
678,1712177678.6594195,106552244.03339083,171.1,1.6007615769798672e-07,173.0,BID
679,1712177678.7068243,106555338.21988788,171.1,1.5995171629657853e-07,173.0,BID
680,1712177678.9477153,106556657.06988788,171.1,6.81769897326739e-08,173.0,BID
681,1712177683.8073092,106558045.2293216,171.1,7.175989040419414e-08,173.0,BID
682,1712177685.0076315,106572082.2293216,171.1,7.256324865383144e-07,173.0,BID
683,1712177685.2274573,106577982.5393216,171.1,3.050122260204183e-07,173.0,BID
684,1712177685.2482543,106581427.68666776,171.1,1.7809438165423505e-07,173.0,BID
685,1712177692.5473132,106587264.53566776,171.1,3.017316558683259e-07,173.0,BID
686,1712177692.9272738,106589014.7153635,171.1,9.047426405278444e-08,173.0,BID
687,1712177692.967566,106592014.24462073,171.1,1.5505847925932578e-07,173.0,BID
688,1712177692.9735637,106593112.1192105,171.1,5.6753826920480594e-08,173.0,BID
689,1712177693.107158,106596181.00643858,171.1,1.586438890234486e-07,173.0,BID
690,1712177693.307182,106612224.62423858,171.1,8.293631315297017e-07,173.0,BID
691,1712177694.920568,106613410.12523858,171.1,6.128361034588079e-08,173.0,BID
692,1712177696.367696,106614394.70879333,171.1,5.0897329416779344e-08,173.0,BID
693,1712177696.4072964,106617314.29491764,171.1,1.5092587725654173e-07,173.0,BID
694,1712177697.1671872,106618298.87779333,171.2,5.0897294313995534e-08,173.0,BID
695,1712177700.2415688,106618298.87779333,171.2,0.0,173.0,BID
696,1712177707.0173326,106623374.37779333,171.2,2.62708438336784e-07,173.0,BID
697,1712177730.2673228,106623374.37779333,171.2,0.0,173.0,BID
698,1712177733.7401514,106627651.90359332,171.2,2.213952485599824e-07,173.0,BID
699,1712177736.9585705,106631664.47426207,171.2,2.076817585942522e-07,173.0,BID
700,1712177736.9641354,106637871.11316308,171.2,3.21241864211882e-07,173.0,BID
701,1712177741.7573495,106640346.50615904,171.2,1.28120851456276e-07,173.0,BID
702,1712177744.1677349,106646958.61273368,171.2,3.4222797173914653e-07,173.0,BID
703,1712177744.247658,106647578.13873369,171.2,3.2065291752931875e-08,173.0,BID
704,1712177744.252475,106650737.52283208,171.2,1.6352271393898326e-07,173.0,BID
705,1712177744.26761,106655720.6743819,171.2,2.579168724092128e-07,173.0,BID
706,1712177745.4874754,106657511.46028748,171.2,9.268710680387028e-08,173.0,BID
707,1712177747.0775013,106661789.26148744,171.2,2.214095026523069e-07,173.0,BID
708,1712177747.177336,106675677.05878748,171.0,-7.18801587399721e-07,173.0,ASK
709,1712177758.2876232,106679954.86008744,171.2,2.214095078281728e-07,173.0,BID
710,1712177760.1707485,106679954.86008744,171.2,0.0,173.0,BID
711,1712177761.667626,106680257.41600227,171.2,1.5651778272508686e-08,173.0,BID
712,1712177761.672537,106680507.64208746,171.2,1.294465918884106e-08,173.0,BID
713,1712177768.757545,106680569.54208748,171.2,3.2022017341577713e-09,173.0,BID
714,1712177771.1077754,106680657.41600227,171.2,4.5458804912139355e-09,173.0,BID
715,1712177772.0974877,106682457.46908748,171.3,9.312008255861772e-08,173.0,BID
716,1712177773.1573906,106685330.40354024,171.3,1.4862222432876277e-07,173.0,BID
717,1712177776.4330485,106688659.5781888,171.3,1.7222437531238573e-07,173.0,BID
718,1712177776.6513426,106692031.2024502,171.3,1.7442037246805862e-07,173.0,BID
719,1712177787.91276,106697711.72471096,171.3,2.938639455987219e-07,173.0,BID
720,1712177790.166262,106697711.72471096,171.3,0.0,173.0,BID
721,1712177820.1926963,106697711.72471096,171.3,0.0,173.0,BID
722,1712177832.334251,106701586.8618972,171.3,2.0043649030995414e-07,173.0,BID
723,1712177835.3700535,106703196.10755232,171.3,8.323616317659124e-08,173.0,BID
724,1712177843.608083,106703535.49400882,171.3,1.7554328254296802e-08,173.0,BID
725,1712177850.193095,106703535.49400882,171.3,0.0,173.0,BID
726,1712177859.6381514,106704537.49400882,171.0,-5.1824487993473444e-08,173.0,ASK
727,1712177880.2516356,106704537.49400882,171.0,-0.0,173.0,ASK
728,1712177908.2880278,106705089.50300884,171.3,2.8550229815529424e-08,173.0,BID
729,1712177910.181083,106705642.33700883,171.3,2.8592899300416e-08,173.0,BID
730,1712177910.2549791,106705642.33700883,171.3,0.0,173.0,BID
731,1712177916.2991798,106717569.86799246,171.3,6.168928720186731e-07,173.0,BID
732,1712177918.6481209,106718391.76714246,171.3,4.250869084713381e-08,173.0,BID
733,1712177918.918369,106720255.16714248,171.3,9.637519946929828e-08,173.0,BID
734,1712177920.6098268,106721187.56714246,171.3,4.8223803790933044e-08,173.0,BID
735,1712177927.8851206,106727959.87734286,171.3,3.502644340615039e-07,173.0,BID
736,1712177927.8911738,106732207.96714246,171.3,2.19711549746928e-07,173.0,BID
737,1712177931.0482888,106733198.310615,171.3,5.12206449004267e-08,173.0,BID
738,1712177931.0579302,106734650.65214248,171.3,7.511522185665156e-08,173.0,BID
739,1712177934.4280796,106736865.13965084,171.3,1.1453347394058566e-07,173.0,BID
740,1712177934.4343224,106738103.14940636,171.3,6.402996518966709e-08,173.0,BID
741,1712177934.5342095,106741932.56087562,171.3,1.9805747246854962e-07,173.0,BID
742,1712177935.248,106747851.423186,171.4,3.061240398155709e-07,173.0,BID
743,1712177940.1667013,106747851.423186,171.4,0.0,173.0,BID
744,1712177948.7955165,106748206.36322284,171.4,1.8350664622206764e-08,173.0,BID
745,1712177948.8018453,106749247.50091246,171.4,5.3827595044552064e-08,173.0,BID
746,1712177961.207935,106760831.07150754,171.4,5.988792389118775e-07,173.0,BID
747,1712177970.180267,106760831.07150754,171.4,0.0,173.0,BID
748,1712178000.2085414,106760831.07150754,171.4,0.0,173.0,BID
749,1712178007.0791984,106761234.49362168,171.4,2.0869304390984185e-08,173.0,BID
750,1712178007.0858245,106778523.02483076,171.4,8.943476513097842e-07,173.0,BID
751,1712178014.818463,106778615.852175,171.1,-4.8020225824807004e-09,173.0,ASK
752,1712178014.8245254,106784441.88714115,171.1,-3.013848096993454e-07,173.0,ASK
753,1712178026.2169104,106784907.18714117,171.4,2.4070290131598053e-08,173.0,BID
754,1712178030.1784444,106784907.18714117,171.4,0.0,173.0,BID
755,1712178060.2531593,106784907.18714117,171.4,0.0,173.0,BID
756,1712178069.1088374,106787597.53842416,171.4,1.39144037755282e-07,173.0,BID
757,1712178069.1164222,106814078.71572924,171.4,1.3695973302921589e-06,173.0,BID
758,1712178081.5782142,106816082.4599167,171.3,1.0363295627364457e-07,173.0,BID
759,1712178086.908499,106817173.22983368,171.3,5.6414242805352966e-08,173.0,BID
760,1712178090.2583466,106817173.22983368,171.3,0.0,173.0,BID
761,1712178098.01869,106818006.42117314,171.3,4.308004636167834e-08,173.0,BID
762,1712178117.068529,106819748.58976212,171.4,9.007859302946576e-08,173.0,BID
763,1712178120.182323,106819748.58976212,171.4,0.0,173.0,BID
764,1712178127.558887,106820332.02033389,171.4,3.0165511045725644e-08,173.0,BID
765,1712178140.6588812,106820893.25163388,171.3,-2.9017726870293826e-08,173.0,ASK
766,1712178149.9388578,106823583.60291688,171.2,-1.391010777832799e-07,173.0,ASK
767,1712178149.9487638,106829424.7244122,171.2,-3.0200751128551253e-07,173.0,ASK
768,1712178149.951856,106832212.29592392,171.1,-1.4412772195509966e-07,173.0,ASK
769,1712178149.9546793,106834568.46173388,171.3,-1.218224570421525e-07,173.0,ASK
770,1712178150.1790402,106834568.46173388,171.3,-0.0,173.0,ASK
771,1712178165.2397969,106837491.39149988,171.5,1.511064193743279e-07,173.0,BID
772,1712178165.2469196,106842627.60523236,171.4,2.655263480103195e-07,173.0,BID
773,1712178165.2502887,106843377.60523236,171.5,3.8772677964774754e-08,173.0,BID
774,1712178165.253255,106850516.94154967,171.5,3.690815838846699e-07,173.0,BID
775,1712178165.2562275,106850616.94154967,171.4,5.1696903953033e-09,173.0,BID
776,1712178165.259203,106852055.4857652,171.5,7.436828214245372e-08,173.0,BID
777,1712178180.258095,106852055.4857652,171.5,0.0,173.0,BID
778,1712178185.8486834,106854969.4806628,171.5,1.5062116606860996e-07,173.0,BID
779,1712178210.2536802,106854969.4806628,171.5,0.0,173.0,BID
780,1712178240.181503,106854969.4806628,171.5,0.0,173.0,BID
781,1712178259.7667007,106855089.93938386,171.5,6.2262169299735664e-09,173.0,BID
782,1712178270.1675937,106855089.93938386,171.5,0.0,173.0,BID
783,1712178274.4363778,106857816.02240647,171.4,1.4090441931574377e-07,173.0,BID
784,1712178290.125772,106860525.69568536,171.4,1.4005624066678925e-07,173.0,BID
785,1712178291.3295765,106863216.04696836,171.4,1.390575349834381e-07,173.0,BID
786,1712178291.332808,106869045.44397923,171.4,3.013069645941864e-07,173.0,BID
787,1712178293.1662464,106869099.30269748,171.4,2.783822560278681e-09,173.0,BID
788,1712178300.2481377,106869099.30269748,171.4,0.0,173.0,BID
789,1712178301.2288587,106876789.00269748,171.4,3.980035183161124e-07,173.0,BID
790,1712178307.2468796,106876852.96138324,171.4,3.3103738712362207e-09,173.0,BID
791,1712178320.6373117,106878622.3324911,171.4,9.15791157178358e-08,173.0,BID
792,1712178320.6523354,106885076.7941532,171.4,3.3407004829274305e-07,173.0,BID
793,1712178322.3338368,106888852.96138324,171.4,-1.954468761199201e-07,173.0,ASK
794,1712178330.25019,106888852.96138324,171.4,-0.0,173.0,ASK
795,1712178333.4593484,106891993.6184264,171.4,1.6252565657488105e-07,173.0,BID
796,1712178333.4632096,106894721.64314504,171.4,1.4117237331311546e-07,173.0,BID
797,1712178360.164071,106894721.64314504,171.4,0.0,173.0,BID
798,1712178390.18351,106894721.64314504,171.4,0.0,173.0,BID
799,1712178395.9034638,106896749.07554989,171.4,1.049120062686997e-07,173.0,BID
800,1712178395.913919,106899386.75399683,171.4,1.364899451639691e-07,173.0,BID
801,1712178420.20109,106899386.75399683,171.4,0.0,173.0,BID
802,1712178439.5876458,106900855.70392628,171.4,7.600949239104299e-08,173.0,BID
803,1712178450.1796412,106900855.70392628,171.4,0.0,173.0,BID
804,1712178451.7424817,106903772.85678507,171.4,1.509434834336282e-07,173.0,BID
805,1712178451.7466671,106904434.30798665,171.4,3.422575138146001e-08,173.0,BID
806,1712178476.3719716,106905599.90565428,171.5,6.031201680167176e-08,173.0,BID
807,1712178479.331788,106906193.17524529,171.2,-3.0697801252130964e-08,173.0,ASK
808,1712178480.2525084,106906193.17524529,171.2,-0.0,173.0,ASK
809,1712178508.161137,106911381.9235785,171.2,-2.6847090744038056e-07,173.0,ASK
810,1712178508.171161,106911482.35631996,171.2,-5.196488152000694e-09,173.0,ASK
811,1712178510.2411687,106911482.35631996,171.2,-0.0,173.0,ASK
812,1712178524.971113,106937601.45252988,171.5,1.3513642386672646e-06,173.0,BID
813,1712178540.1665134,106937601.45252988,171.5,0.0,173.0,BID
814,1712178566.3371933,106939101.45252988,171.2,-7.758984707571116e-08,173.0,ASK
815,1712178570.1704066,106939101.45252988,171.2,-0.0,173.0,ASK
816,1712178574.66003,106939568.23595075,171.3,2.4144782104453984e-08,173.0,BID
817,1712178576.642986,106940773.37282856,171.2,-6.233676265977324e-08,173.0,ASK
818,1712178578.6004224,106943091.291012,171.2,-1.19896352296027e-07,173.0,ASK
819,1712178578.6074133,106948091.291012,171.2,-2.586293881127918e-07,173.0,ASK
820,1712178581.8601685,106959753.09859218,171.3,6.032172317498529e-07,173.0,BID
821,1712178583.326687,106964199.96860231,171.2,-2.300182539478002e-07,173.0,ASK
822,1712178583.8556814,106965388.68715817,171.2,-6.148751054770475e-08,173.0,ASK
823,1712178600.183012,106965388.68715817,171.2,-0.0,173.0,ASK
824,1712178602.0447068,106966388.68715817,171.2,-5.1737920826463054e-08,173.0,ASK
825,1712178604.2498977,106972112.98622358,171.3,2.9616333183323535e-07,173.0,BID
826,1712178609.8800058,106972172.35904768,171.3,-3.071826471894957e-09,173.0,ASK
827,1712178609.8871765,106973300.44269966,171.3,-5.8364702672270295e-08,173.0,ASK
828,1712178609.8921075,106974428.52627558,171.3,5.8364698736544543e-08,173.0,BID
829,1712178611.2393315,106975000.77345458,171.3,-2.9606879240350035e-08,173.0,ASK
830,1712178611.3595164,106975072.78976984,171.3,-3.7259744174712604e-09,173.0,ASK
831,1712178611.3649087,106976441.09974284,171.3,-7.079351304843939e-08,173.0,ASK
832,1712178630.1723845,106976441.09974284,171.3,-0.0,173.0,ASK
833,1712178640.3885417,106981487.7541675,171.2,-2.610778347209972e-07,173.0,ASK
834,1712178640.3932428,106987328.87566282,171.2,-3.021778834086306e-07,173.0,ASK
1035,1712178640.3969493,106987728.87566282,171.1,-2.069314145584325e-08,173.0,ASK
835,1712178640.3969493,106987728.87566282,171.1,-2.0693141455843252e-08,173.0,ASK
836,1712178640.4007273,107003656.66966332,171.2,-8.23990235830026e-07,173.0,ASK
837,1712178640.404527,107008693.99840435,171.1,-2.6059539049501066e-07,173.0,ASK
838,1712178640.408317,107011384.34968735,171.2,-1.3917954916251506e-07,173.0,ASK
839,1712178640.4121213,107030741.94354282,171.2,-1.001423569739258e-06,173.0,ASK
840,1712178649.3193731,107030858.57131413,171.4,6.033487423134771e-09,173.0,BID
841,1712178660.178291,107030858.57131413,171.4,0.0,173.0,BID
842,1712178660.7994463,107030916.98252907,171.4,3.020323248304024e-09,173.0,BID
843,1712178684.498512,107031029.36902918,171.2,-5.811273731720383e-09,173.0,ASK
844,1712178690.057853,107033607.33381207,171.2,-1.333012328891693e-07,173.0,ASK
845,1712178690.0634885,107085759.80928384,171.1,-2.696696760459657e-06,173.0,ASK
846,1712178690.1631324,107085759.80928384,171.1,-0.0,173.0,ASK
847,1712178704.1222074,107087286.34573784,171.1,-7.889572354072227e-08,173.0,ASK
848,1712178704.1325848,107089475.8124426,171.1,-1.131578347757806e-07,173.0,ASK
849,1712178706.1372116,107089534.15549976,171.4,3.015334286323482e-09,173.0,BID
850,1712178706.1432168,107092887.20986028,171.4,1.732953373979923e-07,173.0,BID
851,1712178720.2380838,107092887.20986028,171.4,0.0,173.0,BID
852,1712178738.8859413,107094178.22977084,171.4,6.671935348447443e-08,173.0,BID
853,1712178738.8893728,107101609.01266074,171.4,3.8401966246701e-07,173.0,BID
854,1712178750.258331,107101609.01266074,171.4,0.0,173.0,BID
855,1712178780.170825,107101609.01266074,171.4,0.0,173.0,BID
856,1712178780.5676444,107101737.85535765,171.4,6.658020760961407e-09,173.0,BID
857,1712178780.5711057,107103137.18673006,171.4,7.231125670248314e-08,173.0,BID
858,1712178781.967673,107103710.00674044,171.2,-2.960080480654916e-08,173.0,ASK
859,1712178784.4982374,107104819.76964398,171.2,-5.7347638863984123e-08,173.0,ASK
860,1712178784.6414747,107107525.78613997,171.2,1.398349649971983e-07,173.0,BID
861,1712178784.6636186,107107525.78614044,171.2,2.4640835495852338e-17,173.0,BID
862,1712178797.947187,107113350.59414044,171.4,3.010003168875167e-07,173.0,BID
863,1712178799.6719031,107115072.28021212,171.4,8.89691219282825e-08,173.0,BID
864,1712178810.166732,107115072.28021212,171.4,0.0,173.0,BID
865,1712178814.0066645,107120854.29813635,171.4,2.987535031723854e-07,173.0,BID
866,1712178814.0132272,107132625.08021212,171.4,6.081894636623885e-07,173.0,BID
867,1712178820.5667684,107137099.68021213,171.4,2.311999794559365e-07,173.0,BID
868,1712178827.2490246,107145820.61044468,171.5,4.506053927962236e-07,173.0,BID
869,1712178827.2562375,107154653.78021212,171.5,4.564047442822825e-07,173.0,BID
870,1712178829.006997,107155677.36649252,171.3,-5.288810776414657e-08,173.0,ASK
871,1712178834.2069442,107162741.26649252,171.5,3.649876044523183e-07,173.0,BID
872,1712178835.222253,107164592.56649251,171.5,9.565559423560909e-08,173.0,BID
873,1712178840.2511566,107164592.56649251,171.5,0.0,173.0,BID
874,1712178854.3174784,107164767.8001374,171.2,-9.05025025525492e-09,173.0,ASK
875,1712178854.3250654,107168014.93969253,171.2,-1.677042420225849e-07,173.0,ASK
876,1712178854.7209346,107168636.13565108,171.2,-3.2082759489646344e-08,173.0,ASK
877,1712178854.7245457,107168811.36929592,171.2,-9.050250254485322e-09,173.0,ASK
878,1712178854.766558,107171796.46929592,171.2,1.5417074762631468e-07,173.0,BID
879,1712178870.2482293,107171796.46929592,171.2,0.0,173.0,BID
880,1712178871.8967547,107171961.24529593,171.2,8.509604734560934e-09,173.0,BID
881,1712178873.1879573,107171987.54241627,171.5,1.358074597948795e-09,173.0,BID
882,1712178873.1996837,107172019.57255147,171.4,1.6541473888983403e-09,173.0,BID
883,1712178873.20473,107172019.57301109,171.2,2.373515971779032e-14,173.0,BID
884,1712178900.200954,107172019.57301109,171.2,0.0,173.0,BID
885,1712178916.5882192,107176076.96283343,171.2,-2.0990673630764729e-07,173.0,ASK
886,1712178918.466277,107186691.4405235,171.2,-5.491339178849768e-07,173.0,ASK
887,1712178930.1673243,107186691.4405235,171.2,-0.0,173.0,ASK
888,1712178960.2302654,107186691.4405235,171.2,-0.0,173.0,ASK
889,1712178966.5854635,107188439.83702496,171.5,9.044053808001273e-08,173.0,BID
890,1712178973.0158954,107188498.11690834,171.5,3.0146846028212517e-09,173.0,BID
891,1712178990.2305086,107188498.11690834,171.5,0.0,173.0,BID
892,1712179011.0450747,107189080.96434107,171.4,3.0148876724534454e-08,173.0,BID
893,1712179020.1552138,107189080.96434107,171.4,0.0,173.0,BID
894,1712179045.2667336,107191786.98083708,171.2,-1.399730557046802e-07,173.0,ASK
895,1712179046.3648443,107193535.37777564,171.3,9.04386438274538e-08,173.0,BID
896,1712179050.1707346,107193535.37777564,171.3,0.0,173.0,BID
897,1712179055.394797,107203535.37777564,171.2,-5.172456761393693e-07,173.0,ASK
898,1712179055.7646518,107204503.39327563,171.2,-5.0070183180786834e-08,173.0,ASK
899,1712179080.244701,107204503.39327563,171.2,-0.0,173.0,ASK
900,1712179083.998561,107208202.50473922,171.3,1.9131635950902722e-07,173.0,BID
901,1712179084.0028002,107240494.68204305,171.3,1.6701366972018631e-06,173.0,BID
902,1712179084.0070736,107251947.87604351,171.3,5.923539754053237e-07,173.0,BID
903,1712179084.054604,107273039.09594353,171.3,-1.0908282836533218e-06,173.0,ASK
904,1712179084.2607553,107274465.20609345,171.3,-7.375776719003404e-08,173.0,ASK
905,1712179085.544381,107275276.21609344,171.3,-4.1945067688173553e-08,173.0,ASK
906,1712179087.0645118,107277792.79639344,171.3,-1.301563865126989e-07,173.0,ASK
907,1712179095.8515964,107277792.79644328,171.3,-2.5771581591344297e-15,173.0,ASK
908,1712179097.1845808,107277792.79646756,171.2,-1.2562104663244977e-15,173.0,ASK
909,1712179097.193565,107286517.07334328,171.2,-4.512156250601081e-07,173.0,ASK
910,1712179108.3445444,107286517.07334782,171.2,-2.3428710537585725e-16,173.0,ASK
911,1712179108.3515491,107290557.07334328,171.1,-2.089469590622694e-07,173.0,ASK
912,1712179108.9844604,107298117.07334328,171.0,-3.909997555153384e-07,173.0,ASK
913,1712179108.9913423,107302935.50795282,171.1,-2.4920724263145453e-07,173.0,ASK
914,1712179108.9971144,107308206.6326244,171.0,-2.7262016638598226e-07,173.0,ASK
915,1712179109.1642268,107309622.98544744,171.0,7.325312268988781e-08,173.0,BID
916,1712179110.235584,107309622.98544744,171.0,0.0,173.0,BID
917,1712179140.1671662,107309622.98544744,171.0,0.0,173.0,BID
918,1712179143.0642784,107309745.2240166,171.0,6.316242961757943e-09,173.0,BID
919,1712179161.813617,107312745.2240166,171.0,-1.550143217359204e-07,173.0,ASK
920,1712179170.1669245,107312745.2240166,171.0,-0.0,173.0,ASK
921,1712179170.1986787,107313405.74489884,171.0,-3.4129123979959505e-08,173.0,ASK
922,1712179187.55476,107315295.50006732,171.0,-9.764367814886525e-08,173.0,ASK
923,1712179187.6747007,107316139.62136734,171.0,4.361576034378092e-08,173.0,BID
924,1712179187.6824944,107321901.98383932,171.0,2.9774135611684614e-07,173.0,BID
925,1712179187.7339125,107340521.98383932,171.0,9.62095681734103e-07,173.0,BID
926,1712179187.74041,107343581.85752356,171.0,1.581037195613711e-07,173.0,BID
927,1712179187.813456,107346501.95054936,171.0,1.508812508271653e-07,173.0,BID
928,1712179188.0435257,107346938.75854936,171.0,2.2569875969135572e-08,173.0,BID
1128,1712179188.0435257,107346938.75854936,171.0,2.256987596913557e-08,173.0,BID
929,1712179188.5848136,107351713.97556984,171.0,2.467355357007924e-07,173.0,BID
930,1712179188.6846569,107354448.88959192,171.0,1.4131304890175213e-07,173.0,BID
931,1712179188.6950264,107355815.96815106,171.0,7.063696983592926e-08,173.0,BID
932,1712179188.7009842,107358825.51059663,171.0,1.555031036991735e-07,173.0,BID
933,1712179188.7045808,107360207.4015037,171.0,7.140232407701258e-08,173.0,BID
934,1712179188.743709,107362457.78882594,171.0,1.162775469904961e-07,173.0,BID
935,1712179188.7837708,107363490.83483894,171.0,5.3377503122322735e-08,173.0,BID
936,1712179189.5240324,107366994.40809038,171.0,1.810296829135668e-07,173.0,BID
937,1712179189.543566,107367766.75068589,171.0,3.9906953594959896e-08,173.0,BID
938,1712179189.5836756,107371241.67380972,171.0,1.7954933038750965e-07,173.0,BID
939,1712179189.663629,107390136.81952472,171.0,9.763124649912166e-07,173.0,BID
940,1712179189.743617,107393611.74264772,171.0,1.7954933034362286e-07,173.0,BID
941,1712179189.9041104,107394492.01159476,171.2,4.548350981240983e-08,173.0,BID
942,1712179189.9087937,107394492.0115953,171.0,2.7717956076653404e-17,173.0,BID
943,1712179200.1963768,107394492.0115953,171.0,0.0,173.0,BID
944,1712179207.283708,107395547.88905412,171.0,5.457256106024303e-08,173.0,BID
945,1712179207.7036395,107396477.06121792,171.0,4.802385373326033e-08,173.0,BID
946,1712179209.8737044,107398815.07349832,171.0,1.2083913418520764e-07,173.0,BID
947,1712179210.0216668,107405012.30417928,171.0,3.20301136186298e-07,173.0,BID
948,1712179210.8739092,107406218.80161,171.0,6.235728791907256e-08,173.0,BID
949,1712179221.4936085,107406890.486635,171.1,-3.4715744458328544e-08,173.0,ASK
950,1712179226.573539,107406890.4866354,171.1,-2.002415865599593e-17,173.0,ASK
951,1712179226.6560676,107414075.11941446,171.0,3.713345784095964e-07,173.0,BID
952,1712179226.6935878,107421202.85467644,171.0,3.683938553170473e-07,173.0,BID
953,1712179226.6998208,107422445.18182284,171.0,6.420913098074104e-08,173.0,BID
954,1712179226.7131898,107423530.87408943,171.0,5.611352625770544e-08,173.0,BID
955,1712179226.7335496,107430707.45333833,171.0,3.709183352516724e-07,173.0,BID
956,1712179226.795966,107436219.0603139,171.0,2.848649771778024e-07,173.0,BID
957,1712179226.9336636,107437598.39462736,171.2,7.129028602128463e-08,173.0,BID
958,1712179227.640466,107438006.54562736,171.2,2.109510453360697e-08,173.0,BID
1158,1712179227.640466,107438006.54562736,171.2,2.1095104533606972e-08,173.0,BID
959,1712179230.025767,107439710.54562736,171.2,8.807048892658652e-08,173.0,BID
960,1712179230.1753898,107439710.54562736,171.2,0.0,173.0,BID
961,1712179237.2558377,107441414.54562736,171.2,8.80353026543637e-08,173.0,BID
962,1712179237.6234746,107446069.69992074,171.2,2.40503472488958e-07,173.0,BID
963,1712179260.2377844,107446069.69992074,171.2,0.0,173.0,BID
964,1712179289.473016,107448971.6151848,171.0,-1.4991585691195472e-07,173.0,ASK
965,1712179290.2453208,107448971.6151848,171.0,-0.0,173.0,ASK
966,1712179296.4333794,107450419.9935916,171.0,-7.48227649615673e-08,173.0,ASK
967,1712179304.6830292,107450692.39387004,171.0,-1.4072111206135074e-08,173.0,ASK
968,1712179307.693363,107451898.22954804,171.1,6.229308521577057e-08,173.0,BID
969,1712179320.1568203,107451898.22954804,171.1,0.0,173.0,BID
970,1712179350.1690035,107451898.22954804,171.1,0.0,173.0,BID
971,1712179380.1804883,107451898.22954804,171.1,0.0,173.0,BID
972,1712179391.8027515,107453358.5099212,171.2,7.543566601752505e-08,173.0,BID
973,1712179391.8092892,107453358.50992186,171.1,3.3869849755403555e-17,173.0,BID
974,1712179393.4926813,107453730.35620186,171.0,-1.9208963088745248e-08,173.0,ASK
975,1712179399.0730877,107454696.35620186,171.1,4.990196041236349e-08,173.0,BID
976,1712179410.1759684,107454696.35620186,171.1,0.0,173.0,BID
977,1712179418.4125483,107454795.35620186,171.0,-5.1140495580788815e-09,173.0,ASK
978,1712179428.7124372,107455087.26624858,171.2,1.507921662081076e-08,173.0,BID
979,1712179429.052785,107455672.06157024,171.0,-3.0208810668856405e-08,173.0,ASK
980,1712179430.4324348,107465921.5200198,171.0,-5.294569540874689e-07,173.0,ASK
981,1712179430.4423082,107544703.75789256,171.0,-4.069659280581051e-06,173.0,ASK
982,1712179431.2423573,107546438.93909892,171.2,8.963437052172417e-08,173.0,BID
983,1712179431.250567,107546456.59058836,171.2,9.118241583495775e-10,173.0,BID
984,1712179434.012421,107546748.50063507,171.2,1.507921662081076e-08,173.0,BID
985,1712179440.2274733,107546748.50063507,171.2,0.0,173.0,BID
986,1712179442.8024976,107546779.1314762,171.2,1.581013781643076e-09,173.0,BID
987,1712179456.552219,107551159.97259767,171.2,2.2611753170181085e-07,173.0,BID
988,1712179468.0720997,107551774.74698618,171.2,3.1731638611841795e-08,173.0,BID
989,1712179470.277155,107551774.74698618,171.2,0.0,173.0,BID
990,1712179500.162356,107551774.74698618,171.2,0.0,173.0,BID
991,1712179502.8309166,107552066.97375415,171.1,-1.509980811435951e-08,173.0,ASK
992,1712179502.8371775,107552109.03922054,171.1,-2.1735875707883936e-09,173.0,ASK
993,1712179502.8416111,107570727.18450406,171.0,-9.620283014362746e-07,173.0,ASK
994,1712179502.846227,107576509.2024283,171.0,-2.9876578992262904e-07,173.0,ASK
995,1712179502.9418733,107578676.63244347,171.0,1.119944540248015e-07,173.0,BID
996,1712179503.050558,107580296.05552755,171.0,8.36780901198423e-08,173.0,BID
997,1712179508.4724138,107583471.07552756,171.0,1.6405818362185784e-07,173.0,BID
998,1712179510.0719054,107600697.74612448,171.0,8.90128656823481e-07,173.0,BID
999,1712179510.3319995,107605472.75286847,171.0,-2.4673196805165125e-07,173.0,ASK
1000,1712179530.1652353,107605472.75286847,171.0,-0.0,173.0,ASK
1201,1712179542.4219654,107608740.62798996,171.0,-1.687760721463972e-07,173.0,ASK
1202,1712179543.6549168,107608886.71256208,171.0,-7.544835518487715e-09,173.0,ASK
1203,1712179554.7128048,107609062.25381428,170.9,-9.066185806245662e-09,173.0,ASK
1204,1712179554.7154896,107612852.2242564,171.0,-1.9574074926344945e-07,173.0,ASK
1205,1712179554.7180517,107623555.7406883,170.9,-5.528049250313458e-07,173.0,ASK
1206,1712179560.2350051,107623555.7406883,170.9,-0.0,173.0,ASK
1207,1712179560.267135,107623897.3365763,171.0,1.7639599875255866e-08,173.0,BID
1208,1712179590.2436247,107623897.3365763,171.0,0.0,173.0,BID
1209,1712179620.161557,107623897.3365763,171.0,0.0,173.0,BID
1210,1712179624.571962,107624042.25533985,170.9,-7.483407682658125e-09,173.0,ASK
1211,1712179624.5747433,107629999.7616523,170.8,-3.076375164720259e-07,173.0,ASK
1212,1712179650.171285,107629999.7616523,170.8,-0.0,173.0,ASK
1213,1712179669.9011288,107631081.00069363,171.1,5.5830707286542784e-08,173.0,BID
1214,1712179669.910997,107631081.00069378,171.0,7.694342666550028e-18,173.0,BID
1215,1712179680.2343931,107631081.00069378,171.0,0.0,173.0,BID
1216,1712179710.2310476,107631081.00069378,171.0,0.0,173.0,BID
1217,1712179725.1309547,107631168.67905636,171.0,4.527304368669603e-09,173.0,BID
1218,1712179732.8007069,107631647.6324943,171.0,2.4730936210619174e-08,173.0,BID
1219,1712179738.8052013,107632498.40944836,171.1,4.3930179666505766e-08,173.0,BID
1220,1712179738.8110583,107633907.02252512,171.1,7.273425219859633e-08,173.0,BID
1221,1712179740.162668,107633907.02252512,171.1,0.0,173.0,BID
1222,1712179741.973608,107635127.37834042,171.1,6.301194648654718e-08,173.0,BID
1223,1712179756.620753,107635711.83187637,171.1,3.0177719046266085e-08,173.0,BID
1224,1712179770.148741,107635711.83187637,171.1,0.0,173.0,BID
1225,1712179771.1510508,107653255.69152547,171.1,9.05846561556326e-07,173.0,BID
1226,1712179776.164158,107656177.9592052,171.1,1.5088618938772532e-07,173.0,BID
1227,1712179800.2774277,107656177.9592052,171.1,0.0,173.0,BID
1228,1712179807.1807284,107666114.13687909,171.1,5.144563351462041e-07,173.0,BID
1229,1712179823.7308514,107666143.3824931,171.0,-1.514223265997366e-09,173.0,ASK
1230,1712179823.7344208,107666406.36364704,170.9,-1.3616133397995656e-08,173.0,ASK
1231,1712179830.162936,107666406.36364704,170.9,-0.0,173.0,ASK
1232,1712179834.9988348,107667397.36364704,171.1,5.1305447023419073e-08,173.0,BID
1233,1712179839.3910744,107667514.90606952,171.0,-6.085334540075615e-09,173.0,ASK
1234,1712179852.6306355,107667544.15168414,171.0,-1.514086106412067e-09,173.0,ASK
1235,1712179860.2459023,107667544.15168414,171.0,-0.0,173.0,ASK
1236,1712179882.3401833,107667865.6011289,171.1,1.6641716706229274e-08,173.0,BID
1237,1712179888.4402227,107669581.62583783,171.1,8.884008832931199e-08,173.0,BID
1238,1712179890.2253208,107669581.62583783,171.1,0.0,173.0,BID
1239,1712179891.4756358,107670324.23762508,171.1,-3.8444962804087926e-08,173.0,ASK
1240,1712179911.6804578,107674988.42973782,171.2,2.414649152700248e-07,173.0,BID
1241,1712179911.6833937,107679536.63493107,171.2,2.354602801677177e-07,173.0,BID
1242,1712179917.5201058,107679945.30899651,171.2,2.1157029169429282e-08,173.0,BID
1243,1712179920.1431582,107679945.30899651,171.2,0.0,173.0,BID
1244,1712179920.2106853,107687225.30899651,170.9,-3.768505019369756e-07,173.0,ASK
1245,1712179920.2145853,107689915.66027953,170.9,-1.392665153001276e-07,173.0,ASK
1246,1712179920.2158957,107691083.98318994,171.1,-6.047844439825245e-08,173.0,ASK
1247,1712179920.218053,107694007.95979813,171.0,-1.5136017203945486e-07,173.0,ASK
1248,1712179920.2203245,107694358.45667124,171.1,-1.8143533318550096e-08,173.0,ASK
1249,1712179920.2225735,107696804.63243504,170.9,-1.2662672588186664e-07,173.0,ASK
1250,1712179920.332796,107707388.91011406,170.9,5.4789702691974e-07,173.0,BID
1251,1712179920.3525455,107707388.91011491,170.9,4.396759262289568e-17,173.0,BID
1252,1712179920.7170436,107710146.12798724,171.2,1.427278762546699e-07,173.0,BID
1253,1712179920.719386,107735442.67984022,171.2,1.3094805306418386e-06,173.0,BID
1254,1712179924.1400335,107735582.43490334,171.2,7.234445835673865e-09,173.0,BID
1255,1712179924.1424108,107739542.11376812,171.2,2.049734845742417e-07,173.0,BID
1256,1712179933.3762977,107740126.22591764,170.9,-3.0236669881917184e-08,173.0,ASK
1257,1712179950.167115,107740126.22591764,170.9,-0.0,173.0,ASK
1258,1712179961.3899512,107798560.37350412,171.2,3.0232429206378217e-06,173.0,BID
1259,1712179961.3924136,107798595.85208587,171.2,1.835576893209153e-09,173.0,BID
1260,1712179966.551767,107799637.07450998,171.2,5.38703558193524e-08,173.0,BID
1261,1712179967.8147757,107805463.81450996,171.2,3.014615799659039e-07,173.0,BID
1262,1712179972.6498528,107805651.05850998,171.2,9.68755634883558e-09,173.0,BID
1263,1712179980.195133,107805651.05850998,171.2,0.0,173.0,BID
1264,1712179983.4505029,107806309.1554416,170.9,-3.402861025012636e-08,173.0,ASK
1265,1712179983.4536192,107806894.29294892,170.9,-3.025605381457709e-08,173.0,ASK
1266,1712179983.5303943,107811492.18000492,170.9,2.377456862076005e-07,173.0,BID
1267,1712179983.550414,107811492.18000533,170.9,2.0033083784865364e-17,173.0,BID
1268,1712179983.5762298,107812024.4800053,171.2,2.752395333388869e-08,173.0,BID
1269,1712179995.6897156,107815858.1800053,171.2,1.9823141067021562e-07,173.0,BID
1270,1712180010.172061,107815858.1800053,171.2,0.0,173.0,BID
1271,1712180019.849762,107833381.54449128,171.2,9.060092687663172e-07,173.0,BID
1272,1712180020.1795175,107835716.8248651,171.2,1.207408352173402e-07,173.0,BID
1273,1712180040.2600193,107835716.8248651,171.2,0.0,173.0,BID
1274,1712180043.179196,107894128.03981838,171.2,3.019500129309556e-06,173.0,BID
1275,1712180046.6496394,107895281.01353936,171.1,-5.9601641609880254e-08,173.0,ASK
1276,1712180046.6529305,107896988.72084282,171.1,-8.827795189183429e-08,173.0,ASK
1277,1712180053.9498596,107905746.0280858,171.2,4.52698858836671e-07,173.0,BID
1278,1712180054.9894176,107910762.1963101,171.2,2.5930500870421176e-07,173.0,BID
1279,1712180065.5208287,107951650.04677738,171.2,2.1136500905160724e-06,173.0,BID
1280,1712180066.7194457,107952766.76645492,171.2,5.772753080765316e-08,173.0,BID
1281,1712180068.1995358,107952941.91252674,171.2,9.053973401101016e-09,173.0,BID
1282,1712180070.2412305,107952941.91252674,171.2,0.0,173.0,BID
1283,1712180091.1002858,107953572.4051821,171.1,-3.255881050010151e-08,173.0,ASK
1284,1712180091.10207,107954387.66252674,171.1,-4.2100108808419046e-08,173.0,ASK
1285,1712180100.145141,107954387.66252674,171.1,-0.0,173.0,ASK
1286,1712180105.0900426,107954913.62672256,171.1,-2.7170088055243144e-08,173.0,ASK
1287,1712180105.0933423,107955033.39112674,171.1,-6.1867507955268515e-09,173.0,ASK
1288,1712180111.029391,107956070.4381114,171.1,-5.357143720852206e-08,173.0,ASK
1289,1712180111.0320196,107956479.14112674,171.1,-2.111264797656369e-08,173.0,ASK
1290,1712180114.0487206,107957000.0250538,171.1,-2.6907653176726192e-08,173.0,ASK
1291,1712180114.0504203,107957925.01112674,171.1,-4.7782630929734855e-08,173.0,ASK
1292,1712180114.5391183,107959177.35416745,171.1,-6.469313113043629e-08,173.0,ASK
1293,1712180115.5257144,107960373.44416744,171.1,-6.178722977644566e-08,173.0,ASK
1294,1712180117.0293243,107961630.72966744,171.1,-6.494844709197667e-08,173.0,ASK
1295,1712180118.5091608,107977394.83956742,171.1,-8.143372828210152e-07,173.0,ASK
1296,1712180120.039184,107980364.51096743,171.1,-1.534063232302289e-07,173.0,ASK
1297,1712180130.1514812,107980364.51096743,171.1,-0.0,173.0,ASK
1298,1712180130.4524224,107986202.71774311,171.2,3.015189658092956e-07,173.0,BID
1299,1712180136.2295222,107992631.70663851,171.1,-3.320303917645296e-07,173.0,ASK
1300,1712180136.2390664,107993215.8681614,171.1,-3.0169499815883047e-08,173.0,ASK
1301,1712180137.0194552,107994202.71774311,171.1,5.096665409870624e-08,173.0,BID
1302,1712180137.0222049,108004993.03921838,171.2,5.572749813371616e-07,173.0,BID
1303,1712180143.8790717,108005041.53921838,171.1,2.504822183179658e-09,173.0,BID
1304,1712180143.9807477,108007484.56019436,171.1,1.2617181720903484e-07,173.0,BID
1305,1712180144.079738,108007542.98126692,171.0,-3.0172040921653877e-09,173.0,ASK
1306,1712180144.0814996,108008922.34738384,171.0,-7.123849171887612e-08,173.0,ASK
1307,1712180144.0830643,108008953.21128382,170.9,-1.593991368179082e-09,173.0,ASK
1308,1712180144.0846002,108009070.30730256,170.8,-6.047519696513766e-09,173.0,ASK
1309,1712180144.0861075,108013781.91753438,170.8,-2.433349655090354e-07,173.0,ASK
1310,1712180160.148063,108013781.9175351,171.1,3.693996778241863e-17,173.0,BID
1311,1712180160.150535,108024407.4458917,171.2,5.487641058888295e-07,173.0,BID
1312,1712180160.2083576,108024407.4458917,171.2,0.0,173.0,BID
1313,1712180188.5795226,108024707.4458917,171.2,1.5487716900553407e-08,173.0,BID
1314,1712180190.1629896,108024707.4458917,171.2,0.0,173.0,BID
1315,1712180193.2694142,108024760.01598516,171.2,2.713961886719912e-09,173.0,BID
1316,1712180196.958804,108026151.99304947,171.2,7.18616318076945e-08,173.0,BID
1317,1712180197.0012374,108027191.89660671,171.2,5.368563064668985e-08,173.0,BID
1318,1712180199.208954,108027608.58769771,171.0,-2.151192180255684e-08,173.0,ASK
1319,1712180199.5889246,108027666.58769771,171.0,-2.994283994771563e-09,173.0,ASK
1320,1712180200.1134531,108029136.80772062,171.2,7.590097040289341e-08,173.0,BID
1321,1712180206.0392327,108030400.99234615,171.2,6.526427225309199e-08,173.0,BID
1322,1712180220.2350812,108030400.99234615,171.2,0.0,173.0,BID
1323,1712180220.3893895,108036227.16340315,171.0,-3.0076436226247666e-07,173.0,ASK
1324,1712180237.379033,108038816.4449452,171.2,1.3366645161855658e-07,173.0,BID
1325,1712180247.5079143,108039542.45967476,171.0,-3.7479050132288934e-08,173.0,ASK
1326,1712180250.2406182,108039542.45967476,171.0,-0.0,173.0,ASK
1327,1712180280.1634574,108039542.45967476,171.0,-0.0,173.0,ASK
1328,1712180304.4409428,108039600.93920691,171.0,-3.0186445494570594e-09,173.0,ASK
1329,1712180304.4467108,108056418.78412648,171.0,-8.68117339837834e-07,173.0,ASK
1330,1712180304.5810378,108072049.52996078,171.0,8.068406837058674e-07,173.0,BID
1331,1712180304.5870705,108099388.88549688,171.0,1.411225321341609e-06,173.0,BID
1332,1712180304.588668,108101768.96556276,171.0,1.2285692877172616e-07,173.0,BID
1333,1712180304.5935917,108117902.13215785,171.0,8.327750514222524e-07,173.0,BID
1334,1712180304.5991693,108120355.8752588,171.0,1.2665932785221149e-07,173.0,BID
1335,1712180304.6008034,108121312.5658636,171.2,4.9383241840865773e-08,173.0,BID
1336,1712180304.6606212,108122875.01563685,171.2,8.065181640455537e-08,173.0,BID
1337,1712180305.820747,108125207.01563685,171.1,-1.2037509242025477e-07,173.0,ASK
1338,1712180310.1542287,108125207.01563685,171.1,-0.0,173.0,ASK
1339,1712180328.8235593,108126943.9302606,171.2,8.958974014603415e-08,173.0,BID
1340,1712180332.9315362,108127235.98633537,171.2,1.5064199177527054e-08,173.0,BID
1341,1712180340.234547,108127235.98633537,171.2,0.0,173.0,BID
1342,1712180343.7520435,108128183.76601824,171.2,4.888542766217284e-08,173.0,BID
1343,1712180352.8290956,108129630.00601824,171.1,-7.459545945243366e-08,173.0,ASK
1344,1712180370.245835,108129630.00601824,171.1,-0.0,173.0,ASK
1345,1712180396.9831038,108130156.98687334,171.1,-2.7180515198945045e-08,173.0,ASK
1346,1712180397.6832151,108147690.59295166,171.1,9.043448958061792e-07,173.0,BID
1347,1712180400.181219,108147690.59295166,171.1,0.0,173.0,BID
1348,1712180430.178507,108147690.59295166,171.1,0.0,173.0,BID
1349,1712180436.1742897,108148859.50002354,171.1,6.03491757046782e-08,173.0,BID
1350,1712180460.2377791,108148859.50002354,171.1,0.0,173.0,BID
1351,1712180478.3454616,108149947.81526428,171.1,5.61877424539395e-08,173.0,BID
1352,1712180478.6323133,108152811.61299822,171.1,1.4785268412477869e-07,173.0,BID
1353,1712180486.285238,108153627.57033797,171.1,4.212639788797599e-08,173.0,BID
1354,1712180486.4451954,108154579.99321982,171.1,4.9171866377741737e-08,173.0,BID
1355,1712180486.505148,108155992.8944607,171.1,7.294552907476128e-08,173.0,BID
1356,1712180486.689542,108158219.54741386,171.1,1.1495805441736668e-07,173.0,BID
1357,1712180486.87511,108160008.94535846,171.1,9.238337119279933e-08,173.0,BID
1358,1712180487.3720598,108161992.398439,171.1,1.024020859840562e-07,173.0,BID
1359,1712180487.9957633,108164702.808389,171.1,1.399335509753506e-07,173.0,BID
1360,1712180488.795203,108167375.20167191,171.1,1.3797081938964798e-07,173.0,BID
1361,1712180489.195058,108169193.46100695,171.1,9.387343244663189e-08,173.0,BID
1362,1712180489.4453251,108169778.13068265,171.1,3.0185435183020856e-08,173.0,BID
1363,1712180489.6051412,108173768.4075088,171.1,2.0601075702973466e-07,173.0,BID
1364,1712180489.6449163,108177315.45553055,171.1,1.8312765755705272e-07,173.0,BID
1365,1712180490.2414408,108177315.45553055,171.1,0.0,173.0,BID
1366,1712180492.205893,108178493.263094,171.1,6.079278743770135e-08,173.0,BID
1367,1712180494.5152736,108182582.39328052,171.1,2.110613227043555e-07,173.0,BID
1368,1712180502.926537,108186658.77879162,170.8,-2.104035035772145e-07,173.0,ASK
1369,1712180502.9304826,108202388.61896116,170.9,-8.118990398153612e-07,173.0,ASK
1370,1712180502.9342444,108202564.26298924,170.8,-9.065903799695004e-09,173.0,ASK
1371,1712180502.938014,108234359.69723934,170.8,-1.6411280890289137e-06,173.0,ASK
1372,1712180502.941817,108240204.72794037,171.0,-3.016925005408456e-07,173.0,ASK
1373,1712180502.9437397,108268034.86450572,170.7,-1.4364584071939334e-06,173.0,ASK
1374,1712180502.9454496,108297274.6305876,171.0,-1.5092167339548282e-06,173.0,ASK
1375,1712180502.947183,108297602.56941104,170.9,-1.6926631994791838e-08,173.0,ASK
1376,1712180502.9489093,108349499.0859976,170.8,-2.678649721310909e-06,173.0,ASK
1377,1712180502.9506516,108369410.0859976,170.7,-1.027710492130352e-06,173.0,ASK
1378,1712180503.749541,108372707.21738204,171.1,1.7018213639184625e-07,173.0,BID
1379,1712180507.2455754,108385558.7661839,171.1,6.633354198084569e-07,173.0,BID
1380,1712180510.4154382,108386500.95636871,171.1,4.8631346418245737e-08,173.0,BID
1381,1712180510.5163872,108387236.90304112,171.1,3.7986043737296696e-08,173.0,BID
1382,1712180519.2542858,108387934.2771697,171.1,3.599511370083558e-08,173.0,BID
1383,1712180520.1757493,108387934.2771697,171.1,0.0,173.0,BID
1384,1712180532.8259933,108388788.8207697,171.0,-4.40256779361383e-08,173.0,ASK
1385,1712180538.4394567,108390182.85516392,171.1,7.18199858641637e-08,173.0,BID
1386,1712180541.644701,108390900.2540334,171.1,3.696004695288166e-08,173.0,BID
1387,1712180542.6463864,108391701.32241444,171.1,4.1270660209137137e-08,173.0,BID
1388,1712180544.5262914,108392555.96502677,171.1,4.40307790040768e-08,173.0,BID
1389,1712180544.5499427,108393567.35251944,171.1,5.210620034135176e-08,173.0,BID
1390,1712180550.1809382,108393567.35251944,171.1,0.0,173.0,BID
1391,1712180551.4797192,108396567.00644895,171.1,1.545330643550504e-07,173.0,BID
1392,1712180556.9164157,108408250.23555328,171.1,6.018844965070207e-07,173.0,BID
1393,1712180559.1864855,108419933.46173678,171.1,6.018843460351735e-07,173.0,BID
1394,1712180564.6563218,108420968.1882658,171.1,5.33059696398817e-08,173.0,BID
1395,1712180566.2264132,108421453.48826578,171.1,2.500118276760736e-08,173.0,BID
1396,1712180570.457018,108422401.25595877,171.1,4.8826114389611154e-08,173.0,BID
1397,1712180570.4766505,108423342.14300166,171.1,4.8471644186292024e-08,173.0,BID
1398,1712180573.2868698,108424028.4604471,171.1,3.535699132536621e-08,173.0,BID
1399,1712180575.396739,108425263.51107034,171.1,6.362605884816073e-08,173.0,BID
1400,1712180575.4000044,108426205.11894108,171.1,4.85087790480113e-08,173.0,BID
1401,1712180575.4567096,108427005.1565894,171.1,4.121551095481217e-08,173.0,BID
1402,1712180576.656603,108427858.2769566,171.1,4.3950171488246544e-08,173.0,BID
1403,1712180576.676574,108428710.26168506,171.1,4.389166682841692e-08,173.0,BID
1404,1712180580.258288,108428710.26168506,171.1,0.0,173.0,BID
1405,1712180581.1567488,108429479.46168506,171.1,3.961457755966524e-08,173.0,BID
1406,1712180581.2566354,108437666.16168506,171.1,4.216233256715716e-07,173.0,BID
1407,1712180582.6310072,108438866.16168506,171.1,6.180121304135997e-08,173.0,BID
1408,1712180582.8240926,108439419.29268506,171.1,2.8486805642175865e-08,173.0,BID
1409,1712180584.9667647,108447129.82475746,171.0,-3.971001960569397e-07,173.0,ASK
1410,1712180585.566809,108451998.30875744,171.1,2.507318473935753e-07,173.0,BID
1411,1712180585.5770388,108452653.3432639,171.1,3.3734939234958814e-08,173.0,BID
1412,1712180586.1171472,108457578.613496,171.1,2.5365639575081144e-07,173.0,BID
1413,1712180586.496914,108458429.5549435,171.1,4.382434473537429e-08,173.0,BID
1414,1712180587.999294,108461379.2529435,171.1,1.5191242875467264e-07,173.0,BID
1415,1712180588.1651533,108462863.48772652,171.1,7.643959169086495e-08,173.0,BID
1416,1712180588.806823,108464650.58772652,171.1,9.20374565223058e-08,173.0,BID
1417,1712180589.3268435,108466002.42875516,171.1,6.962117950704931e-08,173.0,BID
1418,1712180589.4068174,108466861.21719494,171.1,4.4228472770275175e-08,173.0,BID
1419,1712180590.1468933,108468589.30519494,171.1,8.899827886849017e-08,173.0,BID
1420,1712180592.4370654,108469284.2175758,171.1,3.578869007880129e-08,173.0,BID
1421,1712180592.59682,108470024.32640617,171.1,3.811635291585685e-08,173.0,BID
1422,1712180592.7169008,108470809.67793962,171.1,4.0446397859645137e-08,173.0,BID
1423,1712180593.76334,108471392.87793964,171.1,3.0035389538254444e-08,173.0,BID
1424,1712180595.4470277,108472636.040229,171.1,6.402411457508396e-08,173.0,BID
1425,1712180595.6071188,108473685.1666689,171.1,5.403107218371276e-08,173.0,BID
1426,1712180596.2869892,108475478.49506444,171.1,9.235822518775481e-08,173.0,BID
1427,1712180597.187099,108477022.12567444,171.1,7.949853682092077e-08,173.0,BID
1428,1712180600.767288,108477716.32567444,171.1,3.5752001744580234e-08,173.0,BID
1429,1712180601.2270472,108477903.52321972,171.1,9.640862814405424e-09,173.0,BID
1430,1712180604.1210196,108478612.81779473,171.1,3.652938761584373e-08,173.0,BID
1431,1712180604.319961,108480128.3234162,171.1,7.805007148194849e-08,173.0,BID
1432,1712180605.25715,108481880.80778185,171.1,9.025471636058184e-08,173.0,BID
1433,1712180610.237108,108481880.80778185,171.1,0.0,173.0,BID
1434,1712180610.9773147,108482960.58179586,171.1,5.5583412972278224e-08,173.0,BID
1435,1712180611.001675,108485221.260727,171.1,1.1637273077251645e-07,173.0,BID
1436,1712180613.0273252,108486601.360727,171.1,7.10432620597652e-08,173.0,BID
1437,1712180615.038072,108491133.520727,171.1,2.3330152204762122e-07,173.0,BID
1438,1712180617.5426662,108492148.12346224,171.1,5.22285979329875e-08,173.0,BID
1439,1712180620.067482,108493289.43858074,171.1,5.875135791328485e-08,173.0,BID
1440,1712180622.4577515,108552392.48678742,171.0,-3.0424413754776704e-06,173.0,ASK
1441,1712180622.4622736,108610810.79858074,171.0,-3.0071932713856177e-06,173.0,ASK
1442,1712180624.627632,108614799.94080634,171.1,2.0534865337930906e-07,173.0,BID
1443,1712180624.6477053,108618999.94080634,171.1,2.162029567801627e-07,173.0,BID
1444,1712180624.7675056,108619808.71590728,171.1,4.163323052180245e-08,173.0,BID
1445,1712180625.547466,108621273.25726634,171.1,7.539004098978938e-08,173.0,BID
1446,1712180625.5874944,108621997.068132,171.1,3.725953554941877e-08,173.0,BID
1447,1712180626.708073,108633056.00644767,171.1,5.692798006416839e-07,173.0,BID
1448,1712180626.8580916,108636811.42700656,171.1,1.933173878056885e-07,173.0,BID
1449,1712180627.2015915,108638251.85765596,171.1,7.414889653261842e-08,173.0,BID
1450,1712180627.4779108,108640374.85200135,171.1,1.0928515588151069e-07,173.0,BID
1451,1712180627.482396,108642515.6294891,171.1,1.1020057682328081e-07,173.0,BID
1452,1712180627.5784838,108644669.60614549,171.1,1.1088002903510612e-07,173.0,BID
1453,1712180627.6378276,108673562.76976886,171.1,1.4873303347874508e-06,173.0,BID
1454,1712180627.9975853,108676321.7679788,171.1,1.4202465969996657e-07,173.0,BID
1455,1712180631.1112018,108680340.47978383,171.1,2.0687080349880545e-07,173.0,BID
1456,1712180633.6978786,108683456.5586853,171.1,1.6040606477572189e-07,173.0,BID
1457,1712180633.9378407,108684290.08311668,171.1,4.290724919264999e-08,173.0,BID
1458,1712180634.137571,108689871.72819108,171.1,2.873257544727035e-07,173.0,BID
1459,1712180635.1378706,108694014.0765856,171.1,2.132352311691715e-07,173.0,BID
1460,1712180639.3777769,108694709.9830692,171.1,3.582310461857042e-08,173.0,BID
1461,1712180639.397779,108696086.67195795,171.1,7.086766864589176e-08,173.0,BID
1462,1712180639.7182672,108698911.6059695,171.1,1.454188300013542e-07,173.0,BID
1463,1712180640.078169,108700027.6538269,171.1,5.745067778068029e-08,173.0,BID
1464,1712180640.1706092,108700027.6538269,171.1,0.0,173.0,BID
1465,1712180640.3250186,108703178.91627036,171.1,1.619062202443391e-07,173.0,BID
1466,1712180640.8978765,108737446.81627034,171.1,1.7606233261410662e-06,173.0,BID
1467,1712180641.2879124,108737680.90744507,171.1,1.2027185287438057e-08,173.0,BID
1468,1712180645.7619271,108739770.90744507,171.1,1.073804566849964e-07,173.0,BID
1469,1712180649.3279638,108742693.11670868,171.1,1.5013787811107124e-07,173.0,BID
1470,1712180650.359807,108746155.2094086,171.1,1.778761221080782e-07,173.0,BID
1471,1712180650.6401918,108785082.1704156,171.1,1.9999975360242115e-06,173.0,BID
1472,1712180650.6980493,108787546.49585366,171.1,1.2661262725288144e-07,173.0,BID
1473,1712180650.7007337,108825128.58984576,171.1,1.9309006775359176e-06,173.0,BID
1474,1712180650.758235,108859364.58984576,171.2,1.7589843612763334e-06,173.0,BID
1475,1712180666.028189,108860637.48984575,171.2,6.53993221595081e-08,173.0,BID
1476,1712180670.172776,108860637.48984575,171.2,0.0,173.0,BID
1477,1712180670.2481213,108862598.08984576,171.2,1.0059007589346773e-07,173.0,BID
1478,1712180687.6284213,108864139.25347307,171.0,-7.907057341502336e-08,173.0,ASK
1479,1712180696.1289313,108864427.0221254,171.0,-1.4764189828729672e-08,173.0,ASK
1480,1712180700.180805,108864427.0221254,171.0,-0.0,173.0,ASK
1481,1712180724.7091308,108864707.6726222,171.1,-1.4404712239646932e-08,173.0,ASK
1482,1712180724.7143486,108867405.0301974,171.0,-1.3844500588445225e-07,173.0,ASK
1483,1712180730.1760583,108867405.0301974,171.0,-0.0,173.0,ASK
