,time,acc_trade_volume,trade_price,dev,high,ask_bid
0,1712173460.3102152,32035891.83901087,1027.0,0.0,1072.0,BID
1,1712173470.9322891,32035891.83901087,1027.0,0.0,1072.0,BID
2,1712173474.782258,32035897.66991466,1029.0,1.6429674500586338e-10,1072.0,BID
3,1712173482.6925526,32036637.19616708,1029.0,2.0837551171604643e-08,1072.0,BID
4,1712173498.5325215,32036695.50520498,1029.0,1.642967449743732e-09,1072.0,BID
5,1712173500.6835215,32036695.50520498,1029.0,0.0,1072.0,BID
6,1712173530.6433156,32036695.50520498,1029.0,0.0,1072.0,BID
7,1712173560.9532485,32036695.50520498,1029.0,0.0,1072.0,BID
8,1712173590.9433885,32036695.50520498,1029.0,0.0,1072.0,BID
9,1712173591.4033086,32036705.50520498,1029.0,2.8187430343716675e-10,1072.0,BID
10,1712173614.5222082,32036715.18574709,1029.0,2.7286960645441307e-10,1072.0,BID
11,1712173620.6622608,32036715.18574709,1029.0,0.0,1072.0,BID
12,1712173644.422269,32037215.18574709,1028.0,-1.40937071267266e-08,1072.0,ASK
13,1712173650.653397,32037215.18574709,1028.0,-0.0,1072.0,ASK
14,1712173655.1056592,32037326.02475487,1028.0,-3.124219763005525e-09,1072.0,ASK
15,1712173657.752307,32037335.75238132,1028.0,2.7419266386508917e-10,1072.0,BID
16,1712173668.1131072,32037555.21649653,1028.0,6.186036303847304e-09,1072.0,BID
17,1712173680.932656,32037555.21649653,1028.0,0.0,1072.0,BID
18,1712173709.8622892,32037605.21649653,1028.0,-1.409336407610722e-09,1072.0,ASK
19,1712173709.8638735,32037702.49276112,1028.0,-2.741899625640916e-09,1072.0,ASK
20,1712173710.9419696,32037702.49276112,1028.0,-0.0,1072.0,ASK
21,1712173722.262136,32038105.21649653,1028.0,-1.1351416008631741e-08,1072.0,ASK
22,1712173722.2633605,32038202.49276112,1028.0,-2.741887924714693e-09,1072.0,ASK
23,1712173724.352027,32038211.53066199,1029.0,2.5474776772700034e-10,1072.0,BID
24,1712173729.8125114,32038446.92852727,1028.0,-6.6350673213183025e-09,1072.0,ASK
25,1712173729.8141155,32038711.53066199,1028.0,-7.45823661202813e-09,1072.0,ASK
26,1712173740.6399393,32038711.53066199,1028.0,-0.0,1072.0,ASK
27,1712173742.181977,32038716.39447521,1029.0,1.3709038776556035e-10,1072.0,BID
28,1712173762.4319654,32040755.39423753,1029.0,5.7470806411148095e-08,1072.0,BID
29,1712173766.692022,32042494.3729775,1028.0,-4.901447874825621e-08,1072.0,ASK
30,1712173766.9318314,32049179.99970199,1029.0,1.884396292344461e-07,1072.0,BID
31,1712173770.662112,32049179.99970199,1029.0,0.0,1072.0,BID
32,1712173800.668933,32049179.99970199,1029.0,0.0,1072.0,BID
33,1712173830.601936,32049179.99970199,1029.0,0.0,1072.0,BID
34,1712173860.9638398,32049179.99970199,1029.0,0.0,1072.0,BID
35,1712173870.7519212,32049319.64885286,1028.0,-3.941739476151339e-09,1072.0,ASK
36,1712173870.856254,32049976.54082074,1028.0,-1.85414446510374e-08,1072.0,ASK
37,1712173871.051936,32053738.01423074,1028.0,-1.0617141698775157e-07,1072.0,ASK
38,1712173871.2520328,32055042.36497436,1028.0,-3.681662784886263e-08,1072.0,ASK
39,1712173881.35209,32055190.56357481,1028.0,4.1830563957755645e-09,1072.0,BID
40,1712173890.9421835,32055190.56357481,1028.0,0.0,1072.0,BID
41,1712173908.5844643,32056354.43303006,1028.0,3.284567200793744e-08,1072.0,BID
42,1712173920.622969,32056354.43303006,1028.0,0.0,1072.0,BID
43,1712173934.8417337,32056548.98555924,1028.0,5.490300284564354e-09,1072.0,BID
44,1712173944.952098,32056716.8254847,1028.0,4.736466775363255e-09,1072.0,BID
45,1712173945.0317347,32056918.58130732,1028.0,5.693578258926241e-09,1072.0,BID
46,1712173945.211919,32057418.58130732,1028.0,1.4110071731643672e-08,1072.0,BID
47,1712173946.2022514,32057448.24542279,1028.0,8.37125594272177e-10,1072.0,BID
48,1712173946.2040226,32057664.42511807,1028.0,6.100622014606363e-09,1072.0,BID
49,1712173947.1615558,32057743.45645147,1028.0,2.230275566588538e-09,1072.0,BID
50,1712173950.641808,32057743.45645147,1028.0,0.0,1072.0,BID
51,1712173957.1022122,32057873.52836595,1029.0,3.670500180788171e-09,1072.0,BID
52,1712173964.2916932,32058614.52836595,1029.0,2.091028370557581e-08,1072.0,BID
53,1712173964.4717126,32059037.22836595,1029.0,1.1928173984252792e-08,1072.0,BID
54,1712173980.9315484,32059037.22836595,1029.0,0.0,1072.0,BID
55,1712173986.6614892,32059647.10197131,1029.0,1.720938062536638e-08,1072.0,BID
56,1712173986.761585,32060091.5995597,1029.0,1.2542809064724197e-08,1072.0,BID
57,1712173986.7817087,32063841.5995597,1029.0,1.0581729849925041e-07,1072.0,BID
58,1712173986.9018843,32064136.95441636,1029.0,8.334307474841074e-09,1072.0,BID
59,1712173987.0617397,32064664.95441636,1029.0,1.4899075628694458e-08,1072.0,BID
60,1712173987.7616718,32068414.95441636,1029.0,1.0581729849925041e-07,1072.0,BID
61,1712173988.124159,32074009.54493636,1029.0,1.5786785467619428e-07,1072.0,BID
62,1712173988.1416104,32074914.50660741,1029.0,2.5536159806918885e-08,1072.0,BID
63,1712173988.501763,32078092.50660741,1029.0,8.967663323483142e-08,1072.0,BID
64,1712173988.5415678,32078093.17724201,1029.0,1.892393114293456e-11,1072.0,BID
65,1712174003.8416605,32078099.59123618,1029.0,-1.8098974286295887e-10,1072.0,ASK
66,1712174010.9519024,32078099.59123618,1029.0,-0.0,1072.0,ASK
67,1712174040.6320095,32078099.59123618,1029.0,-0.0,1072.0,ASK
68,1712174041.9240248,32078531.20147576,1029.0,-1.2172417117455293e-08,1072.0,ASK
69,1712174070.6530218,32078531.20147576,1029.0,-0.0,1072.0,ASK
70,1712174075.0717506,32078629.57017576,1028.0,-2.774192408597287e-09,1072.0,ASK
71,1712174080.6942413,32078677.14025358,1028.0,-1.3415705277413828e-09,1072.0,ASK
72,1712174080.6961918,32079129.57017576,1028.0,-1.2759420990206812e-08,1072.0,ASK
73,1712174090.7519238,32079518.32528562,1028.0,-1.0963665013431868e-08,1072.0,ASK
74,1712174100.9516633,32079518.32528562,1028.0,-0.0,1072.0,ASK
75,1712174106.221687,32079903.14953099,1027.0,-1.0866818269251762e-08,1072.0,ASK
76,1712174106.2230897,32080319.27524958,1027.0,-1.1750721571099464e-08,1072.0,ASK
77,1712174130.9316952,32080319.27524958,1027.0,-0.0,1072.0,ASK
78,1712174153.6119013,32080408.26969003,1027.0,-2.513001609933929e-09,1072.0,ASK
79,1712174160.6824627,32080408.26969003,1027.0,-0.0,1072.0,ASK
80,1712174175.6520927,32080821.91049604,1027.0,-1.1680250176044378e-08,1072.0,ASK
81,1712174190.6922393,32080821.91049604,1027.0,-0.0,1072.0,ASK
82,1712174202.2091527,32080826.77904521,1030.0,1.374748074135335e-10,1072.0,BID
83,1712174220.6922705,32080826.77904521,1030.0,0.0,1072.0,BID
84,1712174250.6824455,32080826.77904521,1030.0,0.0,1072.0,BID
85,1712174280.9337766,32080826.77904521,1030.0,0.0,1072.0,BID
86,1712174310.7150826,32081317.80204521,1030.0,1.3865174299694605e-08,1072.0,BID
87,1712174310.9568746,32081317.80204521,1030.0,0.0,1072.0,BID
88,1712174340.5942333,32081317.80204521,1030.0,0.0,1072.0,BID
89,1712174360.0528595,32081335.23992821,1030.0,-4.923920760116431e-10,1072.0,ASK
90,1712174370.642788,32081335.23992821,1030.0,-0.0,1072.0,ASK
91,1712174400.7189686,32081335.23992821,1030.0,-0.0,1072.0,ASK
92,1712174430.6238685,32081335.23992821,1030.0,-0.0,1072.0,ASK
93,1712174460.9330924,32081335.23992821,1030.0,-0.0,1072.0,ASK
94,1712174490.932819,32081335.23992821,1030.0,-0.0,1072.0,ASK
95,1712174497.103106,32081626.50206413,1030.0,8.227930374871539e-09,1072.0,BID
96,1712174512.9629817,32081655.40908771,1030.0,8.16601088906268e-10,1072.0,BID
97,1712174520.646365,32081655.40908771,1030.0,0.0,1072.0,BID
98,1712174535.5833485,32081705.40908771,1028.0,-1.412448222836443e-09,1072.0,ASK
99,1712174535.5930514,32081806.20355927,1028.0,-2.847339444481893e-09,1072.0,ASK
100,1712174535.6429586,32081935.53651961,1028.0,-3.653522199759986e-09,1072.0,ASK
101,1712174543.9031923,32082297.22655961,1027.0,-1.0217369084306716e-08,1072.0,ASK
102,1712174544.763589,32082307.92694871,1027.0,-3.022749114184294e-10,1072.0,ASK
103,1712174544.7654183,32082351.8083898,1027.0,-1.239605269668683e-09,1072.0,ASK
104,1712174544.7672098,32102317.43295894,1027.0,-5.64008218809934e-07,1072.0,ASK
105,1712174550.6249409,32102317.43295894,1027.0,-0.0,1072.0,ASK
106,1712174580.913046,32102317.43295894,1027.0,-0.0,1072.0,ASK
107,1712174610.9736228,32102317.43295894,1027.0,-0.0,1072.0,ASK
108,1712174631.693325,32104424.28048525,1027.0,-5.9480605352316186e-08,1072.0,ASK
109,1712174631.6955671,32112035.60594241,1027.0,-2.1488325095734574e-07,1072.0,ASK
110,1712174632.0931945,32112736.45833327,1027.0,-1.9786493303529625e-08,1072.0,ASK
111,1712174632.0953317,32112746.19543161,1027.0,-2.748981577460544e-10,1072.0,ASK
112,1712174640.583411,32112746.19543161,1027.0,-0.0,1072.0,ASK
113,1712174641.9231646,32112843.56641505,1027.0,2.748150607321036e-09,1072.0,BID
114,1712174663.5897148,32113327.20760297,1027.0,1.3650050326585932e-08,1072.0,BID
115,1712174670.6376925,32113327.20760297,1027.0,0.0,1072.0,BID
116,1712174674.6058865,32113348.65303355,1027.0,6.052550614401426e-10,1072.0,BID
117,1712174674.6078286,32114111.86882639,1027.0,2.1540263313995025e-08,1072.0,BID
118,1712174694.2731209,32121379.93878362,1027.0,2.0512696688445922e-07,1072.0,BID
119,1712174700.9332418,32121379.93878362,1027.0,0.0,1072.0,BID
120,1712174730.964828,32121379.93878362,1027.0,0.0,1072.0,BID
121,1712174734.063366,32121879.93878362,1026.0,-1.4117098196040773e-08,1072.0,ASK
122,1712174735.2235126,32122777.93878362,1026.0,-2.535430836008924e-08,1072.0,ASK
123,1712174735.4082391,32133835.50254472,1026.0,-3.122014268488662e-07,1072.0,ASK
124,1712174736.713757,32134347.60254472,1026.0,-1.4458731972427032e-08,1072.0,ASK
125,1712174737.1132903,32134847.60254472,1026.0,-1.4117098196040773e-08,1072.0,ASK
126,1712174738.2234046,32137740.10254472,1026.0,-8.166741306409587e-08,1072.0,ASK
127,1712174740.403339,32138240.10254472,1026.0,-1.4117098196040773e-08,1072.0,ASK
128,1712174760.6334822,32138240.10254472,1026.0,-0.0,1072.0,ASK
129,1712174765.313486,32149308.72386952,1026.0,-3.123610679930894e-07,1072.0,ASK
130,1712174766.9435103,32149875.12386952,1026.0,-1.598404206984811e-08,1072.0,ASK
131,1712174767.083454,32151036.27126952,1026.0,-3.27680594825756e-08,1072.0,ASK
132,1712174772.743295,32151536.27126952,1026.0,-1.4110206629493432e-08,1072.0,ASK
133,1712174776.1333122,32152036.27126952,1026.0,-1.4110206629493432e-08,1072.0,ASK
134,1712174778.6634896,32152536.27126952,1026.0,-1.4110206629493432e-08,1072.0,ASK
135,1712174780.9135382,32156455.67126952,1026.0,-1.106070877273362e-07,1072.0,ASK
136,1712174781.073829,32159025.67126952,1026.0,-7.252646207559624e-08,1072.0,ASK
137,1712174781.1375356,32161025.67126952,1026.0,-5.6440826517973736e-08,1072.0,ASK
138,1712174781.753553,32163955.67126952,1026.0,-8.268581084883153e-08,1072.0,ASK
139,1712174781.7561452,32164455.67126952,1026.0,-1.4110206629493432e-08,1072.0,ASK
140,1712174783.1467612,32175535.36121572,1026.0,-3.126734290632257e-07,1072.0,ASK
141,1712174783.1537278,32176637.96121572,1026.0,-3.1115827659295843e-08,1072.0,ASK
142,1712174783.2450562,32177396.63083648,1026.0,-2.1409970224879983e-08,1072.0,ASK
143,1712174783.2476397,32178486.18777607,1026.0,-3.074774710444717e-08,1072.0,ASK
144,1712174783.249701,32182215.11385572,1026.0,-1.0523183497992205e-07,1072.0,ASK
145,1712174783.323908,32182487.42652834,1026.0,-7.684776156961072e-09,1072.0,ASK
146,1712174783.4851303,32187365.47530882,1025.0,-1.3766055248270636e-07,1072.0,ASK
147,1712174783.487686,32188877.30457711,1025.0,-4.266444672811535e-08,1072.0,ASK
148,1712174783.4937017,32193578.19616444,1025.0,-1.3266110328020072e-07,1072.0,ASK
149,1712174785.9553638,32203169.0148663,1025.0,-2.706568672584969e-07,1072.0,ASK
150,1712174785.9597375,32203178.39456669,1025.0,-2.6469902121626926e-10,1072.0,ASK
151,1712174785.9618125,32207148.44618243,1025.0,-1.1203649725572249e-07,1072.0,ASK
152,1712174785.9638486,32226543.97179218,1025.0,-5.473497480824167e-07,1072.0,ASK
153,1712174786.1766243,32226613.1386856,1025.0,1.951918316121045e-09,1072.0,BID
154,1712174786.7136762,32226622.9043106,1024.0,-2.755899732322936e-10,1072.0,ASK
155,1712174786.715584,32226797.66849932,1024.0,-4.931917628600091e-09,1072.0,ASK
156,1712174790.1076982,32227063.10359932,1024.0,-7.490688215450429e-09,1072.0,ASK
157,1712174790.6432345,32227063.10359932,1024.0,-0.0,1072.0,ASK
158,1712174820.9633636,32227063.10359932,1024.0,-0.0,1072.0,ASK
159,1712174822.7836134,32227067.98641182,1026.0,1.374416895478653e-10,1072.0,BID
160,1712174842.323143,32227097.2261779,1026.0,8.23042632091705e-10,1072.0,BID
161,1712174850.9450006,32227097.2261779,1026.0,0.0,1072.0,BID
162,1712174880.6235335,32227097.2261779,1026.0,0.0,1072.0,BID
163,1712174894.209611,32227317.52861692,1025.0,-6.201079724428237e-09,1072.0,ASK
164,1712174894.323394,32227931.33433569,1025.0,1.7277421958378907e-08,1072.0,BID
165,1712174910.6141016,32227931.33433569,1025.0,0.0,1072.0,BID
166,1712174940.9533277,32227931.33433569,1025.0,0.0,1072.0,BID
167,1712174970.9249244,32227931.33433569,1025.0,0.0,1072.0,BID
168,1712175000.7037342,32227931.33433569,1025.0,0.0,1072.0,BID
169,1712175030.697212,32227931.33433569,1025.0,0.0,1072.0,BID
170,1712175041.603974,32227976.33134937,1025.0,-1.266764444602125e-09,1072.0,ASK
171,1712175041.6061778,32229257.63433569,1025.0,-3.607148415120919e-08,1072.0,ASK
172,1712175046.0977154,32229972.11433569,1025.0,-2.0114176171859293e-08,1072.0,ASK
173,1712175047.0833912,32233424.84433569,1025.0,-9.72019083722837e-08,1072.0,ASK
174,1712175052.5037036,32233430.6922889,1026.0,1.6463268550715536e-10,1072.0,BID
175,1712175053.6535974,32234109.9922889,1025.0,-1.9123782154119805e-08,1072.0,ASK
176,1712175054.0737815,32235158.0658889,1025.0,-2.950556633005044e-08,1072.0,ASK
177,1712175055.1765945,32235664.1658889,1025.0,-1.4247822976992482e-08,1072.0,ASK
178,1712175058.17335,32237086.2658889,1025.0,-4.0035228325409016e-08,1072.0,ASK
179,1712175060.933679,32237086.2658889,1025.0,-0.0,1072.0,ASK
180,1712175090.9432836,32237086.2658889,1025.0,-0.0,1072.0,ASK
181,1712175116.0036843,32238086.2658889,1025.0,-2.8144754109917817e-08,1072.0,ASK
182,1712175116.0062678,32244874.50435955,1025.0,-1.910533025959629e-07,1072.0,ASK
183,1712175116.1234782,32244905.65111898,1025.0,8.766178854241857e-10,1072.0,BID
184,1712175120.635099,32244905.65111898,1025.0,0.0,1072.0,BID
185,1712175123.293524,32249074.53798227,1026.0,1.1730583423501982e-07,1072.0,BID
186,1712175125.9436142,32249574.53798227,1026.0,-1.4069203372721048e-08,1072.0,ASK
187,1712175129.0175078,32250074.53798227,1026.0,-1.4069203372721048e-08,1072.0,ASK
188,1712175132.4934416,32250574.53798227,1026.0,-1.4069203372721048e-08,1072.0,ASK
189,1712175135.0438626,32251074.53798227,1026.0,-1.4069203372721048e-08,1072.0,ASK
190,1712175137.8537917,32251574.53798227,1026.0,-1.4069203372721048e-08,1072.0,ASK
191,1712175141.323638,32252074.53798227,1026.0,-1.4069203372721048e-08,1072.0,ASK
192,1712175143.9735618,32252574.53798227,1026.0,-1.4069203372721048e-08,1072.0,ASK
193,1712175146.1046927,32253458.76999,1027.0,2.4880879890866804e-08,1072.0,BID
194,1712175146.5133994,32259946.632756,1027.0,1.825581214182509e-07,1072.0,BID
195,1712175146.573923,32260315.83680903,1027.0,1.038881381631236e-08,1072.0,BID
196,1712175146.5935836,32261384.03464866,1027.0,3.0057385296080654e-08,1072.0,BID
197,1712175146.6048098,32262574.53798227,1027.0,3.3498867032910296e-08,1072.0,BID
198,1712175150.6347375,32262574.53798227,1027.0,0.0,1072.0,BID
199,1712175177.093675,32262709.34509233,1028.0,3.791322271485642e-09,1072.0,BID
200,1712175180.9436018,32262709.34509233,1028.0,0.0,1072.0,BID
201,1712175195.0736108,32264550.33413088,1028.0,5.1775870997112506e-08,1072.0,BID
202,1712175210.9548206,32264550.33413088,1028.0,0.0,1072.0,BID
203,1712175228.993688,32265042.10235701,1026.0,-1.3829725522550673e-08,1072.0,ASK
204,1712175228.99633,32265237.03413088,1026.0,-5.4819583392286045e-09,1072.0,ASK
205,1712175230.5034437,32265545.70683088,1026.0,-8.680631424526246e-09,1072.0,ASK
206,1712175231.983658,32265719.92473088,1026.0,-4.8994335340100245e-09,1072.0,ASK
207,1712175232.0634596,32265719.92477414,1026.0,-1.2166275407077166e-15,1072.0,ASK
208,1712175232.9934263,32265775.7165693,1026.0,1.569001762376928e-09,1072.0,BID
209,1712175239.3936975,32266275.7165693,1025.0,-1.4061223140964197e-08,1072.0,ASK
210,1712175240.6275177,32266275.7165693,1025.0,-0.0,1072.0,ASK
211,1712175263.3983023,32266281.56452251,1026.0,1.6445056532537407e-10,1072.0,BID
212,1712175270.6536736,32266281.56452251,1026.0,0.0,1072.0,BID
213,1712175276.2665792,32266379.03040944,1026.0,2.740842296777022e-09,1072.0,BID
214,1712175300.66795,32266379.03040944,1026.0,0.0,1072.0,BID
215,1712175313.9934978,32267415.37675868,1026.0,2.9150184045295744e-08,1072.0,BID
216,1712175330.6375642,32267415.37675868,1026.0,0.0,1072.0,BID
217,1712175360.9534032,32267415.37675868,1026.0,0.0,1072.0,BID
218,1712175383.78487,32267902.70619337,1026.0,1.3707114294749205e-08,1072.0,BID
219,1712175390.953356,32267902.70619337,1026.0,0.0,1072.0,BID
220,1712175392.6576288,32267971.87308679,1026.0,1.9454297503026103e-09,1072.0,BID
221,1712175406.674191,32268645.93887202,1026.0,1.8959180720084813e-08,1072.0,BID
222,1712175406.6938918,32270175.33344449,1026.0,4.301667393179182e-08,1072.0,BID
223,1712175406.6961124,32270450.4513858,1026.0,7.738133106454833e-09,1072.0,BID
224,1712175414.4036682,32270786.02082425,1026.0,9.43842836578378e-09,1072.0,BID
225,1712175419.203498,32272563.90365935,1027.0,5.0005804638728773e-08,1072.0,BID
226,1712175420.6444626,32272563.90365935,1027.0,0.0,1072.0,BID
227,1712175426.9334638,32272853.06153781,1028.0,-8.1319345922187e-09,1072.0,ASK
228,1712175426.943253,32273311.06034753,1028.0,-1.288021749164386e-08,1072.0,ASK
229,1712175443.6533947,32273315.92610628,1028.0,1.3683885119171604e-10,1072.0,BID
230,1712175450.653124,32273315.92610628,1028.0,0.0,1072.0,BID
231,1712175470.7635653,32273413.20237087,1028.0,2.7356232774467423e-09,1072.0,BID
232,1712175480.923574,32273413.20237087,1028.0,0.0,1072.0,BID
233,1712175481.7886968,32273913.20237087,1025.0,-1.4061064103572504e-08,1072.0,ASK
234,1712175488.7135894,32273921.57974883,1025.0,-2.355896970541984e-10,1072.0,ASK
235,1712175510.933138,32273921.57974883,1025.0,-0.0,1072.0,ASK
236,1712175540.617594,32273921.57974883,1025.0,-0.0,1072.0,ASK
237,1712175540.640844,32273931.55830633,1026.0,-2.8061416112079587e-10,1072.0,ASK
238,1712175570.6934783,32273931.55830633,1026.0,-0.0,1072.0,ASK
239,1712175600.6868324,32273931.55830633,1026.0,-0.0,1072.0,ASK
240,1712175628.923174,32274830.72373336,1026.0,-2.5287478566170563e-08,1072.0,ASK
241,1712175630.5948677,32274830.72373336,1026.0,-0.0,1072.0,ASK
242,1712175640.0734122,32276618.82373336,1025.0,-5.028592732122533e-08,1072.0,ASK
243,1712175640.1537795,32276783.42032072,1025.0,-4.628875358935325e-09,1072.0,ASK
244,1712175641.8666964,32280705.42032072,1025.0,-1.1029663159448145e-07,1072.0,ASK
245,1712175644.8936458,32282049.37689198,1025.0,-3.779548261588567e-08,1072.0,ASK
246,1712175644.8965094,32282054.28282108,1025.0,-1.3796722451448268e-10,1072.0,ASK
247,1712175644.8991108,32282083.97092072,1025.0,-8.34904994510879e-10,1072.0,ASK
248,1712175648.9633353,32282083.9709967,1025.0,-2.136779875931984e-15,1072.0,ASK
249,1712175660.9533572,32282083.9709967,1025.0,-0.0,1072.0,ASK
250,1712175685.9135797,32282122.37242124,1025.0,1.0797201414632704e-09,1072.0,BID
251,1712175685.9171188,32283059.58075279,1025.0,2.6351176407865365e-08,1072.0,BID
252,1712175686.7437162,32283631.10119063,1024.0,-1.6069250956510622e-08,1072.0,ASK
253,1712175686.74764,32283926.95597917,1024.0,-8.318451150528164e-09,1072.0,ASK
254,1712175686.7511592,32284859.58075279,1024.0,-2.62223020268779e-08,1072.0,ASK
255,1712175690.9533849,32284859.58075279,1024.0,-0.0,1072.0,ASK
256,1712175697.423289,32284908.36124059,1025.0,1.371435193062815e-09,1072.0,BID
257,1712175706.2134576,32285201.04416741,1025.0,8.228611158586358e-09,1072.0,BID
258,1712175720.6334126,32285201.04416741,1025.0,0.0,1072.0,BID
259,1712175728.903692,32285298.60514301,1025.0,2.7428433963115622e-09,1072.0,BID
260,1712175750.6131876,32285298.60514301,1025.0,0.0,1072.0,BID
261,1712175780.9331298,32285298.60514301,1025.0,0.0,1072.0,BID
262,1712175784.4531236,32285398.60514301,1026.0,2.811406577470348e-09,1072.0,BID
263,1712175785.2831345,32285426.74708707,1026.0,-7.911844662813701e-10,1072.0,ASK
264,1712175799.2032828,32285636.34708707,1026.0,-5.892708186419743e-09,1072.0,ASK
265,1712175800.6831243,32288215.55398707,1026.0,-7.251199243318516e-08,1072.0,ASK
266,1712175810.9230824,32288215.55398707,1026.0,-0.0,1072.0,ASK
267,1712175818.9234009,32288215.55407595,1026.0,-2.498511038096841e-15,1072.0,ASK
268,1712175825.263342,32288274.03360811,1026.0,1.643959091751158e-09,1072.0,BID
269,1712175840.6448135,32288274.03360811,1026.0,0.0,1072.0,BID
270,1712175843.4054956,32288605.41753483,1026.0,9.315749975858764e-09,1072.0,BID
271,1712175870.664366,32288605.41753483,1026.0,0.0,1072.0,BID
272,1712175900.9437308,32288605.41753483,1026.0,0.0,1072.0,BID
273,1712175921.9936962,32289019.05834085,1026.0,-1.1635909350605035e-08,1072.0,ASK
274,1712175922.0631735,32289794.48080856,1027.0,2.181299671429709e-08,1072.0,BID
275,1712175922.066645,32290202.97671285,1027.0,1.1491180858345345e-08,1072.0,BID
276,1712175922.123041,32290202.97671382,1027.0,2.7351275386890537e-17,1072.0,BID
277,1712175930.9533668,32290202.97671382,1027.0,0.0,1072.0,BID
278,1712175960.619305,32290202.97671382,1027.0,0.0,1072.0,BID
279,1712175985.0930374,32290435.94738679,1026.0,-6.553271620812466e-09,1072.0,ASK
280,1712175990.6348245,32290435.94738679,1026.0,-0.0,1072.0,ASK
281,1712176002.8831706,32299375.80095987,1026.0,-2.514689684474479e-07,1072.0,ASK
282,1712176003.0228026,32299385.77951737,1026.0,2.8068665116877297e-10,1072.0,BID
283,1712176003.0429704,32300435.94738679,1026.0,2.9540151710608683e-08,1072.0,BID
284,1712176007.1729186,32300552.43272327,1025.0,-3.276613779422914e-09,1072.0,ASK
285,1712176018.4731643,32301387.04250938,1025.0,-2.3476722549649443e-08,1072.0,ASK
286,1712176020.9459758,32301387.04250938,1025.0,-0.0,1072.0,ASK
287,1712176023.5818784,32302362.65226547,1028.0,2.7434238062051217e-08,1072.0,BID
288,1712176050.9447217,32302362.65226547,1028.0,0.0,1072.0,BID
289,1712176080.6529548,32302362.65226547,1028.0,0.0,1072.0,BID
290,1712176110.683045,32302362.65226547,1028.0,0.0,1072.0,BID
291,1712176140.803506,32302849.98170017,1026.0,-1.3703363051796948e-08,1072.0,ASK
292,1712176140.8072035,32305975.51532711,1026.0,-8.788782078574624e-08,1072.0,ASK
293,1712176140.953166,32305975.51532711,1026.0,-0.0,1072.0,ASK
294,1712176140.963118,32306004.47121378,1026.0,8.141344331515915e-10,1072.0,BID
295,1712176143.5530355,32306143.96056731,1026.0,3.921934322484589e-09,1072.0,BID
296,1712176143.65899,32306284.02523667,1026.0,3.938110115406117e-09,1072.0,BID
297,1712176144.4508386,32306480.96029157,1026.0,5.537098936652283e-09,1072.0,BID
298,1712176148.763126,32306597.36933076,1026.0,3.2729996569639733e-09,1072.0,BID
299,1712176149.3330655,32306713.77836995,1026.0,3.272999656859231e-09,1072.0,BID
300,1712176149.653442,32306830.18368215,1026.0,3.272894867560124e-09,1072.0,BID
301,1712176162.35346,32307012.57646967,1026.0,5.128223161442233e-09,1072.0,BID
302,1712176170.953662,32307012.57646967,1026.0,0.0,1072.0,BID
303,1712176192.6146667,32309361.65226547,1026.0,6.604550918250623e-08,1072.0,BID
304,1712176192.6182585,32310012.57646967,1026.0,1.830107848478704e-08,1072.0,BID
305,1712176201.0441284,32310012.57646967,1026.0,0.0,1072.0,BID
306,1712176203.8343472,32312361.65226547,1026.0,6.607483520127497e-08,1072.0,BID
307,1712176206.6045773,32312861.65226547,1026.0,-1.4064006644533745e-08,1072.0,ASK
308,1712176216.9846425,32313361.65226547,1026.0,-1.4064006644533745e-08,1072.0,ASK
309,1712176217.1256893,32313942.74886547,1026.0,-1.6345092887026737e-08,1072.0,ASK
310,1712176221.122008,32314274.13279147,1026.0,-9.321171474323905e-09,1072.0,ASK
311,1712176221.194569,32314409.24167659,1026.0,-3.800344516143343e-09,1072.0,ASK
312,1712176227.0552883,32314540.81816114,1026.0,-3.7009851059452942e-09,1072.0,ASK
313,1712176227.1745436,32315947.28660612,1026.0,-3.956116311107069e-08,1072.0,ASK
314,1712176230.9360526,32315947.28660612,1026.0,-0.0,1072.0,ASK
315,1712176234.1073658,32348363.61050612,1025.0,-9.116506493692912e-07,1072.0,ASK
316,1712176240.2496192,32349191.92174803,1025.0,-2.3294759883832066e-08,1072.0,ASK
317,1712176256.645559,32351213.63274803,1025.0,-5.68569758764765e-08,1072.0,ASK
318,1712176260.101143,32351928.88274803,1025.0,-2.011511635227092e-08,1072.0,ASK
319,1712176260.646593,32351928.88274803,1025.0,-0.0,1072.0,ASK
320,1712176261.9666567,32352428.88274803,1025.0,-1.4047028494073234e-08,1072.0,ASK
321,1712176263.485831,32352886.86354803,1025.0,-1.2866538694651289e-08,1072.0,ASK
322,1712176264.8560443,32353386.86354803,1025.0,-1.4047028494073234e-08,1072.0,ASK
323,1712176267.0289805,32354417.16354803,1025.0,-2.8945306914908235e-08,1072.0,ASK
324,1712176270.5558984,32354881.77544803,1025.0,-1.3052833196020574e-08,1072.0,ASK
325,1712176271.4788115,32355754.77534803,1025.0,-2.4526108941198608e-08,1072.0,ASK
326,1712176275.0858686,32361348.30690305,1025.0,-1.5714499427170826e-07,1072.0,ASK
327,1712176275.1661353,32366266.57802011,1025.0,-1.3817418904587708e-07,1072.0,ASK
328,1712176275.1758096,32367502.57558583,1025.0,-3.4724186048554457e-08,1072.0,ASK
329,1712176279.0660317,32368227.61588583,1024.0,-2.0369323506915704e-08,1072.0,ASK
330,1712176287.0769365,32369629.36631562,1024.0,-3.938085645758752e-08,1072.0,ASK
331,1712176290.6576264,32369629.36631562,1024.0,-0.0,1072.0,ASK
332,1712176303.5870802,32370261.91034536,1024.0,-1.77616757703173e-08,1072.0,ASK
333,1712176303.591606,32372238.47284536,1024.0,-5.5501373207269913e-08,1072.0,ASK
334,1712176303.596405,32372702.05326377,1024.0,-1.3017220459074856e-08,1072.0,ASK
335,1712176307.4066162,32379649.59843435,1025.0,1.950853046068027e-07,1072.0,BID
336,1712176320.9503171,32379649.59843435,1025.0,0.0,1072.0,BID
337,1712176325.8361793,32379800.58762331,1025.0,-4.238516072979225e-09,1072.0,ASK
338,1712176327.3973546,32380304.08762331,1025.0,-1.4134077131437832e-08,1072.0,ASK
339,1712176328.8830707,32382239.98762331,1025.0,-5.43439124504113e-08,1072.0,ASK
340,1712176330.4474285,32382439.98762331,1025.0,-5.614330538803508e-09,1072.0,ASK
341,1712176338.7038715,32382802.28762331,1025.0,-1.0170359770958896e-08,1072.0,ASK
342,1712176338.997386,32384694.97055014,1025.0,-5.3130737781865687e-08,1072.0,ASK
343,1712176340.64986,32384811.57055014,1025.0,-3.273154704164275e-09,1072.0,ASK
344,1712176340.6803236,32388710.20602772,1025.0,-1.0944114110720465e-07,1072.0,ASK
345,1712176340.7670355,32392608.8415053,1025.0,-1.0944114110720465e-07,1072.0,ASK
346,1712176340.8878124,32396507.47698288,1025.0,-1.0944114110720465e-07,1072.0,ASK
347,1712176342.147257,32397223.18698288,1025.0,-2.0091162549660392e-08,1072.0,ASK
348,1712176343.6571798,32401957.08698288,1025.0,-1.3288839668816781e-07,1072.0,ASK
349,1712176344.9770772,32405855.72246046,1025.0,-1.0944114110720465e-07,1072.0,ASK
350,1712176346.5473566,32405967.42346046,1025.0,-3.135631677610427e-09,1072.0,ASK
351,1712176346.5508025,32407072.54036102,1025.0,-3.1022457818795815e-08,1072.0,ASK
352,1712176346.567212,32407177.94716981,1025.0,-2.9589433279325277e-09,1072.0,ASK
353,1712176346.5705783,32414331.85890182,1025.0,-2.0082212554465746e-07,1072.0,ASK
354,1712176346.6875737,32414361.15577682,1024.0,-8.224117000200452e-10,1072.0,ASK
355,1712176346.6919332,32420955.0989015,1024.0,-1.851028812800653e-07,1072.0,ASK
356,1712176346.696263,32421831.85890182,1024.0,-2.4612102225046293e-08,1072.0,ASK
357,1712176350.9472196,32421831.85890182,1024.0,-0.0,1072.0,ASK
358,1712176352.4549403,32422242.53304861,1024.0,-1.1514329169109452e-08,1072.0,ASK
359,1712176353.1131186,32423334.94167091,1024.0,-3.062854714043456e-08,1072.0,ASK
360,1712176356.2991624,32425615.12191091,1024.0,-6.39308465202666e-08,1072.0,ASK
361,1712176356.3666186,32430716.81179505,1024.0,-1.4303928577881356e-07,1072.0,ASK
362,1712176356.3712523,32433186.96929442,1024.0,-6.925735834514218e-08,1072.0,ASK
363,1712176356.3969595,32433193.81191416,1023.0,-1.9185083033633039e-10,1072.0,ASK
364,1712176356.3986304,32435371.82413309,1023.0,-6.106629749917256e-08,1072.0,ASK
365,1712176356.4003675,32436996.96929442,1023.0,-4.556521631909116e-08,1072.0,ASK
366,1712176356.4122407,32437206.07730924,1023.0,-5.862892839338081e-09,1072.0,ASK
367,1712176356.4139454,32438233.59441578,1023.0,-2.8809142927729762e-08,1072.0,ASK
368,1712176356.4156616,32439804.16063545,1023.0,-4.403495222794155e-08,1072.0,ASK
369,1712176356.445662,32443494.16063545,1023.0,-1.0345884922659693e-07,1072.0,ASK
370,1712176356.7620726,32445254.16063545,1023.0,-4.9346226189379563e-08,1072.0,ASK
371,1712176380.688204,32445254.16063545,1023.0,-0.0,1072.0,ASK
372,1712176382.710993,32445278.59856312,1023.0,-6.847213171086516e-10,1072.0,ASK
373,1712176395.028092,32446035.60607657,1025.0,2.1210439307810205e-08,1072.0,BID
374,1712176400.7481604,32447349.00256094,1024.0,-3.6799788540989e-08,1072.0,ASK
375,1712176407.6085052,32448303.30256094,1023.0,-2.6738337297670085e-08,1072.0,ASK
376,1712176409.0682936,32449020.19256094,1023.0,-2.008639487092914e-08,1072.0,ASK
377,1712176409.668232,32449545.08904531,1024.0,1.4706967667787693e-08,1072.0,BID
378,1712176410.0787258,32450674.97604531,1023.0,-3.1658073681527366e-08,1072.0,ASK
379,1712176410.6583028,32450674.97604531,1023.0,-0.0,1072.0,ASK
380,1712176440.958568,32450674.97604531,1023.0,-0.0,1072.0,ASK
381,1712176443.1089284,32452796.01824531,1023.0,-5.941981120322557e-08,1072.0,ASK
382,1712176455.9390433,32452846.01824531,1023.0,-1.400722041344838e-09,1072.0,ASK
383,1712176456.2488315,32456752.26824531,1023.0,-1.0943140948006553e-07,1072.0,ASK
384,1712176459.5788212,32459556.08276329,1023.0,-7.8547295903505e-08,1072.0,ASK
385,1712176460.7490675,32464438.89526329,1023.0,-1.367892618500819e-07,1072.0,ASK
386,1712176460.8096354,32469321.70776329,1023.0,-1.367892618500819e-07,1072.0,ASK
387,1712176460.8131592,32478325.5535175,1023.0,-2.522377040959236e-07,1072.0,ASK
388,1712176460.8290591,32479791.5535175,1023.0,-4.106917025223067e-08,1072.0,ASK
389,1712176460.909196,32480927.70080036,1023.0,-3.1828530826249534e-08,1072.0,ASK
390,1712176460.9892924,32481888.89845535,1023.0,-2.6927414828734905e-08,1072.0,ASK
391,1712176461.9892118,32483416.00623716,1023.0,-4.278107058977687e-08,1072.0,ASK
392,1712176462.519489,32483486.75214833,1023.0,1.981907142211178e-09,1072.0,BID
393,1712176468.7523527,32493493.75214833,1023.0,2.80340509354756e-07,1072.0,BID
394,1712176468.8290875,32495963.15214833,1023.0,-6.917886017789715e-08,1072.0,ASK
395,1712176470.3506875,32496560.25214833,1023.0,-1.6727422617781813e-08,1072.0,ASK
396,1712176470.9290757,32496560.25214833,1023.0,-0.0,1072.0,ASK
397,1712176472.082756,32499065.49174833,1023.0,-7.00907161385023e-08,1072.0,ASK
398,1712176472.1391065,32499595.27680776,1023.0,-1.4822140850288836e-08,1072.0,ASK
399,1712176472.7190487,32503422.47680776,1023.0,-1.0707606122996245e-07,1072.0,ASK
400,1712176479.0927465,32504247.54670776,1023.0,-2.3083516704553123e-08,1072.0,ASK
401,1712176479.392241,32504297.54670776,1023.0,-1.398882488895057e-09,1072.0,ASK
402,1712176483.269251,32505645.94595446,1023.0,-3.772504188496136e-08,1072.0,ASK
403,1712176483.969276,32506464.34595446,1023.0,-2.2896908578192608e-08,1072.0,ASK
404,1712176485.079458,32507947.44562477,1023.0,-4.14936431616419e-08,1072.0,ASK
405,1712176488.3893712,32508348.22782477,1023.0,-1.1212944028849752e-08,1072.0,ASK
406,1712176490.7597237,32509089.77765992,1023.0,-2.0746821580664613e-08,1072.0,ASK
407,1712176500.6329896,32509089.77765992,1023.0,-0.0,1072.0,ASK
408,1712176507.3420427,32510223.97765992,1023.0,-3.1757766206530055e-08,1072.0,ASK
409,1712176509.1396468,32510715.67765992,1023.0,-1.3767672054184212e-08,1072.0,ASK
410,1712176510.3497298,32511676.87531491,1023.0,-2.6913675194333883e-08,1072.0,ASK
411,1712176512.159683,32514853.47531491,1023.0,-8.894526550147855e-08,1072.0,ASK
412,1712176513.6796818,32518297.07531491,1023.0,-9.642130462776209e-08,1072.0,ASK
413,1712176515.08973,32518497.85891491,1023.0,-5.621970223055807e-09,1072.0,ASK
414,1712176520.7899027,32519332.85891491,1023.0,-2.338012236155001e-08,1072.0,ASK
415,1712176522.3007617,32524192.85891491,1023.0,-1.360807121881833e-07,1072.0,ASK
416,1712176530.6601622,32524192.85891491,1023.0,-0.0,1072.0,ASK
417,1712176532.0744648,32525428.55891491,1023.0,-3.458481917151584e-08,1072.0,ASK
418,1712176534.1001596,32525799.05891491,1023.0,-1.0369568263376502e-08,1072.0,ASK
419,1712176537.689998,32527467.05891491,1023.0,-4.668404821406749e-08,1072.0,ASK
420,1712176542.033314,32527946.90536404,1023.0,-1.342996089118738e-08,1072.0,ASK
421,1712176542.5702624,32530145.90536404,1023.0,-6.15456966563156e-08,1072.0,ASK
422,1712176542.590371,32530258.90446404,1023.0,-3.162623160989599e-09,1072.0,ASK
423,1712176542.9500988,32531220.10211903,1023.0,-2.6902036971664985e-08,1072.0,ASK
424,1712176543.0799615,32531347.89131903,1023.0,-3.576569049195934e-09,1072.0,ASK
425,1712176543.3202083,32532813.89131903,1023.0,-4.1030464437543736e-08,1072.0,ASK
426,1712176544.1048884,32534279.89131903,1023.0,-4.1030464437543736e-08,1072.0,ASK
427,1712176544.780041,32534614.89131903,1023.0,-9.3759928967102e-09,1072.0,ASK
428,1712176546.0704727,32535798.80969103,1023.0,-3.3135552973644047e-08,1072.0,ASK
429,1712176547.985536,32536425.90969103,1023.0,-1.7551298941808978e-08,1072.0,ASK
430,1712176549.4804375,32537306.70969103,1023.0,-2.465186430874426e-08,1072.0,ASK
431,1712176550.9902544,32538685.61489103,1023.0,-3.859285182222312e-08,1072.0,ASK
432,1712176553.0897613,32540275.87340932,1023.0,-4.4508216631097945e-08,1072.0,ASK
433,1712176553.0943692,32540471.37679103,1023.0,-5.471756173732734e-09,1072.0,ASK
434,1712176557.161254,32540476.27013741,1022.0,-1.3695516687812036e-10,1072.0,ASK
435,1712176557.165575,32540481.27013741,1022.0,-1.3994019248821192e-10,1072.0,ASK
436,1712176557.169733,32540573.25692335,1022.0,-2.574529706186225e-09,1072.0,ASK
437,1712176557.173862,32540573.25696294,1023.0,-1.1080089401991874e-15,1072.0,ASK
438,1712176557.1762114,32541432.57444602,1022.0,-2.4050610798103493e-08,1072.0,ASK
439,1712176557.1801126,32542371.90908398,1022.0,-2.6290134009457324e-08,1072.0,ASK
440,1712176557.320537,32542567.22158398,1024.0,5.466413769070777e-09,1072.0,BID
441,1712176557.7007222,32542754.99093887,1022.0,-5.2552959332634146e-09,1072.0,ASK
442,1712176560.9502835,32542754.99093887,1022.0,-0.0,1072.0,ASK
443,1712176577.1811173,32542774.52218887,1024.0,5.463510385397712e-10,1072.0,BID
444,1712176590.9809732,32542774.52218887,1024.0,0.0,1072.0,BID
445,1712176591.6311028,32543581.39032568,1024.0,2.2570649491554906e-08,1072.0,BID
446,1712176591.6354532,32567011.38917917,1024.0,6.554110486988617e-07,1072.0,BID
447,1712176591.7306342,32570761.38917917,1024.0,-1.048993407122877e-07,1072.0,ASK
448,1712176591.750548,32574511.38917917,1024.0,-1.048993407122877e-07,1072.0,ASK
449,1712176591.7769048,32578416.18917917,1024.0,-1.0922958549691177e-07,1072.0,ASK
450,1712176591.7802746,32584904.05194517,1024.0,-1.8148600714265402e-07,1072.0,ASK
451,1712176591.8110063,32586857.05194517,1024.0,-5.4631576642959416e-08,1072.0,ASK
452,1712176591.850701,32586926.45194517,1024.0,-1.9413371321779286e-09,1072.0,ASK
453,1712176592.060743,32590993.88078262,1024.0,-1.137788275846612e-07,1072.0,ASK
454,1712176592.4407706,32591496.69609729,1022.0,-1.4065332002356416e-08,1072.0,ASK
455,1712176592.445212,32591955.07843761,1022.0,-1.2822401411748548e-08,1072.0,ASK
456,1712176594.890937,32592443.35968761,1024.0,1.3658768321912457e-08,1072.0,BID
457,1712176596.4811578,32592765.69838064,1024.0,9.01683103598032e-09,1072.0,BID
458,1712176596.4841237,32603863.20471666,1024.0,3.104322928530053e-07,1072.0,BID
459,1712176596.531093,32611113.40471666,1024.0,-2.0281098667524e-07,1072.0,ASK
460,1712176596.5407157,32613246.51123376,1024.0,-5.966972461673412e-08,1072.0,ASK
461,1712176596.5907447,32618124.56001424,1024.0,-1.3645442694265817e-07,1072.0,ASK
462,1712176598.0409074,32621950.46001424,1024.0,-1.0702250336826269e-07,1072.0,ASK
463,1712176598.8669145,32622432.67157673,1024.0,-1.3488979997132805e-08,1072.0,ASK
464,1712176599.530788,32633426.19787673,1024.0,-3.075236429261341e-07,1072.0,ASK
465,1712176619.9886634,32633426.19796886,1024.0,-2.577171320871101e-15,1072.0,ASK
466,1712176620.0224988,32635426.19796886,1022.0,-5.594631504655342e-08,1072.0,ASK
467,1712176620.0259106,32642426.19796886,1022.0,-1.9581210266293699e-07,1072.0,ASK
468,1712176620.0293424,32646225.12164792,1022.0,-1.062678904932858e-07,1072.0,ASK
469,1712176620.0322938,32650769.73465255,1022.0,-1.2712717546080686e-07,1072.0,ASK
470,1712176620.0410757,32653137.06809912,1023.0,6.622179141101693e-08,1072.0,BID
471,1712176620.1266935,32653209.11694643,1025.0,2.015433755179996e-09,1072.0,BID
472,1712176620.701704,32653209.11694643,1025.0,0.0,1072.0,BID
473,1712176621.293158,32653396.51436578,1023.0,-5.225571906786018e-09,1072.0,ASK
474,1712176627.7817593,32654647.03699784,1023.0,-3.4870789349604885e-08,1072.0,ASK
475,1712176645.7819393,32656415.97718908,1025.0,4.93268487905728e-08,1072.0,BID
476,1712176645.7866464,32657329.73748908,1025.0,2.548018094230721e-08,1072.0,BID
477,1712176645.8411798,32661263.93748908,1025.0,-1.0970505926267689e-07,1072.0,ASK
478,1712176646.0411422,32661390.1749131,1025.0,-3.520127111799352e-09,1072.0,ASK
479,1712176647.3551078,32663191.7749131,1025.0,-5.0237566663424266e-08,1072.0,ASK
480,1712176648.8318803,32664745.2749131,1025.0,-4.331930495766342e-08,1072.0,ASK
481,1712176649.1015494,32665017.3968131,1025.0,-7.588111729478498e-09,1072.0,ASK
482,1712176649.286474,32670927.44355967,1025.0,-1.6480149168248417e-07,1072.0,ASK
483,1712176650.3414936,32671494.54355967,1025.0,-1.58135679701033e-08,1072.0,ASK
484,1712176650.6412826,32671494.54355967,1025.0,-0.0,1072.0,ASK
485,1712176651.8316734,32676216.54355967,1025.0,-1.316040702392576e-07,1072.0,ASK
486,1712176654.862299,32676797.84355967,1025.0,-1.6201068621384686e-08,1072.0,ASK
487,1712176655.0817518,32677542.26435967,1025.0,-2.074731199720898e-08,1072.0,ASK
488,1712176656.3533096,32678941.26435967,1025.0,-3.8990701877323456e-08,1072.0,ASK
489,1712176657.87136,32679362.46425967,1025.0,-1.1739013389251894e-08,1072.0,ASK
490,1712176659.3619251,32682058.86425967,1025.0,-7.514977022308944e-08,1072.0,ASK
491,1712176660.85176,32682538.41695967,1025.0,-1.3365329778476322e-08,1072.0,ASK
492,1712176662.3617585,32684134.34325967,1025.0,-4.447911835703749e-08,1072.0,ASK
493,1712176663.8815477,32686370.64325967,1025.0,-6.232659514530915e-08,1072.0,ASK
494,1712176665.3948617,32686963.75075967,1025.0,-1.6530148472930014e-08,1072.0,ASK
495,1712176668.261755,32689445.39305967,1025.0,-6.916438533634315e-08,1072.0,ASK
496,1712176668.6415112,32689445.39314418,1025.0,-2.355278369332428e-15,1072.0,ASK
497,1712176680.9515414,32689445.39314418,1025.0,-0.0,1072.0,ASK
498,1712176683.971796,32689933.19802223,1025.0,1.3588353179317494e-08,1072.0,BID
499,1712176702.4719129,32689942.95411979,1025.0,2.7176706352616204e-10,1072.0,BID
500,1712176710.964336,32689942.95411979,1025.0,0.0,1072.0,BID
501,1712176740.643582,32689942.95411979,1025.0,0.0,1072.0,BID
502,1712176743.4925127,32689947.83216857,1025.0,1.358816013962496e-10,1072.0,BID
503,1712176759.67264,32691117.75817008,1023.0,-3.258914080753466e-08,1072.0,ASK
504,1712176759.678114,32691216.23697626,1023.0,-2.7431988664152514e-09,1072.0,ASK
505,1712176765.0225012,32692216.23697626,1025.0,2.7855728281561488e-08,1072.0,BID
506,1712176766.4626403,32701053.31097475,1023.0,-2.461631321060512e-07,1072.0,ASK
507,1712176766.5424206,32712216.53618076,1023.0,3.109597680844941e-07,1072.0,BID
508,1712176770.6634097,32712216.53618076,1023.0,0.0,1072.0,BID
509,1712176772.372471,32712380.35038264,1025.0,4.560269159997542e-09,1072.0,BID
510,1712176772.432642,32714747.68382921,1025.0,-6.590196444453989e-08,1072.0,ASK
511,1712176772.4374597,32715229.15279928,1025.0,-1.3403160840114709e-08,1072.0,ASK
512,1712176776.0824757,32716095.08989928,1023.0,-2.4106006721673543e-08,1072.0,ASK
513,1712176784.5229912,32716179.93594033,1023.0,-2.3619489635592035e-09,1072.0,ASK
514,1712176784.527848,32716367.33402919,1023.0,-5.2167987602271445e-09,1072.0,ASK
515,1712176784.9449072,32716670.03402919,1023.0,8.426579984420225e-09,1072.0,BID
516,1712176800.684548,32716670.03402919,1023.0,0.0,1072.0,BID
517,1712176809.2127352,32718779.38439451,1022.0,-5.873690317110787e-08,1072.0,ASK
518,1712176826.9534452,32720623.93178813,1022.0,-5.136320804487828e-08,1072.0,ASK
519,1712176826.9585855,32720708.77586315,1022.0,-2.362565413895026e-09,1072.0,ASK
520,1712176827.052848,32724458.77586315,1022.0,1.044223807067831e-07,1072.0,BID
521,1712176827.073759,32734058.77586315,1022.0,2.673212946093647e-07,1072.0,BID
522,1712176827.113229,32734132.48141096,1022.0,2.0524023397240382e-09,1072.0,BID
523,1712176827.133041,32734142.85582952,1022.0,2.8888572910352536e-10,1072.0,BID
524,1712176830.6349242,32734142.85582952,1022.0,0.0,1072.0,BID
525,1712176832.5533595,32734240.79902246,1021.0,-2.7259675429282604e-09,1072.0,ASK
526,1712176832.5594516,32734252.55220561,1021.0,-3.271161051430967e-10,1072.0,ASK
527,1712176832.5646498,32736323.38149491,1021.0,-5.763558712057939e-08,1072.0,ASK
528,1712176860.944457,32736323.38149491,1021.0,-0.0,1072.0,ASK
529,1712176861.2234724,32736813.09745965,1021.0,-1.3628993220664206e-08,1072.0,ASK
530,1712176861.2284324,32740323.38149491,1021.0,-9.76926234053677e-08,1072.0,ASK
531,1712176890.963333,32740323.38149491,1021.0,-0.0,1072.0,ASK
532,1712176896.2639756,32741096.15396298,1021.0,-2.1504125962028465e-08,1072.0,ASK
533,1712176896.2688584,32741789.16987874,1021.0,-1.928472113319717e-08,1072.0,ASK
534,1712176896.2734556,32754471.95554911,1021.0,-3.5292693758317655e-07,1072.0,ASK
535,1712176920.6236007,32754471.95554911,1021.0,-0.0,1072.0,ASK
536,1712176921.1342776,32754961.19224911,1022.0,-1.3608637266399554e-08,1072.0,ASK
537,1712176950.684306,32754961.19224911,1022.0,-0.0,1072.0,ASK
538,1712176965.37877,32754961.19233971,1022.0,-2.5200738162668468e-15,1072.0,ASK
539,1712176980.6955671,32754961.19233971,1022.0,-0.0,1072.0,ASK
540,1712176982.0847178,32754984.47810671,1022.0,6.477092772343614e-10,1072.0,BID
541,1712176990.9720705,32755184.47810671,1021.0,-5.563134572545304e-09,1072.0,ASK
542,1712177000.4143362,32755911.96225196,1021.0,-2.0235460997098992e-08,1072.0,ASK
543,1712177005.0642483,32756084.0133772,1022.0,4.785717815328171e-09,1072.0,BID
544,1712177005.2959363,32756810.05935616,1022.0,2.019545743403964e-08,1072.0,BID
545,1712177010.6562245,32756810.05935616,1022.0,0.0,1072.0,BID
546,1712177026.2174363,32757668.62948541,1021.0,-2.3880451331100826e-08,1072.0,ASK
547,1712177040.9445548,32757668.62948541,1021.0,-0.0,1072.0,ASK
548,1712177047.654508,32758592.12948541,1021.0,-2.568579823196684e-08,1072.0,ASK
549,1712177049.1444428,32759589.62948541,1021.0,-2.7743999714549983e-08,1072.0,ASK
550,1712177051.9345646,32759877.12948541,1021.0,-7.996390895171048e-09,1072.0,ASK
551,1712177053.4146965,32760803.12938541,1021.0,-2.5755329284541065e-08,1072.0,ASK
552,1712177054.9248412,32760954.93497135,1021.0,-4.222249757364248e-09,1072.0,ASK
553,1712177054.9299726,32762376.06918541,1021.0,-3.9526764139525575e-08,1072.0,ASK
554,1712177055.6647053,32770722.10516629,1021.0,-2.3213275175054226e-07,1072.0,ASK
555,1712177055.744547,32775302.7749418,1021.0,-1.274046124753396e-07,1072.0,ASK
556,1712177056.434589,32778175.8949418,1021.0,-7.991161950866847e-08,1072.0,ASK
557,1712177056.5152185,32780595.22516629,1021.0,-6.729012236360768e-08,1072.0,ASK
558,1712177056.5195758,32783432.4495875,1021.0,-7.891323662374014e-08,1072.0,ASK
559,1712177056.5246036,32783648.81092268,1021.0,-6.01777325452595e-09,1072.0,ASK
560,1712177070.9544516,32783648.81092268,1021.0,-0.0,1072.0,ASK
561,1712177087.135173,32783809.81092268,1022.0,4.474677594862628e-09,1072.0,BID
562,1712177087.1745522,32783970.81092268,1022.0,4.474677594862628e-09,1072.0,BID
563,1712177087.194732,32784131.81092268,1022.0,4.474677594862628e-09,1072.0,BID
564,1712177091.075018,32784286.7450815,1020.0,-4.3060894978490105e-09,1072.0,ASK
565,1712177091.0802567,32784291.64802268,1020.0,-1.3626758420601906e-10,1072.0,ASK
566,1712177091.0955205,32785116.61606961,1020.0,-2.2928360472508404e-08,1072.0,ASK
567,1712177091.0996554,32785117.7140972,1020.0,-3.0517512164455416e-11,1072.0,ASK
568,1712177091.103651,32789148.51355951,1020.0,-1.1202812449298482e-07,1072.0,ASK
569,1712177091.1075182,32790674.36124712,1020.0,-4.24079283286904e-08,1072.0,ASK
570,1712177096.0952437,32790766.21093308,1020.0,-2.5527809433223167e-09,1072.0,ASK
571,1712177096.0998862,32791393.37124712,1020.0,-1.7430684506923104e-08,1072.0,ASK
572,1712177098.1276262,32791403.17516868,1020.0,-2.7248067165967246e-10,1072.0,ASK
573,1712177098.1300972,32792112.43124712,1020.0,-1.971237442992989e-08,1072.0,ASK
574,1712177099.6351795,32792538.7764631,1020.0,-1.1849424755418704e-08,1072.0,ASK
575,1712177099.640447,32792831.54124712,1020.0,-8.136819997618551e-09,1072.0,ASK
576,1712177100.6858845,32792831.54124712,1020.0,-0.0,1072.0,ASK
577,1712177101.165511,32792951.54124712,1020.0,-3.336258391126142e-09,1072.0,ASK
578,1712177101.1701164,32793668.57057065,1020.0,-1.9934959144342213e-08,1072.0,ASK
579,1712177101.174213,32794792.36174712,1020.0,-3.12438145197111e-08,1072.0,ASK
580,1712177111.8153005,32794867.5861068,1021.0,2.0913991766615132e-09,1072.0,BID
581,1712177130.6556363,32794867.5861068,1021.0,0.0,1072.0,BID
582,1712177160.6751175,32794867.5861068,1021.0,0.0,1072.0,BID
583,1712177176.265355,32794998.70117489,1021.0,3.6450707488721342e-09,1072.0,BID
584,1712177184.7290256,32795198.70117489,1022.0,5.5601096075271145e-09,1072.0,BID
585,1712177190.645594,32795198.70117489,1022.0,0.0,1072.0,BID
586,1712177220.9552972,32795198.70117489,1022.0,0.0,1072.0,BID
587,1712177234.2455316,32795204.44413387,1022.0,1.5965590563257828e-10,1072.0,BID
588,1712177234.2485664,32797080.85381676,1022.0,5.216472696776561e-08,1072.0,BID
589,1712177234.4102428,32797180.85381676,1022.0,2.7800286602371103e-09,1072.0,BID
590,1712177250.9478498,32797180.85381676,1022.0,0.0,1072.0,BID
591,1712177251.7534847,32797670.09060737,1022.0,1.3600157079364289e-08,1072.0,BID
592,1712177255.5157642,32798317.25939406,1022.0,1.7990464586329272e-08,1072.0,BID
593,1712177257.64576,32802061.16299606,1022.0,1.0407573194459161e-07,1072.0,BID
594,1712177258.2755532,32802061.16299633,1022.0,7.456198025616333e-18,1072.0,BID
595,1712177269.9172657,32803061.16299633,1021.0,-2.7798721069897503e-08,1072.0,ASK
596,1712177269.919818,32806811.16299633,1021.0,-1.0424520401211565e-07,1072.0,ASK
597,1712177269.9222343,32807315.5352543,1022.0,-1.4020903714710022e-08,1072.0,ASK
598,1712177269.9246902,32807544.27440349,1021.0,-6.358655806111977e-09,1072.0,ASK
599,1712177277.5605094,32809288.97495805,1023.0,4.8500444066733134e-08,1072.0,BID
600,1712177277.566356,32814413.1593354,1023.0,1.4244577221667666e-07,1072.0,BID
601,1712177277.6835625,32815223.6850945,1023.0,2.2531579497213245e-08,1072.0,BID
602,1712177280.6958754,32815223.6850945,1023.0,0.0,1072.0,BID
603,1712177282.6265829,32815233.4507195,1024.0,2.7133277931941757e-10,1072.0,BID
604,1712177296.6859272,32815678.58343596,1024.0,1.2367779545357345e-08,1072.0,BID
605,1712177300.226194,32815722.16009452,1024.0,-1.2107546501143228e-09,1072.0,ASK
606,1712177300.2316856,32815971.55218596,1024.0,-6.929228729468205e-09,1072.0,ASK
607,1712177310.6579568,32815971.55218596,1024.0,-0.0,1072.0,ASK
608,1712177316.3760808,32816416.2567774,1024.0,-1.2355621415385816e-08,1072.0,ASK
609,1712177316.3815904,32816771.55218596,1023.0,-9.871486922628412e-09,1072.0,ASK
610,1712177340.986426,32816771.55218596,1023.0,-0.0,1072.0,ASK
611,1712177352.816451,32817001.01841297,1023.0,-6.375318316705883e-09,1072.0,ASK
612,1712177370.9834344,32817001.01841297,1023.0,-0.0,1072.0,ASK
613,1712177390.7863216,32817517.13865197,1023.0,-1.433940583027487e-08,1072.0,ASK
614,1712177390.7919729,32827582.8104216,1023.0,-2.79655284858638e-07,1072.0,ASK
615,1712177396.1471424,32827680.37139721,1025.0,2.710543622822721e-09,1072.0,BID
616,1712177396.153458,32828246.60366237,1025.0,1.5731671867956043e-08,1072.0,BID
617,1712177396.1585455,32831996.60366237,1026.0,1.0418652050467413e-07,1072.0,BID
618,1712177396.1644752,32837164.00962946,1027.0,1.4356641273222368e-07,1072.0,BID
619,1712177396.1674511,32837325.00962946,1026.0,4.473074613667342e-09,1072.0,BID
620,1712177400.667905,32837325.00962946,1026.0,0.0,1072.0,BID
621,1712177430.648273,32837325.00962946,1026.0,0.0,1072.0,BID
622,1712177435.866718,32838300.61938555,1025.0,2.7106511336219586e-08,1072.0,BID
623,1712177438.3204834,32838812.61423059,1023.0,-1.4225353923005394e-08,1072.0,ASK
624,1712177438.3257608,32838846.91242956,1023.0,-9.52947132125231e-10,1072.0,ASK
625,1712177438.3317406,32839335.67098283,1023.0,-1.3579752746573596e-08,1072.0,ASK
626,1712177438.335396,32843755.40785349,1022.0,-1.2279873877789718e-07,1072.0,ASK
627,1712177438.338324,32845633.46836179,1023.0,-5.2180360170006855e-08,1072.0,ASK
628,1712177438.3412452,32845894.58816435,1022.0,-7.254998060354322e-09,1072.0,ASK
629,1712177438.3443022,32853348.97463523,1021.0,-2.071139716627853e-07,1072.0,ASK
630,1712177456.216581,32855460.14463523,1022.0,-5.865711487642437e-08,1072.0,ASK
631,1712177456.2233648,32856242.06685692,1022.0,-2.172506315554165e-08,1072.0,ASK
632,1712177460.9771528,32856242.06685692,1022.0,-0.0,1072.0,ASK
633,1712177464.6566448,32856410.06685692,1025.0,4.665235493290629e-09,1072.0,BID
634,1712177464.6626368,32856534.62826042,1026.0,3.458977861269137e-09,1072.0,BID
635,1712177490.9765592,32856534.62826042,1026.0,0.0,1072.0,BID
636,1712177503.1565273,32856827.31118724,1025.0,8.12752025865179e-09,1072.0,BID
637,1712177513.736532,32857119.99411406,1025.0,8.127520258548341e-09,1072.0,BID
638,1712177520.6667385,32857119.99411406,1025.0,0.0,1072.0,BID
639,1712177544.0968995,32857989.99761406,1023.0,-2.4158748642017464e-08,1072.0,ASK
640,1712177545.506857,32858590.19761406,1023.0,-1.6666692645405268e-08,1072.0,ASK
641,1712177546.996875,32859567.82689366,1023.0,-2.7147362086472923e-08,1072.0,ASK
642,1712177547.003336,32860696.69761406,1023.0,-3.134711984886493e-08,1072.0,ASK
643,1712177550.67978,32860696.69761406,1023.0,-0.0,1072.0,ASK
644,1712177567.8871288,32860958.11660669,1024.0,7.258492765738251e-09,1072.0,BID
645,1712177567.893069,32860973.87158608,1025.0,4.3744872084620846e-10,1072.0,BID
646,1712177567.898695,32860989.65097833,1024.0,4.3812656204029076e-10,1072.0,BID
647,1712177575.5471632,32861282.33390515,1025.0,8.126559151600826e-09,1072.0,BID
648,1712177580.968678,32861282.33390515,1025.0,0.0,1072.0,BID
649,1712177585.867515,32861575.01683197,1025.0,8.126423769984172e-09,1072.0,BID
650,1712177610.980247,32861575.01683197,1025.0,0.0,1072.0,BID
651,1712177640.6582005,32861575.01683197,1025.0,0.0,1072.0,BID
652,1712177654.9670594,32862141.24909713,1024.0,-1.572146712173647e-08,1072.0,ASK
653,1712177657.1971817,32862336.37104834,1025.0,5.417570720336883e-09,1072.0,BID
654,1712177670.6671395,32862336.37104834,1025.0,0.0,1072.0,BID
655,1712177673.7070165,32862531.49299955,1025.0,5.4174534228638946e-09,1072.0,BID
656,1712177695.2275074,32862580.27348735,1025.0,1.354363355690116e-09,1072.0,BID
657,1712177698.7073424,32862629.05397515,1025.0,1.3543633555866851e-09,1072.0,BID
658,1712177700.917751,32862677.83446295,1025.0,1.3543633555866851e-09,1072.0,BID
659,1712177700.9408352,32862677.83446295,1025.0,0.0,1072.0,BID
660,1712177709.6774197,32862726.61495075,1025.0,1.3561016088098631e-09,1072.0,BID
661,1712177712.407549,32862775.39543855,1025.0,1.3561016087062995e-09,1072.0,BID
662,1712177714.3978631,32862824.17592635,1025.0,1.3561016088098631e-09,1072.0,BID
663,1712177716.147491,32862872.95641415,1025.0,1.3561016087062995e-09,1072.0,BID
664,1712177718.317699,32863754.2084906,1025.0,2.4498880853664323e-08,1072.0,BID
665,1712177718.3245344,32866372.95641415,1025.0,7.280140958442415e-08,1072.0,BID
666,1712177725.8477988,32866421.73690195,1025.0,1.3561016088098631e-09,1072.0,BID
667,1712177730.9972768,32866421.73690195,1025.0,0.0,1072.0,BID
668,1712177731.9575434,32866470.51738975,1025.0,1.3559569513970359e-09,1072.0,BID
669,1712177734.2673457,32866958.32226779,1025.0,1.3559569515627196e-08,1072.0,BID
670,1712177736.7573323,32867153.444219,1025.0,5.423827806105905e-09,1072.0,BID
671,1712177744.3881292,32869779.66909704,1025.0,7.300148153589878e-08,1072.0,BID
672,1712177745.1775477,32870754.30373094,1025.0,2.7092033445333795e-08,1072.0,BID
673,1712177753.9274569,32870783.30373094,1024.0,-8.06116407716649e-10,1072.0,ASK
674,1712177754.8573017,32871781.10370901,1024.0,-2.7735963239362368e-08,1072.0,ASK
675,1712177758.7277389,32873688.07146578,1024.0,-5.300820681790877e-08,1072.0,ASK
676,1712177758.733749,32874298.23720676,1023.0,-1.6960848801101173e-08,1072.0,ASK
677,1712177758.7395868,32874308.00283176,1024.0,-2.714562256588933e-10,1072.0,ASK
678,1712177758.7439013,32876199.71036812,1023.0,-5.2584016677921934e-08,1072.0,ASK
679,1712177760.6690297,32876199.71036812,1023.0,-0.0,1072.0,ASK
680,1712177761.2300415,32877452.08533627,1023.0,-3.480272599466444e-08,1072.0,ASK
681,1712177790.6488776,32877452.08533627,1023.0,-0.0,1072.0,ASK
682,1712177820.7130153,32877452.08533627,1023.0,-0.0,1072.0,ASK
683,1712177850.6677666,32877452.08533627,1023.0,-0.0,1072.0,ASK
684,1712177860.3476858,32879695.14533356,1024.0,6.233103120904356e-08,1072.0,BID
685,1712177860.3678005,32880820.91819786,1024.0,3.1283418019985124e-08,1072.0,BID
686,1712177860.3774986,32881358.46679786,1024.0,1.4937611389562095e-08,1072.0,BID
687,1712177860.427754,32888014.70169986,1024.0,1.849660668521059e-07,1072.0,BID
688,1712177860.4374466,32892409.15763786,1024.0,1.2211486565210022e-07,1072.0,BID
689,1712177860.9178095,32898905.76193686,1024.0,1.8053018902903728e-07,1072.0,BID
690,1712177860.997833,32900101.24579886,1024.0,3.3220574573332574e-08,1072.0,BID
691,1712177861.0181088,32902135.10055886,1024.0,5.6517553999218864e-08,1072.0,BID
692,1712177861.682602,32903904.00055886,1024.0,4.9154887180544e-08,1072.0,BID
693,1712177862.14599,32905729.90055886,1024.0,5.0738825542862015e-08,1072.0,BID
694,1712177862.3450706,32905818.20055886,1024.0,2.4537150421579363e-09,1072.0,BID
695,1712177864.9381602,32906096.86355536,1024.0,7.743596672716617e-09,1072.0,BID
696,1712177864.9489567,32906343.88364876,1024.0,6.864291267109863e-09,1072.0,BID
697,1712177864.9629362,32906505.04732693,1024.0,4.478479517214652e-09,1072.0,BID
698,1712177865.0182593,32906721.66938506,1024.0,6.019578737194471e-09,1072.0,BID
699,1712177865.12062,32906885.77301262,1024.0,4.560175984261696e-09,1072.0,BID
700,1712177865.1377947,32907007.89924401,1024.0,3.393691630844698e-09,1072.0,BID
701,1712177865.2776194,32907293.40766009,1024.0,7.933819877573958e-09,1072.0,BID
702,1712177865.2977986,32907439.78855738,1024.0,4.06768980254228e-09,1072.0,BID
703,1712177865.310848,32907587.3981617,1024.0,4.101833595553723e-09,1072.0,BID
704,1712177865.3178988,32907865.58792102,1024.0,7.730446172215023e-09,1072.0,BID
705,1712177865.3978572,32908205.40884082,1024.0,9.443077039043253e-09,1072.0,BID
706,1712177866.1976457,32908663.21750912,1024.0,1.2721766883689408e-08,1072.0,BID
707,1712177866.9278371,32908810.82711344,1024.0,4.101833595450203e-09,1072.0,BID
708,1712177866.9351866,32909013.81293401,1024.0,5.640649618121243e-09,1072.0,BID
709,1712177866.9597504,32918818.4552155,1024.0,2.724552463064643e-07,1072.0,BID
710,1712177880.9678557,32918818.4552155,1024.0,0.0,1072.0,BID
711,1712177910.968076,32918818.4552155,1024.0,0.0,1072.0,BID
712,1712177921.2900372,32918920.46496208,1026.0,2.8313540916146516e-09,1072.0,BID
713,1712177921.6679966,32919444.61751223,1025.0,-1.4548232078134106e-08,1072.0,ASK
714,1712177921.674297,32919915.97196464,1025.0,-1.3082782794335658e-08,1072.0,ASK
715,1712177938.0783782,32920891.58172073,1025.0,2.7078752445698332e-08,1072.0,BID
716,1712177940.62842,32920891.58172073,1025.0,0.0,1072.0,BID
717,1712177970.638312,32920891.58172073,1025.0,0.0,1072.0,BID
718,1712177997.4382348,32920989.14269633,1025.0,2.707715536542034e-09,1072.0,BID
719,1712178000.82537,32920989.14269633,1025.0,0.0,1072.0,BID
720,1712178003.7382064,32921964.75245242,1025.0,2.7081226016094505e-08,1072.0,BID
721,1712178004.5698106,32922106.28135242,1024.0,-3.92859553199169e-09,1072.0,ASK
722,1712178004.8905458,32922651.76440248,1024.0,-1.514165851089719e-08,1072.0,ASK
723,1712178004.8968496,32927591.15186648,1024.0,-1.3710878500213648e-07,1072.0,ASK
724,1712178027.9190514,32927620.47737967,1023.0,-8.14025121950096e-10,1072.0,ASK
725,1712178027.9287574,32928407.10025347,1023.0,-2.1835279630900923e-08,1072.0,ASK
726,1712178030.683633,32928407.10025347,1023.0,-0.0,1072.0,ASK
727,1712178033.728512,32928504.75650347,1024.0,2.7101957920222834e-09,1072.0,BID
728,1712178035.128196,32928553.82421691,1022.0,-1.3617470513949914e-09,1072.0,ASK
729,1712178038.4082184,32928602.89193035,1022.0,-1.3617470513949914e-09,1072.0,ASK
730,1712178045.418942,32928628.41561199,1024.0,7.08343547692424e-10,1072.0,BID
731,1712178055.9084296,32928633.30319752,1024.0,1.3564225271561322e-10,1072.0,BID
732,1712178060.9513514,32928633.30319752,1024.0,0.0,1072.0,BID
733,1712178090.9686978,32928633.30319752,1024.0,0.0,1072.0,BID
734,1712178113.2202594,32928926.55720312,1022.0,-8.138451632571117e-09,1072.0,ASK
735,1712178113.2269642,32929905.03078433,1022.0,-2.7154820607267976e-08,1072.0,ASK
736,1712178113.2320006,32935830.79727354,1022.0,-1.6445321474703944e-07,1072.0,ASK
737,1712178113.5983768,32936831.67075435,1022.0,-2.7776467698198465e-08,1072.0,ASK
738,1712178114.0185096,32937331.67075435,1022.0,1.3876113330363972e-08,1072.0,BID
739,1712178120.6792288,32937331.67075435,1022.0,0.0,1072.0,BID
740,1712178129.4966595,32938081.3523987,1021.0,-2.0800203302411544e-08,1072.0,ASK
741,1712178143.078616,32938138.53657217,1021.0,-1.586596714470718e-09,1072.0,ASK
742,1712178143.081866,32938163.58293831,1021.0,-6.949209863011367e-10,1072.0,ASK
743,1712178143.0848184,32938587.16828581,1021.0,-1.1752537107337217e-08,1072.0,ASK
744,1712178148.928613,32938926.04958384,1021.0,-9.402390931623285e-09,1072.0,ASK
745,1712178150.6861727,32938926.04958384,1021.0,-0.0,1072.0,ASK
746,1712178180.9691532,32938926.04958384,1021.0,-0.0,1072.0,ASK
747,1712178187.804076,32943320.50552184,1021.0,-1.2192035032434164e-07,1072.0,ASK
748,1712178187.8289533,32944769.15698336,1021.0,-4.019157233072099e-08,1072.0,ASK
749,1712178187.8368063,32946585.09646709,1021.0,-5.03816584231597e-08,1072.0,ASK
750,1712178187.8420062,32947391.09646709,1021.0,-2.2361767588034512e-08,1072.0,ASK
751,1712178199.5885367,32953575.1480801,1020.0,-1.7157112273269225e-07,1072.0,ASK
752,1712178199.6483257,32963175.1480801,1020.0,-2.663436338028924e-07,1072.0,ASK
753,1712178199.9681656,32963251.81906208,1021.0,2.127169577918583e-09,1072.0,BID
754,1712178202.3185103,32964243.68831216,1020.0,-2.7518547950421988e-08,1072.0,ASK
755,1712178202.3282883,32965354.15754208,1020.0,-3.0809001033609644e-08,1072.0,ASK
756,1712178202.6684265,32965778.72985765,1020.0,-1.1779388889688892e-08,1072.0,ASK
757,1712178202.828135,32966075.80117171,1020.0,-8.241984717200735e-09,1072.0,ASK
758,1712178208.128091,32966567.45358157,1020.0,-1.3640467646957052e-08,1072.0,ASK
759,1712178208.1381328,32966619.33009736,1020.0,-1.4392687212258283e-09,1072.0,ASK
760,1712178208.1431525,32966629.13401892,1020.0,-2.720012598185999e-10,1072.0,ASK
761,1712178210.9579024,32966629.13401892,1020.0,-0.0,1072.0,ASK
762,1712178211.7978911,32966799.85351892,1020.0,-4.7327522921117515e-09,1072.0,ASK
763,1712178211.8081615,32966848.87312676,1020.0,-1.35894060945289e-09,1072.0,ASK
764,1712178211.8112528,32967101.53075865,1020.0,-7.004273011914696e-09,1072.0,ASK
765,1712178216.5182877,32967591.72683708,1020.0,1.3589406094838728e-08,1072.0,BID
766,1712178224.239054,32967596.72683708,1019.0,-1.386119421674996e-10,1072.0,ASK
767,1712178224.245608,32967606.64342196,1019.0,-2.749114179538434e-10,1072.0,ASK
768,1712178224.2509658,32969248.89369032,1019.0,-4.552709984456367e-08,1072.0,ASK
769,1712178228.5017686,32972219.80242437,1019.0,8.236068592580185e-08,1072.0,BID
770,1712178232.7274733,32972223.72742822,1018.0,-1.0881048130412683e-10,1072.0,ASK
771,1712178232.7340834,32972272.62624942,1018.0,-1.355592115279247e-09,1072.0,ASK
772,1712178240.680873,32972272.62624942,1018.0,-0.0,1072.0,ASK
773,1712178243.537711,32972370.85807653,1018.0,-2.722786722396716e-09,1072.0,ASK
774,1712178243.543683,32972376.75198615,1018.0,-1.6336720311250615e-10,1072.0,ASK
775,1712178243.5487893,32978953.17266008,1018.0,-1.822850232828177e-07,1072.0,ASK
776,1712178243.9771893,32978966.2587434,1018.0,3.627196497066001e-10,1072.0,BID
777,1712178262.52695,32978979.92424701,1018.0,3.7878000316826047e-10,1072.0,BID
778,1712178263.5757442,32979016.2587434,1018.0,-1.0071184385589275e-09,1072.0,ASK
779,1712178263.579055,32980464.29315833,1017.0,-4.013657278433239e-08,1072.0,ASK
780,1712178263.582294,32983009.01551296,1017.0,-7.053453491814977e-08,1072.0,ASK
781,1712178270.6487353,32983009.01551296,1017.0,-0.0,1072.0,ASK
782,1712178277.8866937,32983203.33428277,1017.0,-5.384490983246145e-09,1072.0,ASK
783,1712178277.8934822,32983242.64599367,1017.0,-1.089310893999153e-09,1072.0,ASK
784,1712178277.8999903,32986807.03350586,1017.0,-9.876767148487165e-08,1072.0,ASK
785,1712178286.786024,32986856.68979103,1017.0,-1.375954674989698e-09,1072.0,ASK
786,1712178286.7927494,32986886.68979103,1017.0,-8.31287320587614e-10,1072.0,ASK
787,1712178286.8481617,32987310.94187556,1017.0,1.1755845953343232e-08,1072.0,BID
788,1712178300.9578652,32987310.94187556,1017.0,0.0,1072.0,BID
789,1712178301.651554,32987438.21750091,1018.0,-3.528577397147402e-09,1072.0,ASK
790,1712178312.7306106,32987516.56531424,1018.0,2.172107365177451e-09,1072.0,BID
791,1712178323.1737723,32987521.48755833,1016.0,-1.3646382952962983e-10,1072.0,ASK
792,1712178323.1834655,32988504.28033106,1017.0,-2.7246853860236853e-08,1072.0,ASK
793,1712178323.1864471,32994765.80550562,1016.0,-1.735939316074243e-07,1072.0,ASK
794,1712178329.0151052,32995206.00054524,1016.0,-1.2203925636623402e-08,1072.0,ASK
795,1712178330.9660614,32995206.00054524,1016.0,-0.0,1072.0,ASK
796,1712178339.3305252,32999011.35061032,1016.0,-1.0547570504072338e-07,1072.0,ASK
797,1712178360.1931958,33001236.43128652,1016.0,-6.167420843843452e-08,1072.0,ASK
798,1712178360.6560743,33001236.43128652,1016.0,-0.0,1072.0,ASK
799,1712178364.2439878,33002348.97162462,1016.0,-3.0831868218354855e-08,1072.0,ASK
800,1712178368.4439592,33002905.24179367,1016.0,-1.5415934109177424e-08,1072.0,ASK
801,1712178368.8240635,33003170.42814783,1016.0,-7.349118449715966e-09,1072.0,ASK
802,1712178370.5240145,33004287.41118038,1016.0,-3.095498876075428e-08,1072.0,ASK
803,1712178371.0939505,33005248.60883537,1016.0,-2.6637703295360013e-08,1072.0,ASK
1004,1712178376.573732,33006011.12757738,1016.0,-2.113170782449945e-08,1072.0,ASK
804,1712178376.573732,33006011.12757738,1016.0,-2.1131707824499452e-08,1072.0,ASK
805,1712178384.5939755,33007106.61629918,1016.0,-3.035931619604642e-08,1072.0,ASK
806,1712178390.7373002,33007106.61629918,1016.0,-0.0,1072.0,ASK
807,1712178403.8833473,33007120.10051309,1017.0,3.7362672426316464e-10,1072.0,BID
808,1712178411.108674,33010120.10051309,1017.0,8.3125362752913e-08,1072.0,BID
809,1712178413.5530603,33014953.6981532,1017.0,-1.339315190786459e-07,1072.0,ASK
810,1712178413.6238887,33016919.6981532,1016.0,-5.447482105740898e-08,1072.0,ASK
1010,1712178413.6238887,33016919.6981532,1016.0,-5.4474821057408984e-08,1072.0,ASK
811,1712178420.6759152,33016919.6981532,1016.0,-0.0,1072.0,ASK
812,1712178425.0430005,33017870.69743947,1016.0,-2.6343436960748963e-08,1072.0,ASK
813,1712178428.3228693,33019602.87496047,1016.0,-4.798269566363879e-08,1072.0,ASK
814,1712178429.1487138,33020052.87496047,1017.0,1.2465358074934956e-08,1072.0,BID
815,1712178429.8128302,33021152.49760197,1016.0,-3.046042216356533e-08,1072.0,ASK
816,1712178432.0030203,33021306.15606653,1016.0,-4.256461737700976e-09,1072.0,ASK
817,1712178432.0098903,33022585.68362558,1016.0,-3.5443931533996884e-08,1072.0,ASK
818,1712178432.0152678,33030957.13988397,1016.0,-2.3189599970997285e-07,1072.0,ASK
819,1712178445.5040429,33031375.13614321,1016.0,-1.1578828989863471e-08,1072.0,ASK
820,1712178445.5107677,33031519.3541158,1016.0,-3.994952598106681e-09,1072.0,ASK
821,1712178448.742356,33031962.18054582,1016.0,-1.2266644478396195e-08,1072.0,ASK
822,1712178450.6222937,33031962.18054582,1016.0,-0.0,1072.0,ASK
823,1712178452.522174,33032912.75088802,1016.0,-2.632041164294522e-08,1072.0,ASK
824,1712178452.6224463,33036477.60667545,1016.0,-9.870755230584148e-08,1072.0,ASK
825,1712178452.6294007,33036782.75088802,1016.0,-8.449160392206741e-09,1072.0,ASK
826,1712178452.7884934,33037207.95932699,1016.0,-1.1773627527521907e-08,1072.0,ASK
827,1712178453.3456984,33037581.87584576,1016.0,-1.0353401802301862e-08,1072.0,ASK
828,1712178453.442095,33037858.57748463,1016.0,-7.661611891334725e-09,1072.0,ASK
829,1712178453.682368,33038066.03582805,1016.0,-5.744329225501035e-09,1072.0,ASK
830,1712178453.6880004,33038194.53503724,1016.0,-3.558023989890662e-09,1072.0,ASK
831,1712178454.0821917,33038308.16398069,1016.0,-3.1462801156420342e-09,1072.0,ASK
832,1712178454.207977,33038383.11699115,1016.0,-2.0753793819003602e-09,1072.0,ASK
1032,1712178454.207977,33038383.11699115,1016.0,-2.07537938190036e-09,1072.0,ASK
833,1712178454.2139578,33038507.16398069,1016.0,-3.4347461547693038e-09,1072.0,ASK
834,1712178455.4121597,33038688.08753736,1016.0,-5.009605576861706e-09,1072.0,ASK
835,1712178461.3510797,33038818.10948972,1015.0,-3.600187336840541e-09,1072.0,ASK
836,1712178461.362342,33038823.14003159,1015.0,-1.3929104133300088e-10,1072.0,ASK
837,1712178461.365701,33039251.93428899,1015.0,-1.1872915515928909e-08,1072.0,ASK
838,1712178461.3689475,33039322.87320376,1015.0,-1.964232793009957e-09,1072.0,ASK
839,1712178461.7485857,33039545.20330339,1015.0,-6.156114369586128e-09,1072.0,ASK
840,1712178463.172369,33039669.22773668,1015.0,-3.434121593244742e-09,1072.0,ASK
841,1712178464.3965273,33039718.39194513,1017.0,1.3613113591322503e-09,1072.0,BID
842,1712178469.042076,33039857.60939541,1015.0,-3.854802150434413e-09,1072.0,ASK
843,1712178472.29733,33040146.25455219,1015.0,-7.992316831159065e-09,1072.0,ASK
844,1712178472.300695,33040358.0379019,1015.0,-5.864084640635634e-09,1072.0,ASK
845,1712178475.3921092,33040382.70775416,1015.0,-6.83085341338944e-10,1072.0,ASK
846,1712178475.399283,33040739.90400955,1015.0,-9.890433208165926e-09,1072.0,ASK
847,1712178476.9823494,33041274.87645082,1015.0,-1.4812891005334473e-08,1072.0,ASK
848,1712178480.951651,33041274.87645082,1015.0,-0.0,1072.0,ASK
849,1712178482.2417915,33041788.29651803,1015.0,-1.4212403278784284e-08,1072.0,ASK
850,1712178483.6915598,33042323.2689593,1015.0,-1.4809012276528928e-08,1072.0,ASK
851,1712178484.4719296,33042858.24140057,1015.0,-1.4809012276632053e-08,1072.0,ASK
852,1712178495.4280446,33042870.39248322,1015.0,-3.3636411570689076e-10,1072.0,ASK
853,1712178495.433915,33044408.3962184,1015.0,-4.257474673216864e-08,1072.0,ASK
854,1712178499.2848244,33044418.24843514,1015.0,-2.727273171237413e-10,1072.0,ASK
855,1712178499.2913792,33046190.0178065,1015.0,-4.904580562973346e-08,1072.0,ASK
856,1712178499.2970726,33046340.76336815,1015.0,-4.172911912605902e-09,1072.0,ASK
857,1712178506.4166403,33046540.76336815,1015.0,-5.536364542984647e-09,1072.0,ASK
858,1712178506.4262688,33047934.85136815,1015.0,-3.859089686509183e-08,1072.0,ASK
859,1712178506.4295344,33058185.91614579,1015.0,-2.837681578137903e-07,1072.0,ASK
860,1712178506.432834,33058235.17722953,1015.0,-1.36363658685618e-09,1072.0,ASK
1060,1712178506.432834,33058235.17722953,1015.0,-1.3636365868561801e-09,1072.0,ASK
861,1712178510.9641285,33058235.17722953,1015.0,-0.0,1072.0,ASK
862,1712178526.391385,33059828.25969685,1015.0,-4.40784215454948e-08,1072.0,ASK
863,1712178526.3988886,33059887.22584079,1015.0,-1.6315128706804215e-09,1072.0,ASK
864,1712178539.741014,33059887.37299734,1015.0,-4.071621301721729e-12,1072.0,ASK
865,1712178539.7499323,33059985.89516482,1015.0,-2.725974153200498e-09,1072.0,ASK
866,1712178539.7546964,33062187.76235414,1015.0,-6.092266542947405e-08,1072.0,ASK
867,1712178540.6487603,33062187.76235414,1015.0,-0.0,1072.0,ASK
868,1712178551.9207337,33062286.14973861,1017.0,2.721942746865874e-09,1072.0,BID
869,1712178567.1010685,33062296.14973861,1017.0,2.7665566693467327e-10,1072.0,BID
870,1712178570.6797092,33062296.14973861,1017.0,0.0,1072.0,BID
871,1712178586.7401695,33062812.75129384,1017.0,1.4292031195603573e-08,1072.0,BID
872,1712178586.7477093,33062834.2665843,1017.0,5.952308878873624e-10,1072.0,BID
873,1712178600.658739,33062834.2665843,1017.0,0.0,1072.0,BID
874,1712178601.1407535,33063145.1538843,1017.0,8.607043560756437e-09,1072.0,BID
875,1712178601.14959,33063145.15390891,1017.0,6.813177611072353e-16,1072.0,BID
876,1712178603.2301538,33064145.15390891,1018.0,2.7685413848580042e-08,1072.0,BID
877,1712178603.239263,33065990.66422461,1018.0,5.109371685201591e-08,1072.0,BID
878,1712178607.0938833,33065996.07228754,1020.0,1.4972446036805806e-10,1072.0,BID
879,1712178620.839683,33067673.1124258,1017.0,-4.642955026839498e-08,1072.0,ASK
1079,1712178620.839683,33067673.1124258,1017.0,-4.6429550268394984e-08,1072.0,ASK
880,1712178620.845554,33067983.9997504,1017.0,-8.607044241867925e-09,1072.0,ASK
881,1712178621.7492983,33068063.72013837,1019.0,2.207091933095723e-09,1072.0,BID
1081,1712178621.7492983,33068063.72013837,1019.0,2.2070919330957232e-09,1072.0,BID
882,1712178625.7898626,33070136.68000011,1017.0,-5.7390751663780186e-08,1072.0,ASK
883,1712178625.7974784,33071001.33683393,1017.0,-2.3938382281310847e-08,1072.0,ASK
884,1712178625.849409,33072099.51716262,1017.0,3.04035768801389e-08,1072.0,BID
885,1712178625.855094,33072510.27346764,1017.0,1.1371958295400652e-08,1072.0,BID
886,1712178630.6514845,33072510.27346764,1017.0,0.0,1072.0,BID
887,1712178632.9894905,33073099.08602897,1019.0,1.6297078128466862e-08,1072.0,BID
888,1712178636.159284,33073568.17729295,1019.0,1.2983447501862242e-08,1072.0,BID
889,1712178641.9892976,33074058.8544274,1019.0,1.3580898440646822e-08,1072.0,BID
890,1712178659.709346,33074071.5579419,1019.0,3.51606235791109e-10,1072.0,BID
891,1712178659.7168927,33074232.5579419,1019.0,4.456137234502834e-09,1072.0,BID
892,1712178659.7295344,33074429.21477572,1017.0,-5.443042482018253e-09,1072.0,ASK
893,1712178659.733167,33075112.06180096,1019.0,-1.8899751892230123e-08,1072.0,ASK
894,1712178659.7389262,33075227.60496714,1017.0,-3.197988850953577e-09,1072.0,ASK
895,1712178660.6533134,33075227.60496714,1017.0,-0.0,1072.0,ASK
896,1712178690.6613004,33075227.60496714,1017.0,-0.0,1072.0,ASK
897,1712178694.6089003,33075612.06180096,1017.0,-1.0640131395418396e-08,1072.0,ASK
898,1712178694.6160135,33076227.60496714,1017.0,-1.703561906445811e-08,1072.0,ASK
899,1712178695.9942734,33077208.04137493,1017.0,-2.7134313363762363e-08,1072.0,ASK
900,1712178720.9613895,33077208.04137493,1017.0,-0.0,1072.0,ASK
901,1712178750.9728758,33077208.04137493,1017.0,-0.0,1072.0,ASK
902,1712178751.2338982,33078188.43353179,1020.0,2.7131576322276973e-08,1072.0,BID
903,1712178763.207528,33078482.55117884,1020.0,8.139472896394427e-09,1072.0,BID
904,1712178771.0777793,33078776.66882589,1020.0,8.139472896497522e-09,1072.0,BID
905,1712178773.7677238,33079537.47053371,1020.0,2.1054584593870905e-08,1072.0,BID
906,1712178773.7751498,33079757.06098275,1020.0,6.076991728302972e-09,1072.0,BID
907,1712178778.9476674,33079811.98033762,1020.0,1.5198496416170495e-09,1072.0,BID
908,1712178778.955312,33080051.1786298,1020.0,6.619623254880472e-09,1072.0,BID
909,1712178780.651615,33080051.1786298,1020.0,0.0,1072.0,BID
910,1712178787.6417315,33080345.29627685,1020.0,8.138819713768069e-09,1072.0,BID
911,1712178805.6471431,33080639.4139239,1020.0,8.138819713871155e-09,1072.0,BID
912,1712178808.8574953,33081129.61000234,1020.0,1.3564699523634022e-08,1072.0,BID
913,1712178810.6724002,33081129.61000234,1020.0,0.0,1072.0,BID
914,1712178813.377161,33081423.72764939,1020.0,8.138571982367004e-09,1072.0,BID
915,1712178814.196908,33081521.76686507,1020.0,2.712857327352585e-09,1072.0,BID
916,1712178830.047053,33081717.84529644,1020.0,5.425714654911335e-09,1072.0,BID
917,1712178840.9366252,33081717.84529644,1020.0,0.0,1072.0,BID
918,1712178865.2992218,33082856.36522053,1019.0,-3.1503626564911513e-08,1072.0,ASK
919,1712178870.947418,33082856.36522053,1019.0,-0.0,1072.0,ASK
920,1712178900.6612537,33082856.36522053,1019.0,-0.0,1072.0,ASK
921,1712178903.5861423,33083966.50326702,1019.0,-3.0727566182776624e-08,1072.0,ASK
922,1712178903.6491394,33084675.60851466,1020.0,1.9627359404817523e-08,1072.0,BID
923,1712178903.6568155,33085073.59717111,1020.0,1.1015947809148456e-08,1072.0,BID
924,1712178930.6978242,33085073.59717111,1020.0,0.0,1072.0,BID
925,1712178933.596029,33086572.28467111,1019.0,-4.147965054383696e-08,1072.0,ASK
926,1712178948.5972905,33086768.171057,1021.0,5.421609797291433e-09,1072.0,BID
927,1712178960.9453306,33086768.171057,1021.0,0.0,1072.0,BID
928,1712178961.365649,33087866.351385,1019.0,-3.0393233282139565e-08,1072.0,ASK
929,1712178962.6671443,33088357.02846916,1019.0,-1.3579976534639913e-08,1072.0,ASK
930,1712178962.6753256,33090249.89638605,1019.0,-5.238700302987229e-08,1072.0,ASK
931,1712178962.6790533,33091771.713985,1019.0,-4.211781628066303e-08,1072.0,ASK
932,1712178963.2355723,33091771.71403529,1019.0,-1.391865062296881e-15,1072.0,ASK
933,1712178963.2757328,33092746.40690433,1019.0,2.697559498359745e-08,1072.0,BID
934,1712178964.0208848,33092832.13747133,1019.0,2.372678744856194e-09,1072.0,BID
935,1712178964.0245914,33092930.92677768,1019.0,2.734092349974213e-09,1072.0,BID
936,1712178964.1353495,33093746.40690433,1019.0,-2.2569223919105267e-08,1072.0,ASK
937,1712178969.175511,33093846.40690433,1019.0,2.7675995013935674e-09,1072.0,BID
938,1712178971.810862,33093980.41375108,1018.0,-3.7087728225420844e-09,1072.0,ASK
939,1712178971.8145423,33096048.35370054,1018.0,-5.7232295730382426e-08,1072.0,ASK
940,1712178971.8181329,33098035.15499533,1018.0,-5.498670272825352e-08,1072.0,ASK
1141,1712178971.8948038,33098035.15499536,1018.0,-8.2480892580555915e-19,1072.0,ASK
941,1712178971.8948038,33098035.15499536,1018.0,-8.248089258055591e-19,1072.0,ASK
942,1712178971.9854236,33098116.40457956,1018.0,2.248663087251242e-09,1072.0,BID
943,1712178977.6481576,33098166.40457956,1017.0,-1.3837997506967835e-09,1072.0,ASK
944,1712178977.656917,33102353.20028461,1017.0,-1.158737370573375e-07,1072.0,ASK
945,1712178986.0853033,33102556.00746258,1017.0,5.6128904462416794e-09,1072.0,BID
946,1712178990.9252274,33102556.00746258,1017.0,0.0,1072.0,BID
947,1712178997.605428,33102638.96312761,1015.0,-2.2948596297608603e-09,1072.0,ASK
948,1712178997.6125376,33102836.00746258,1015.0,-5.450972991843433e-09,1072.0,ASK
949,1712178999.0451815,33102845.84030427,1017.0,2.7201266403696573e-10,1072.0,BID
950,1712179009.665347,33102893.85904876,1016.0,1.3283755625970874e-09,1072.0,BID
951,1712179009.7295127,33102907.72852592,1017.0,3.8368088797376303e-10,1072.0,BID
952,1712179010.5451064,33103221.85370587,1017.0,8.689860950447051e-09,1072.0,BID
953,1712179010.6450114,33103907.72852592,1017.0,-1.8973826983854e-08,1072.0,ASK
954,1712179020.669248,33103907.72852592,1017.0,-0.0,1072.0,ASK
955,1712179034.6650648,33103991.4664542,1017.0,2.316411863653237e-09,1072.0,BID
956,1712179050.5749846,33105932.85638014,1017.0,-5.37039636501422e-08,1072.0,ASK
957,1712179050.5794516,33106424.4984647,1017.0,-1.360011622878969e-08,1072.0,ASK
958,1712179050.6819377,33106424.4984647,1017.0,-0.0,1072.0,ASK
959,1712179053.2048542,33114490.10853876,1017.0,-2.2310024250043642e-07,1072.0,ASK
960,1712179053.344674,33116498.62364423,1017.0,5.5556889433148046e-08,1072.0,BID
961,1712179053.3547795,33121787.64646954,1017.0,1.4629795689133452e-07,1072.0,BID
962,1712179067.9846408,33121855.15039708,1016.0,-1.8672043981329103e-09,1072.0,ASK
963,1712179074.9646752,33123787.94312842,1016.0,-5.346235723087249e-08,1072.0,ASK
964,1712179080.9643006,33123787.94312842,1016.0,-0.0,1072.0,ASK
965,1712179110.945732,33123787.94312842,1016.0,-0.0,1072.0,ASK
966,1712179132.9442923,33123984.98746339,1019.0,5.4477192516395605e-09,1072.0,BID
967,1712179140.6464138,33123984.98746339,1019.0,0.0,1072.0,BID
968,1712179144.904373,33124033.95905986,1021.0,1.3539187917104947e-09,1072.0,BID
969,1712179170.6538522,33124033.95905986,1021.0,0.0,1072.0,BID
970,1712179171.2612252,33124376.58892024,1021.0,9.472682099948516e-09,1072.0,BID
971,1712179174.5352645,33124474.53211318,1021.0,2.707833840140945e-09,1072.0,BID
972,1712179200.683532,33124474.53211318,1021.0,0.0,1072.0,BID
973,1712179203.2734897,33127424.38462055,1017.0,-8.161781854659196e-08,1072.0,ASK
1174,1712179205.626665,33127424.38462056,1017.0,2.0614594584200131e-19,1072.0,BID
974,1712179205.626665,33127424.38462056,1017.0,2.061459458420013e-19,1072.0,BID
975,1712179207.073663,33127434.18854212,1020.0,2.7125922027196664e-10,1072.0,BID
976,1712179211.8834734,33127516.72685397,1020.0,2.2837063693536877e-09,1072.0,BID
977,1712179229.153318,33127523.72685397,1018.0,-1.936790834112712e-10,1072.0,ASK
978,1712179230.6255112,33127523.72685397,1018.0,-0.0,1072.0,ASK
979,1712179242.197095,33129702.47140721,1017.0,-6.027729170125269e-08,1072.0,ASK
980,1712179242.2082684,33130641.56036813,1017.0,-2.5980897644410483e-08,1072.0,ASK
981,1712179242.2144215,33134391.56036813,1015.0,-1.0374774938335312e-07,1072.0,ASK
982,1712179242.2202914,33140192.31191566,1016.0,-1.604839780767691e-07,1072.0,ASK
983,1712179242.223869,33140290.78484668,1015.0,-2.724358658267525e-09,1072.0,ASK
984,1712179242.2274892,33149693.51261665,1016.0,-2.60136491786356e-07,1072.0,ASK
985,1712179242.2313848,33153982.05469166,1015.0,-1.1864709024487937e-07,1072.0,ASK
986,1712179242.235029,33154143.05469166,1016.0,-4.454236706858627e-09,1072.0,ASK
987,1712179242.2386916,33164150.05469166,1015.0,-2.768543274877905e-07,1072.0,ASK
988,1712179242.2423575,33164346.90508536,1016.0,-5.446076083028003e-09,1072.0,ASK
989,1712179242.24605,33212376.96680518,1015.0,-1.3288028816466284e-06,1072.0,ASK
990,1712179242.2497203,33212507.480191,1016.0,-3.610792011558364e-09,1072.0,ASK
991,1712179242.2534423,33236035.07763279,1015.0,-6.509160754621654e-07,1072.0,ASK
992,1712179242.257135,33304059.09529289,1015.0,-1.8819569963330244e-06,1072.0,ASK
993,1712179248.683682,33306179.09959709,1015.0,-5.86521800650171e-08,1072.0,ASK
994,1712179248.6922257,33309929.09959709,1016.0,-1.0374774938335312e-07,1072.0,ASK
995,1712179255.4034927,33310029.09959709,1016.0,-2.766606650222749e-09,1072.0,ASK
996,1712179260.6865408,33310038.94211677,1016.0,-2.7230380406894884e-10,1072.0,ASK
997,1712179260.6932812,33310968.94211677,1016.0,-2.5729441847071573e-08,1072.0,ASK
998,1712179260.7469406,33311359.25250395,1016.0,1.0798353128211445e-08,1072.0,BID
999,1712179260.7715144,33311377.52914815,1018.0,5.056428538771461e-10,1072.0,BID
1000,1712179260.7759607,33311729.15250395,1017.0,9.728035145255578e-09,1072.0,BID
1201,1712179260.959357,33311729.15250395,1017.0,0.0,1072.0,BID
1202,1712179271.463306,33311864.87585975,1018.0,3.73560540442696e-09,1072.0,BID
1203,1712179271.4653697,33312711.47077506,1018.0,2.3301402491560712e-08,1072.0,BID
1204,1712179274.5594478,33312721.30361675,1017.0,-2.7063592956352856e-10,1072.0,ASK
1205,1712179274.673409,33313643.68871539,1017.0,2.5387426792789428e-08,1072.0,BID
1206,1712179282.2037475,33314626.68871539,1017.0,2.7055771579691853e-08,1072.0,BID
1207,1712179288.9232116,33315609.68871539,1017.0,2.7055771579691853e-08,1072.0,BID
1208,1712179290.965399,33315609.68871539,1017.0,0.0,1072.0,BID
1209,1712179296.1530278,33315841.54651539,1017.0,6.380885231314245e-09,1072.0,BID
1210,1712179296.4934,33316824.54651539,1017.0,2.7052832306688432e-08,1072.0,BID
1211,1712179297.633155,33317807.54651539,1017.0,2.7052832306688432e-08,1072.0,BID
1212,1712179302.1333127,33321557.54651539,1017.0,1.03202564750846e-07,1072.0,BID
1213,1712179302.2139597,33324665.33559373,1017.0,8.552848095715975e-08,1072.0,BID
1214,1712179302.216714,33325769.80443339,1017.0,3.0395737850755335e-08,1072.0,BID
1215,1712179302.2332034,33326201.38211138,1017.0,1.1877312868776225e-08,1072.0,BID
1216,1712179320.6627498,33326201.38211138,1017.0,0.0,1072.0,BID
1217,1712179325.4691577,33326407.20811138,1018.0,5.662793578808334e-09,1072.0,BID
1218,1712179335.413399,33327382.0870378,1018.0,2.6821383715984088e-08,1072.0,BID
1219,1712179337.7830682,33327431.20295135,1018.0,1.351302944515357e-09,1072.0,BID
1220,1712179338.2428522,33327529.43477846,1018.0,2.7026058894406834e-09,1072.0,BID
1221,1712179340.9126806,33327706.74426284,1018.0,4.8782321457335805e-09,1072.0,BID
1222,1712179341.6128285,33328242.62604011,1018.0,-1.4743462377683624e-08,1072.0,ASK
1223,1712179341.7592468,33329047.13463881,1018.0,2.213406531181425e-08,1072.0,BID
1224,1712179341.76246,33330815.41909747,1018.0,4.8649975601347664e-08,1072.0,BID
1225,1712179348.4226077,33332487.65200513,1020.0,4.6007354619354213e-08,1072.0,BID
1226,1712179350.6393237,33332487.65200513,1020.0,0.0,1072.0,BID
1227,1712179369.573183,33332603.19100121,1020.0,3.178209997846414e-09,1072.0,BID
1228,1712179370.522757,33334104.83815807,1020.0,4.1306832922396056e-08,1072.0,BID
1229,1712179372.782719,33335878.08503135,1017.0,-4.8777911635242e-08,1072.0,ASK
1230,1712179380.6927197,33335878.08503135,1017.0,-0.0,1072.0,ASK
1231,1712179400.3225672,33336734.63557109,1018.0,-2.355948239984093e-08,1072.0,ASK
1232,1712179400.8322597,33336745.23374136,1018.0,-2.915034133226492e-10,1072.0,ASK
1233,1712179405.8823748,33337870.86980542,1018.0,-3.0960698533814455e-08,1072.0,ASK
1234,1712179405.8924758,33337987.00526453,1018.0,-3.194313911395293e-09,1072.0,ASK
1235,1712179410.66253,33337987.00526453,1018.0,-0.0,1072.0,ASK
1236,1712179424.9073598,33339963.75839125,1017.0,-5.4367522359196975e-08,1072.0,ASK
1237,1712179424.9184132,33340311.59973386,1018.0,-9.566835492080738e-09,1072.0,ASK
1238,1712179424.920266,33342009.92815077,1017.0,-4.6709883460719364e-08,1072.0,ASK
1239,1712179424.921549,33343483.40555744,1018.0,-4.0525705901308863e-08,1072.0,ASK
1240,1712179424.9228506,33344024.220591,1017.0,-1.4874276930176861e-08,1072.0,ASK
1241,1712179440.9524124,33344024.220591,1017.0,-0.0,1072.0,ASK
1242,1712179470.962208,33344024.220591,1017.0,-0.0,1072.0,ASK
1243,1712179471.692572,33344685.535424,1018.0,-1.81853648070082e-08,1072.0,ASK
1244,1712179471.6955583,33344885.535424,1018.0,-5.499760144348639e-09,1072.0,ASK
1245,1712179473.2523663,33345867.535424,1018.0,2.7003822308751825e-08,1072.0,BID
1246,1712179474.5020373,33346849.535424,1018.0,2.7003822308751825e-08,1072.0,BID
1247,1712179475.6220765,33346859.35860671,1018.0,2.70125743782229e-10,1072.0,BID
1248,1712179475.7021365,33347841.35860671,1018.0,2.7003822308751825e-08,1072.0,BID
1249,1712179480.6620874,33350186.22321071,1018.0,6.448096446486536e-08,1072.0,BID
1250,1712179482.7320008,33350195.04227292,1017.0,-2.425136342824802e-10,1072.0,ASK
1251,1712179495.9221897,33350687.4218206,1017.0,-1.3539847061057564e-08,1072.0,ASK
1252,1712179495.925836,33352200.33210941,1017.0,-4.160321854188121e-08,1072.0,ASK
1253,1712179495.9287603,33354196.04227292,1017.0,-5.4879636084755753e-08,1072.0,ASK
1254,1712179500.6379037,33354196.04227292,1017.0,-0.0,1072.0,ASK
1255,1712179511.551902,33354196.04227384,1018.0,2.540436606611413e-17,1072.0,BID
1256,1712179514.9618082,33354350.04227384,1019.0,4.25179197878394e-09,1072.0,BID
1257,1712179530.584659,33355330.04227384,1020.0,2.705685804680689e-08,1072.0,BID
1258,1712179530.6646106,33355330.04227384,1020.0,0.0,1072.0,BID
1259,1712179531.611975,33355339.52993987,1019.0,-2.6193697595296417e-10,1072.0,ASK
1260,1712179551.3029974,33356608.43993986,1020.0,3.5032266852640925e-08,1072.0,BID
1261,1712179551.841613,33358493.21009286,1020.0,5.2035030818888615e-08,1072.0,BID
1262,1712179551.9618597,33360399.13335186,1020.0,5.2619029096181526e-08,1072.0,BID
1263,1712179551.96504,33360399.13335244,1020.0,1.6044350473322278e-17,1072.0,BID
1264,1712179560.9541574,33360399.13335244,1020.0,0.0,1072.0,BID
1265,1712179587.8515778,33360491.00692323,1020.0,-2.536097971826276e-09,1072.0,ASK
1266,1712179590.9316642,33360491.00692323,1020.0,-0.0,1072.0,ASK
1267,1712179600.552258,33360589.74000989,1020.0,-2.725442485284074e-09,1072.0,ASK
1268,1712179600.5551796,33362864.69106376,1020.0,-6.279807979148999e-08,1072.0,ASK
1269,1712179600.5583158,33366948.27672191,1020.0,-1.1272389248076858e-07,1072.0,ASK
1270,1712179619.228714,33367193.37476112,1020.0,6.7657219248017664e-09,1072.0,BID
1271,1712179620.6106312,33367194.42687396,1020.0,2.9042675872425263e-11,1072.0,BID
1272,1712179620.613311,33368194.42687312,1020.0,2.7604145430711813e-08,1072.0,BID
1273,1712179620.6312394,33368194.42687312,1020.0,0.0,1072.0,BID
1274,1712179629.84139,33368194.42687396,1020.0,2.313316120994817e-17,1072.0,BID
1275,1712179629.8818986,33369173.42687396,1021.0,2.7019358683882484e-08,1072.0,BID
1276,1712179632.7912223,33370152.42687396,1021.0,2.7019358683882484e-08,1072.0,BID
1277,1712179650.6710734,33370152.42687396,1021.0,0.0,1072.0,BID
1278,1712179666.231037,33370537.57323196,1021.0,1.0628744184626498e-08,1072.0,BID
1279,1712179666.2511988,33370537.57323244,1021.0,1.315910190234558e-17,1072.0,BID
1280,1712179680.9133344,33370537.57323244,1021.0,0.0,1072.0,BID
1281,1712179686.5013871,33370856.94384044,1022.0,8.813459053647847e-09,1072.0,BID
1282,1712179686.630888,33370856.94384056,1022.0,3.2897397755019904e-18,1072.0,BID
1283,1712179710.9312274,33370856.94384056,1022.0,0.0,1072.0,BID
1284,1712179740.6308768,33370856.94384056,1022.0,0.0,1072.0,BID
1285,1712179741.2505908,33380557.04266524,1021.0,-2.676847888345793e-07,1072.0,ASK
1286,1712179770.6606576,33380557.04266524,1021.0,-0.0,1072.0,ASK
1287,1712179782.3050282,33380562.04266524,1022.0,1.3794274355176923e-10,1072.0,BID
1288,1712179800.7718897,33380562.04266524,1022.0,0.0,1072.0,BID
1289,1712179806.7409942,33380715.94097032,1022.0,4.2493448562996525e-09,1072.0,BID
1290,1712179806.852707,33381062.04266524,1022.0,-9.5563460318092e-09,1072.0,ASK
1291,1712179815.800575,33381110.9663443,1023.0,1.3508503804568802e-09,1072.0,BID
1292,1712179817.484054,33381179.40396149,1023.0,1.889657176092761e-09,1072.0,BID
1293,1712179817.4871457,33383066.00055739,1023.0,5.209153886705988e-08,1072.0,BID
1294,1712179824.350746,33383085.53180739,1024.0,5.392848003167521e-10,1072.0,BID
1295,1712179830.6729794,33383085.53180739,1024.0,0.0,1072.0,BID
1296,1712179836.2506845,33384062.09430739,1024.0,2.6962318510424177e-08,1072.0,BID
1297,1712179841.3705976,33384066.97711989,1024.0,1.348115925521209e-10,1072.0,BID
1298,1712179854.5035229,33384071.85993239,1024.0,1.348115925521209e-10,1072.0,BID
1299,1712179856.8519552,33384114.76247476,1023.0,-1.1845140606177651e-09,1072.0,ASK
1300,1712179857.393106,33384119.64528726,1024.0,1.348115925521209e-10,1072.0,BID
1301,1712179860.9602647,33384119.64528726,1024.0,0.0,1072.0,BID
1302,1712179871.6048408,33384124.52809976,1024.0,1.3480765140820336e-10,1072.0,BID
1303,1712179887.5904546,33384173.35622476,1024.0,1.3480765140820335e-09,1072.0,BID
1304,1712179887.5939157,33387161.33576404,1024.0,8.249395284909123e-08,1072.0,BID
1305,1712179890.4898293,33387481.71684439,1024.0,-8.845275340358654e-09,1072.0,ASK
1306,1712179890.9205143,33387481.71684439,1024.0,-0.0,1072.0,ASK
1307,1712179909.0900662,33391481.71684439,1024.0,-1.1042393225617013e-07,1072.0,ASK
1308,1712179919.3199484,33391669.11483649,1024.0,-5.173305796163818e-09,1072.0,ASK
1309,1712179920.6532843,33391669.11483649,1024.0,-0.0,1072.0,ASK
1310,1712179926.850165,33391726.8264396,1024.0,-1.5929969724646487e-09,1072.0,ASK
1311,1712179926.8536675,33392869.28083013,1024.0,-3.15348437273822e-08,1072.0,ASK
1312,1712179940.2708552,33393064.40278134,1025.0,5.385895743615993e-09,1072.0,BID
1313,1712179944.1906512,33393314.28717514,1024.0,-6.897487876731512e-09,1072.0,ASK
1314,1712179950.6678822,33393314.28717514,1024.0,-0.0,1072.0,ASK
1315,1712179953.4799178,33393792.69921096,1025.0,1.3204857294624741e-08,1072.0,BID
1316,1712179953.4919138,33404805.53107757,1025.0,3.0396993035364695e-07,1072.0,BID
1317,1712179953.4952643,33404834.79937026,1025.0,8.07846791601732e-10,1072.0,BID
1318,1712179954.3300586,33404995.16446636,1025.0,4.426306301866359e-09,1072.0,BID
1319,1712179954.3335552,33405014.69571636,1025.0,5.390904695657317e-10,1072.0,BID
1320,1712179954.4369495,33405190.05686346,1025.0,-4.84021878450102e-09,1072.0,ASK
1321,1712179965.1099932,33405314.99906036,1024.0,-3.4485835568335078e-09,1072.0,ASK
1322,1712179975.5297294,33405478.91397756,1024.0,-4.524286447749597e-09,1072.0,ASK
1323,1712179975.5317402,33406071.15164778,1024.0,-1.6346607807162833e-08,1072.0,ASK
1324,1712179977.1098704,33409664.05148692,1024.0,9.916918074290589e-08,1072.0,BID
1325,1712179978.309832,33412544.1795357,1023.0,-7.949565860991694e-08,1072.0,ASK
1326,1712179980.1449556,33412641.8357857,1024.0,-2.695452347828658e-09,1072.0,ASK
1327,1712179980.6800728,33412641.8357857,1024.0,-0.0,1072.0,ASK
1328,1712179991.470117,33418226.04730913,1024.0,-1.540480446036814e-07,1072.0,ASK
1329,1712179991.4740214,33422641.8357857,1023.0,-1.218155109892077e-07,1072.0,ASK
1330,1712180003.4897008,33422651.61095676,1025.0,2.6966134451720624e-10,1072.0,BID
1331,1712180009.4563217,33422817.19693279,1025.0,4.567913610414162e-09,1072.0,BID
1332,1712180009.4593134,33422846.48376206,1025.0,8.079168854580633e-10,1072.0,BID
1333,1712180009.549899,33426013.64876163,1025.0,-8.737053979309237e-08,1072.0,ASK
1334,1712180010.672069,33426013.64876163,1025.0,-0.0,1072.0,ASK
1335,1712180024.02007,33428853.40707188,1023.0,-7.830900483266657e-08,1072.0,ASK
1336,1712180024.0237846,33431899.51938008,1023.0,-8.399941030285618e-08,1072.0,ASK
1337,1712180024.0274024,33435769.89034781,1023.0,-1.067291176583178e-07,1072.0,ASK
1338,1712180024.14688,33436045.2514949,1023.0,7.59334247580951e-09,1072.0,BID
1339,1712180024.1506696,33436669.0174987,1023.0,1.720093390690715e-08,1072.0,BID
1340,1712180029.8395722,33436675.0056887,1025.0,1.6512996823672868e-10,1072.0,BID
1341,1712180040.983922,33436675.0056887,1025.0,0.0,1072.0,BID
1342,1712180045.6815388,33436678.77359626,1025.0,-1.0387235230364876e-10,1072.0,ASK
1343,1712180045.6832757,33437483.1056887,1025.0,-2.2173544639106083e-08,1072.0,ASK
1344,1712180049.8702354,33438980.9682304,1025.0,-4.1292548493246727e-08,1072.0,ASK
1345,1712180051.5308626,33439956.57798649,1025.0,2.6895267117137665e-08,1072.0,BID
1346,1712180065.0294845,33440123.52289467,1024.0,-4.602278596849541e-09,1072.0,ASK
1347,1712180070.9392974,33440123.52289467,1024.0,-0.0,1072.0,ASK
1348,1712180100.614479,33440123.52289467,1024.0,-0.0,1072.0,ASK
1349,1712180104.4592793,33440150.83996784,1025.0,7.53624773770616e-10,1072.0,BID
1350,1712180113.6295483,33441316.29247384,1025.0,3.2152561722376775e-08,1072.0,BID
1351,1712180114.0092814,33444248.07007935,1025.0,8.088202645058943e-08,1072.0,BID
1352,1712180114.0129006,33444935.25208884,1025.0,1.8958011468433043e-08,1072.0,BID
1353,1712180114.0891926,33450993.84408884,1025.0,1.6714473753970642e-07,1072.0,BID
1354,1712180115.1794517,33454135.79426348,1025.0,8.66802777448199e-08,1072.0,BID
1355,1712180115.1833131,33454155.32551284,1025.0,5.388290791981e-10,1072.0,BID
1356,1712180130.6489592,33454155.32551284,1025.0,0.0,1072.0,BID
1357,1712180148.7297423,33454155.32551348,1025.0,1.7567297002437488e-17,1072.0,BID
1358,1712180148.979127,33454165.32551284,1025.0,-2.7577105737637204e-10,1072.0,ASK
1359,1712180158.8292692,33456325.64552145,1025.0,-5.9575377099654273e-08,1072.0,ASK
1360,1712180158.8534856,33457092.15478113,1025.0,-2.113810824957948e-08,1072.0,ASK
1361,1712180160.708359,33457092.15478113,1025.0,-0.0,1072.0,ASK
1362,1712180167.139053,33457530.75791858,1025.0,-1.2094401864355435e-08,1072.0,ASK
1363,1712180178.4794476,33458727.15791858,1025.0,-3.299051273219686e-08,1072.0,ASK
1364,1712180184.691475,33459481.97741858,1025.0,-2.0814010636298803e-08,1072.0,ASK
1365,1712180190.6686962,33459481.97741858,1025.0,-0.0,1072.0,ASK
1366,1712180220.942412,33459481.97741858,1025.0,-0.0,1072.0,ASK
1367,1712180221.9017444,33459678.02818541,1026.0,5.405699156743393e-09,1072.0,BID
1368,1712180221.904942,33459933.10512258,1026.0,7.033225151209251e-09,1072.0,BID
1369,1712180221.978693,33459933.10512336,1026.0,2.1467908443793845e-17,1072.0,BID
1370,1712180250.85392,33460907.76399275,1026.0,-2.6874226066943663e-08,1072.0,ASK
1371,1712180250.959505,33460907.76399275,1026.0,-0.0,1072.0,ASK
1372,1712180253.3532054,33461041.8679203,1026.0,3.697492547000811e-09,1072.0,BID
1373,1712180276.1503406,33461857.75222819,1026.0,2.249543471754833e-08,1072.0,BID
1374,1712180276.160061,33466609.50418014,1026.0,1.3101456272138544e-07,1072.0,BID
1375,1712180280.6600006,33466609.50418014,1026.0,0.0,1072.0,BID
1376,1712180310.6208775,33466609.50418014,1026.0,0.0,1072.0,BID
1377,1712180312.4899938,33466795.91938481,1026.0,5.138982018538231e-09,1072.0,BID
1378,1712180340.9626944,33466795.91938481,1026.0,0.0,1072.0,BID
1379,1712180349.308603,33466815.41256218,1025.0,-5.37373332727495e-10,1072.0,ASK
1380,1712180356.6622913,33466815.41256219,1025.0,-3.0808804924041705e-19,1072.0,ASK
1381,1712180360.1324625,33471888.15611719,1025.0,1.398415998883412e-07,1072.0,BID
1382,1712180360.1421542,33471888.15611814,1025.0,2.618748418543545e-17,1072.0,BID
1383,1712180370.9635708,33471888.15611814,1025.0,0.0,1072.0,BID
1384,1712180377.662813,33472486.18125165,1026.0,1.6483537764331518e-08,1072.0,BID
1385,1712180377.6667707,33473174.72043831,1026.0,1.8978402494451564e-08,1072.0,BID
1386,1712180382.7929575,33473184.72043831,1026.0,2.756328595690743e-10,1072.0,BID
1387,1712180384.803014,33473282.28141391,1025.0,-2.689101068698605e-09,1072.0,ASK
1388,1712180384.8061266,33475014.7796578,1025.0,-4.77533445161994e-08,1072.0,ASK
1389,1712180387.4331024,33476131.67525165,1025.0,3.078531263734724e-08,1072.0,BID
1390,1712180397.2655232,33476141.67525165,1026.0,2.756328595690743e-10,1072.0,BID
1391,1712180400.691126,33476141.67525165,1026.0,0.0,1072.0,BID
1392,1712180403.3732908,33476441.67525152,1026.0,8.271870605923842e-09,1072.0,BID
1393,1712180403.3770916,33476461.18744665,1026.0,5.380078447144647e-10,1072.0,BID
1394,1712180414.7536032,33476461.18744678,1026.0,3.5950972553735345e-18,1072.0,BID
1395,1712180414.757744,33478259.70636865,1026.0,4.959038603495417e-08,1072.0,BID
1396,1712180421.153792,33478259.70636913,1026.0,1.3250501312662453e-17,1072.0,BID
1397,1712180430.6863427,33478259.70636913,1026.0,0.0,1072.0,BID
1398,1712180433.1737564,33478288.52818023,1027.0,7.94653359225377e-10,1072.0,BID
1399,1712180440.784264,33478995.36917341,1027.0,1.9488489732574777e-08,1072.0,BID
1400,1712180440.7874813,33479266.54736231,1027.0,7.476721640390386e-09,1072.0,BID
1401,1712180440.826918,33481477.12951037,1027.0,6.09485130476304e-08,1072.0,BID
1402,1712180460.9445324,33481477.12951037,1027.0,0.0,1072.0,BID
1403,1712180464.9848638,33482808.15399367,1027.0,3.6694665771327486e-08,1072.0,BID
1404,1712180466.274684,33487579.02695502,1027.0,-1.315269485652561e-07,1072.0,ASK
1405,1712180466.6555018,33487627.75989848,1026.0,-1.3435057692521163e-09,1072.0,ASK
1406,1712180466.6575818,33489577.07763679,1026.0,-5.3740230767209016e-08,1072.0,ASK
1407,1712180466.6594367,33489729.87087387,1024.0,-4.212316780850591e-09,1072.0,ASK
1408,1712180466.6612792,33492168.8952641,1025.0,-6.724082534209101e-08,1072.0,ASK
1409,1712180466.663131,33492268.8952641,1026.0,-2.75687383903939e-09,1072.0,ASK
1410,1712180466.6650462,33494336.97627843,1025.0,-5.701438445424367e-08,1072.0,ASK
1411,1712180466.6668897,33497579.02695502,1024.0,-8.93792469512533e-08,1072.0,ASK
1412,1712180490.9750004,33497579.02695502,1024.0,-0.0,1072.0,ASK
1413,1712180497.3554945,33498046.68490068,1024.0,-1.2886872071645884e-08,1072.0,ASK
1414,1712180497.3598504,33498053.87368909,1024.0,-1.980956326162968e-10,1072.0,ASK
1415,1712180497.364066,33499532.15195502,1024.0,-4.073571950648308e-08,1072.0,ASK
1416,1712180520.658296,33499532.15195502,1024.0,-0.0,1072.0,ASK
1417,1712180537.1360435,33502107.82505567,1024.0,-7.09718306825374e-08,1072.0,ASK
1418,1712180543.83616,33502120.68783768,1024.0,-3.5442975531903113e-10,1072.0,ASK
1419,1712180550.646449,33502120.68783768,1024.0,-0.0,1072.0,ASK
1420,1712180572.8467572,33502250.75975216,1024.0,-3.583827346433296e-09,1072.0,ASK
1421,1712180580.9511316,33502250.75975216,1024.0,-0.0,1072.0,ASK
1422,1712180581.3082364,33502500.87618303,1026.0,6.891347903674133e-09,1072.0,BID
1423,1712180581.310601,33502751.51652998,1026.0,6.905783132886597e-09,1072.0,BID
1424,1712180581.3769696,33504286.37475398,1026.0,4.228927291070161e-08,1072.0,BID
1425,1712180582.476596,33504787.13152998,1026.0,1.3797130986369142e-08,1072.0,BID
1426,1712180591.8769388,33504787.13153014,1026.0,4.4135751905356976e-18,1072.0,BID
1427,1712180610.957588,33504787.13153014,1026.0,0.0,1072.0,BID
1428,1712180627.8475635,33504982.06330401,1027.0,5.370484278554374e-09,1072.0,BID
1429,1712180628.5676854,33505407.26468518,1025.0,-1.171454651768645e-08,1072.0,ASK
1430,1712180638.898107,33505454.92236229,1028.0,1.312996853157144e-09,1072.0,BID
1431,1712180638.902435,33509670.00285275,1028.0,1.161279305948821e-07,1072.0,BID
1432,1712180638.9078667,33509699.29972775,1028.0,8.07146025882093e-10,1072.0,BID
1433,1712180638.9111402,33510772.55384287,1027.0,2.9568778027703275e-08,1072.0,BID
1434,1712180640.6800497,33510772.55384287,1027.0,0.0,1072.0,BID
1435,1712180670.6416006,33510772.55384287,1027.0,0.0,1072.0,BID
1436,1712180680.8585207,33510985.15453345,1026.0,5.856280917490289e-09,1072.0,BID
1437,1712180681.938789,33510990.02308262,1027.0,1.3410865003767024e-10,1072.0,BID
1438,1712180690.578417,33511019.25385185,1027.0,8.05188334839717e-10,1072.0,BID
1439,1712180700.658594,33511019.25385185,1027.0,0.0,1072.0,BID
1440,1712180719.5392735,33511653.34679634,1027.0,1.7475050864110738e-08,1072.0,BID
1441,1712180719.5435326,33512287.43974084,1026.0,1.747505086431607e-08,1072.0,BID
1442,1712180719.5477395,33512414.34042244,1027.0,3.497272576384998e-09,1072.0,BID
1443,1712180719.5507448,33512963.80686717,1028.0,1.5142818025660073e-08,1072.0,BID
1444,1712180730.648627,33512963.80686717,1028.0,0.0,1072.0,BID
1445,1712180733.849157,33513105.87161444,1028.0,3.914965597500468e-09,1072.0,BID
1446,1712180733.8534577,33515880.63639015,1028.0,7.646589915366785e-08,1072.0,BID
1447,1712180739.3993266,33515886.81271358,1028.0,1.7020474260657907e-10,1072.0,BID
1448,1712180739.4046946,33515898.74796631,1028.0,3.2890709857656616e-10,1072.0,BID
1449,1712180744.8195283,33516385.12928926,1028.0,1.3403509197077016e-08,1072.0,BID
1450,1712180756.584227,33516394.72559276,1028.0,2.644512364150397e-10,1072.0,BID
1451,1712180760.9223108,33516394.72559276,1028.0,0.0,1072.0,BID
1452,1712180762.6594346,33516399.57622322,1028.0,1.3365881533932035e-10,1072.0,BID
1453,1712180772.8003469,33517470.57622322,1026.0,-2.9511337205511e-08,1072.0,ASK
1454,1712180772.9596572,33517471.47144409,1026.0,2.466775435807742e-11,1072.0,BID
