,time,acc_trade_volume,trade_price,dev,high,ask_bid
0,1712173460.2835584,81028016.76501046,160.9,0.0,166.3,ASK
1,1712173470.6260624,81028016.76501046,160.9,-0.0,166.3,ASK
2,1712173500.4625075,81028016.76501046,160.9,-0.0,166.3,ASK
3,1712173513.41244,81028104.76501046,161.0,6.260283228982913e-09,166.3,BID
4,1712173530.4323432,81028104.76501046,161.0,0.0,166.3,BID
5,1712173530.992686,81043305.09651046,161.0,1.0813441415207284e-06,166.3,BID
6,1712173530.994235,81047148.63926177,161.0,2.734277497051736e-07,166.3,BID
7,1712173560.6421852,81047148.63926177,161.0,0.0,166.3,BID
8,1712173590.642301,81047148.63926177,161.0,0.0,166.3,BID
9,1712173614.342687,81055269.63926177,161.0,-5.775979796542279e-07,166.3,ASK
10,1712173614.362352,81055450.94276062,161.0,-1.2895029508629792e-08,166.3,ASK
11,1712173620.4425838,81055450.94276062,161.0,-0.0,166.3,ASK
12,1712173633.4125352,81055498.17706764,160.9,-3.35917335644221e-09,166.3,ASK
13,1712173647.2222395,81055553.17706764,161.0,3.9114479762042885e-09,166.3,BID
14,1712173650.4422283,81055553.17706764,161.0,0.0,166.3,BID
15,1712173650.5538063,81055608.17706764,161.0,3.911443398899774e-09,166.3,BID
16,1712173651.8121278,81055663.17706764,161.0,3.911443398899774e-09,166.3,BID
17,1712173653.1420395,81055718.17706764,161.0,3.911443398899774e-09,166.3,BID
18,1712173654.2022712,81055773.17706764,161.0,3.911443398899774e-09,166.3,BID
19,1712173655.0671797,81055828.17706764,161.0,3.911443398899774e-09,166.3,BID
20,1712173656.112339,81055883.17706764,161.0,3.911443398899774e-09,166.3,BID
21,1712173657.0120664,81055938.17706764,161.0,3.911443398899774e-09,166.3,BID
22,1712173662.312321,81055993.17706764,161.0,3.911443398899774e-09,166.3,BID
23,1712173680.6320844,81055993.17706764,161.0,0.0,166.3,BID
24,1712173710.6321256,81055993.17706764,161.0,0.0,166.3,BID
25,1712173720.7321253,81059624.66645002,160.9,-2.582598838644183e-07,166.3,ASK
26,1712173740.432483,81059624.66645002,160.9,-0.0,166.3,ASK
27,1712173740.6039286,81059724.045332,161.0,7.067213848580469e-09,166.3,BID
28,1712173770.4321263,81059724.045332,161.0,0.0,166.3,BID
29,1712173771.77205,81062366.045332,160.9,-1.8788254981132386e-07,166.3,ASK
30,1712173771.832073,81065546.045332,160.9,-2.261417518546593e-07,166.3,ASK
31,1712173784.061892,81071327.44824879,161.0,4.111372904969541e-07,166.3,BID
32,1712173791.522012,81071382.44824879,161.0,3.9112567144673775e-09,166.3,BID
33,1712173799.2118275,81071437.44824879,161.0,3.9112567144673775e-09,166.3,BID
34,1712173800.333143,81071492.44824879,161.0,3.9112567144673775e-09,166.3,BID
35,1712173800.4519894,81071492.44824879,161.0,0.0,166.3,BID
36,1712173801.8621106,81071547.44824879,161.0,3.911926265624746e-09,166.3,BID
37,1712173802.6418622,81071602.44824879,161.0,3.911926265624746e-09,166.3,BID
38,1712173803.4418552,81071657.44824879,161.0,3.911926265624746e-09,166.3,BID
39,1712173804.191676,81071712.44824879,161.0,3.911926265624746e-09,166.3,BID
40,1712173805.003054,81071767.44824879,161.0,3.911926265624746e-09,166.3,BID
41,1712173805.731787,81071822.44824879,161.0,3.911926265624746e-09,166.3,BID
42,1712173806.5020795,81071877.44824879,161.0,3.911926265624746e-09,166.3,BID
43,1712173807.2819486,81071932.44824879,161.0,3.911926265624746e-09,166.3,BID
44,1712173808.0420115,81071987.44824879,161.0,3.911926265624746e-09,166.3,BID
45,1712173808.7821243,81072042.44824879,161.0,3.911926265624746e-09,166.3,BID
46,1712173809.591865,81072097.44824879,161.0,3.911926265624746e-09,166.3,BID
47,1712173811.0719056,81072152.44824879,161.0,3.911926265624746e-09,166.3,BID
48,1712173811.982285,81072153.36295117,161.0,6.505905977651934e-11,166.3,BID
49,1712173811.9852178,81072207.44824879,161.5,3.846867205848227e-09,166.3,BID
50,1712173812.8023143,81072262.44824879,161.5,3.911926265624746e-09,166.3,BID
51,1712173813.5637865,81072317.44824879,161.5,3.911926265624746e-09,166.3,BID
52,1712173814.3620095,81072372.44824879,161.5,3.911926265624746e-09,166.3,BID
53,1712173815.4319184,81072427.44824879,161.5,3.911926265624746e-09,166.3,BID
54,1712173816.2317789,81072482.44824879,161.5,3.911926265624746e-09,166.3,BID
55,1712173817.0518656,81072537.44824879,161.5,3.911926265624746e-09,166.3,BID
56,1712173817.842242,81072592.44824879,161.5,3.911926265624746e-09,166.3,BID
57,1712173818.6218803,81072647.44824879,161.5,3.911926265624746e-09,166.3,BID
58,1712173821.251758,81072702.44824879,161.5,3.911926265624746e-09,166.3,BID
59,1712173823.941681,81072757.44824879,161.5,3.911926265624746e-09,166.3,BID
60,1712173824.7019155,81072812.44824879,161.5,3.911926265624746e-09,166.3,BID
61,1712173825.6519034,81072867.44824879,161.5,3.911926265624746e-09,166.3,BID
62,1712173826.5718024,81072922.44824879,161.5,3.911926265624746e-09,166.3,BID
63,1712173830.4019938,81072922.44824879,161.5,0.0,166.3,BID
64,1712173860.641903,81072922.44824879,161.5,0.0,166.3,BID
65,1712173890.6421683,81072922.44824879,161.5,0.0,166.3,BID
66,1712173901.3660588,81072959.39140669,161.0,2.6275734409513238e-09,166.3,BID
67,1712173920.421898,81072959.39140669,161.0,0.0,166.3,BID
68,1712173950.4318228,81072959.39140669,161.0,0.0,166.3,BID
69,1712173968.2020037,81073017.39140669,161.0,4.125234651886032e-09,166.3,BID
70,1712173969.0418017,81073075.39140669,161.0,4.125234651886032e-09,166.3,BID
71,1712173969.871628,81073133.39140669,161.0,4.125234651886032e-09,166.3,BID
72,1712173970.6717174,81073191.39140669,161.0,4.125234651886032e-09,166.3,BID
73,1712173971.4516418,81073249.39140669,161.0,4.125234651886032e-09,166.3,BID
74,1712173972.2515986,81073307.39140669,161.0,4.125234651886032e-09,166.3,BID
75,1712173973.0817,81073365.39140669,161.0,4.125234651886032e-09,166.3,BID
76,1712173973.4018266,81075399.22843455,161.0,1.4465612040737894e-07,166.3,BID
77,1712173973.8436337,81075457.22843455,161.5,4.125234651886032e-09,166.3,BID
78,1712173979.4417143,81075515.22843455,161.5,4.125234651886032e-09,166.3,BID
79,1712173980.3235767,81075573.22843455,161.5,4.125234651886032e-09,166.3,BID
80,1712173980.6397743,81075573.22843455,161.5,0.0,166.3,BID
81,1712174010.631711,81075573.22843455,161.5,0.0,166.3,BID
82,1712174040.42637,81075573.22843455,161.5,0.0,166.3,BID
83,1712174070.4414418,81075573.22843455,161.5,0.0,166.3,BID
84,1712174096.441555,81075661.22843455,161.7,6.258789341007009e-09,166.3,BID
85,1712174100.621448,81075661.22843455,161.7,0.0,166.3,BID
86,1712174130.621761,81075661.22843455,161.7,0.0,166.3,BID
87,1712174160.4621918,81075661.22843455,161.7,0.0,166.3,BID
88,1712174173.2119267,81077661.22843455,161.7,1.4226330714684278e-07,166.3,BID
89,1712174190.461968,81077661.22843455,161.7,0.0,166.3,BID
90,1712174215.2451518,81078277.37137972,162.3,4.3826258349339854e-08,166.3,BID
91,1712174215.2483864,81083061.46581899,161.9,3.4029272023072135e-07,166.3,BID
92,1712174215.249766,81083096.46581899,162.0,2.4895506055054632e-09,166.3,BID
93,1712174215.2511714,81091549.69037254,161.7,6.012780087364891e-07,166.3,BID
94,1712174220.4724448,81091549.69037254,161.7,0.0,166.3,BID
95,1712174250.462302,81091549.69037254,161.7,0.0,166.3,BID
96,1712174277.382404,81091637.69037254,162.3,6.2584411959890795e-09,166.3,BID
97,1712174280.6323814,81091637.69037254,162.3,0.0,166.3,BID
98,1712174310.6424272,81091637.69037254,162.3,0.0,166.3,BID
99,1712174340.4040852,81091637.69037254,162.3,0.0,166.3,BID
100,1712174359.83275,81091760.76729561,162.1,8.753055718576224e-09,166.3,BID
101,1712174370.4244823,81091760.76729561,162.1,0.0,166.3,BID
102,1712174400.5027788,81091760.76729561,162.1,0.0,166.3,BID
103,1712174416.8588767,81092380.73009785,161.3,-4.410802738250669e-08,166.3,ASK
104,1712174416.8631136,81093705.8087587,161.3,-9.427437524777558e-08,166.3,ASK
105,1712174416.8647504,81093738.6744489,161.3,-2.3382705512915542e-09,166.3,ASK
106,1712174417.001816,81100798.22950669,161.3,5.02260856096732e-07,166.3,BID
107,1712174417.0037544,81106889.3548331,161.3,4.333607140954369e-07,166.3,BID
108,1712174417.0973637,81116799.88763765,161.3,7.050972263899943e-07,166.3,BID
109,1712174417.6226082,81119894.88763765,161.3,2.201976380801051e-07,166.3,BID
110,1712174422.346086,81121865.88763765,161.3,1.402292551392204e-07,166.3,BID
111,1712174423.8429406,81121900.88763765,161.0,-2.490118685881641e-09,166.3,ASK
112,1712174423.8447294,81128093.40756407,161.0,-4.405745594712785e-07,166.3,ASK
113,1712174423.8465476,81128499.85452911,161.0,-2.8917176641798264e-08,166.3,ASK
114,1712174423.982785,81128579.56023113,161.0,-5.670761656445547e-09,166.3,ASK
115,1712174426.392898,81130573.11528891,161.0,-1.4183396287740656e-07,166.3,ASK
116,1712174430.4230163,81130573.11528891,161.0,-0.0,166.3,ASK
117,1712174448.6629822,81135682.51229528,161.0,-3.633526553951298e-07,166.3,ASK
118,1712174460.6234105,81135682.51229528,161.0,-0.0,166.3,ASK
119,1712174469.144809,81135941.35036696,161.8,1.8406085687884443e-08,166.3,BID
120,1712174490.6227212,81135941.35036696,161.8,0.0,166.3,BID
121,1712174520.423185,81135941.35036696,161.8,0.0,166.3,BID
122,1712174550.4132156,81135941.35036696,161.8,0.0,166.3,BID
123,1712174580.613136,81135941.35036696,161.8,0.0,166.3,BID
124,1712174590.8733373,81135974.21605717,161.2,-2.337086289345491e-09,166.3,ASK
125,1712174604.055008,81148884.90960471,161.2,-9.180821912121822e-07,166.3,ASK
126,1712174610.6331246,81148884.90960471,161.2,-0.0,166.3,ASK
127,1712174640.003448,81149144.61215568,161.1,-1.8464764533192213e-08,166.3,ASK
128,1712174640.0060863,81149827.57145315,161.0,-4.8558177680383983e-08,166.3,ASK
129,1712174640.4037805,81149827.57145315,161.0,-0.0,166.3,ASK
130,1712174641.1837606,81156038.75157715,161.0,-4.416080638275001e-07,166.3,ASK
131,1712174641.1864378,81156038.75157738,161.0,-1.5891842159358486e-17,166.3,ASK
132,1712174641.2652557,81161569.42746302,160.9,-3.932249622066127e-07,166.3,ASK
133,1712174641.2677374,81161631.42746238,160.9,-4.408131647728385e-09,166.3,ASK
134,1712174641.2830515,81161631.42746302,160.9,-4.5556614190160985e-17,166.3,ASK
135,1712174641.303866,81166655.90241557,160.9,3.572346335555929e-07,166.3,BID
136,1712174656.8364322,81168330.98948026,160.8,-1.1909684482004517e-07,166.3,ASK
137,1712174656.976477,81173237.58271098,160.8,3.488533730066706e-07,166.3,BID
138,1712174657.1630747,81173294.17611098,160.7,-4.02372838995938e-09,166.3,ASK
139,1712174669.5506015,81175419.06352867,160.6,-1.510771543641492e-07,166.3,ASK
140,1712174669.5527642,81178664.39354098,160.6,-2.3073938842609025e-07,166.3,ASK
141,1712174670.4234066,81178664.39354098,160.6,-0.0,166.3,ASK
142,1712174688.7133286,81178664.39354113,160.6,-1.0591068824282774e-17,166.3,ASK
143,1712174688.813305,81183456.07135224,160.6,3.405707033239199e-07,166.3,BID
144,1712174699.1707013,81208246.17248876,160.6,1.7619678351390605e-06,166.3,BID
145,1712174699.323505,81209471.54079914,160.6,8.709361600394084e-08,166.3,BID
146,1712174699.326175,81211787.61550826,160.6,1.6461607472960546e-07,166.3,BID
147,1712174700.6232407,81211787.61550826,160.6,0.0,166.3,BID
148,1712174703.0732803,81212918.05835462,160.6,-8.0444060540668e-08,166.3,ASK
149,1712174708.4234092,81217473.1470738,160.6,3.24147155139394e-07,166.3,BID
150,1712174712.5731747,81221914.35857503,160.6,3.160434762620756e-07,166.3,BID
151,1712174712.6134074,81222003.63823457,160.6,6.353278593590474e-09,166.3,BID
152,1712174724.6934257,81226333.81944826,160.6,3.081423893552851e-07,166.3,BID
153,1712174730.6433923,81226333.81944826,160.6,0.0,166.3,BID
154,1712174760.4356134,81226333.81944826,160.6,0.0,166.3,BID
155,1712174765.0737064,81229883.81944826,160.6,2.525814984404301e-07,166.3,BID
156,1712174765.6236715,81229915.33346695,160.5,-2.242213538378155e-09,166.3,ASK
157,1712174765.626323,81230915.33346626,160.5,-7.114971782177386e-08,166.3,ASK
158,1712174780.9737406,81230915.3334664,160.5,-9.541920733971789e-18,166.3,ASK
159,1712174780.976309,81232607.1417684,160.5,-1.203716833783553e-07,166.3,ASK
160,1712174784.507089,81232695.1417684,160.6,6.261175172607844e-09,166.3,BID
161,1712174788.52386,81232783.1417684,160.6,6.261175172607844e-09,166.3,BID
162,1712174790.4344325,81232783.1417684,160.6,0.0,166.3,BID
163,1712174802.793525,81236271.32911253,160.4,-2.481652619040033e-07,166.3,ASK
164,1712174802.8035486,81238817.6736948,160.4,-1.8115835183586293e-07,166.3,ASK
165,1712174803.8439488,81239522.73886795,160.4,-5.016149251507225e-08,166.3,ASK
166,1712174803.8467057,81244779.68502524,160.4,-3.740026814022621e-07,166.3,ASK
167,1712174809.8833892,81316636.5393259,160.4,5.112218269212842e-06,166.3,BID
168,1712174809.9660077,81322872.48112188,160.4,4.436528134368927e-07,166.3,BID
169,1712174814.6833851,81330890.12057383,160.4,5.704107601305731e-07,166.3,BID
170,1712174820.6549966,81330890.12057383,160.4,0.0,166.3,BID
171,1712174849.9435651,81330945.12057383,161.6,3.9085703379377595e-09,166.3,BID
172,1712174850.6435688,81330945.12057383,161.6,0.0,166.3,BID
173,1712174851.8742712,81333412.3054123,160.6,-1.753301706728767e-07,166.3,ASK
174,1712174851.877264,81343669.24512085,160.3,-7.289080905641442e-07,166.3,ASK
175,1712174851.8802948,81346083.53392155,160.3,-1.715711206066186e-07,166.3,ASK
176,1712174851.8832853,81346115.10695525,160.2,-2.2437335457330103e-09,166.3,ASK
177,1712174851.8862762,81356197.99840876,160.3,-7.165393738862475e-07,166.3,ASK
178,1712174851.888756,81357491.90670133,160.2,-9.195142505425012e-08,166.3,ASK
179,1712174853.603675,81357546.90670133,161.6,3.908567869188709e-09,166.3,BID
180,1712174880.4237044,81357546.90670133,161.6,0.0,166.3,BID
181,1712174910.4037082,81357546.90670133,161.6,0.0,166.3,BID
182,1712174940.6535685,81357546.90670133,161.6,0.0,166.3,BID
183,1712174970.6235104,81357546.90670133,161.6,0.0,166.3,BID
184,1712175000.4840124,81357546.90670133,161.6,0.0,166.3,BID
185,1712175002.3492649,81358436.90670133,161.6,6.328166596105258e-08,166.3,BID
186,1712175002.351266,81360448.97214869,161.5,1.430638803726167e-07,166.3,BID
187,1712175002.3526876,81366946.1522729,161.6,4.6196896888645133e-07,166.3,BID
188,1712175002.4635324,81369923.1443249,161.6,-2.1167305236360586e-07,166.3,ASK
189,1712175002.4660351,81369923.14432508,161.6,-1.2714206360910565e-17,166.3,ASK
190,1712175030.4434783,81369923.14432508,161.6,-0.0,166.3,ASK
191,1712175060.6341877,81369923.14432508,161.6,-0.0,166.3,ASK
192,1712175090.6334755,81369923.14432508,161.6,-0.0,166.3,ASK
193,1712175120.4235637,81369923.14432508,161.6,-0.0,166.3,ASK
194,1712175150.4243312,81369923.14432508,161.6,-0.0,166.3,ASK
195,1712175180.62387,81369923.14432508,161.6,-0.0,166.3,ASK
196,1712175210.6434903,81369923.14432508,161.6,-0.0,166.3,ASK
197,1712175231.4637182,81370640.14432508,161.5,5.097359972413972e-08,166.3,BID
198,1712175231.4661455,81371680.14432508,161.4,7.393660211032819e-08,166.3,BID
199,1712175240.4337852,81371680.14432508,161.4,0.0,166.3,BID
200,1712175262.5632837,81373180.14432508,160.5,-1.0663717956369156e-07,166.3,ASK
201,1712175270.4433992,81373180.14432508,160.5,-0.0,166.3,ASK
202,1712175300.4736328,81373180.14432508,160.5,-0.0,166.3,ASK
203,1712175302.5634103,81373413.51893808,161.5,1.6605099073488536e-08,166.3,BID
204,1712175330.4235723,81373413.51893808,161.5,0.0,166.3,BID
205,1712175360.6432593,81373413.51893808,161.5,0.0,166.3,BID
206,1712175390.6432624,81373413.51893808,161.5,0.0,166.3,BID
207,1712175420.4333804,81373413.51893808,161.5,0.0,166.3,BID
208,1712175444.3805363,81373700.2633526,161.3,2.0402419020239383e-08,166.3,BID
209,1712175450.433579,81373700.2633526,161.3,0.0,166.3,BID
210,1712175469.8134303,81373743.76614243,161.3,3.095297347504263e-09,166.3,BID
211,1712175480.6235816,81373743.76614243,161.3,0.0,166.3,BID
212,1712175510.6333125,81373743.76614243,161.3,0.0,166.3,BID
213,1712175540.423584,81373743.76614243,161.3,0.0,166.3,BID
214,1712175570.4833808,81373743.76614243,161.3,0.0,166.3,BID
215,1712175600.46343,81373743.76614243,161.3,0.0,166.3,BID
216,1712175630.3938785,81373743.76614243,161.3,0.0,166.3,BID
217,1712175643.7333994,81373805.80088188,161.2,4.418113218010094e-09,166.3,BID
218,1712175660.651549,81373805.80088188,161.2,0.0,166.3,BID
219,1712175690.6435242,81373805.80088188,161.2,0.0,166.3,BID
220,1712175720.4236226,81373805.80088188,161.2,0.0,166.3,BID
221,1712175732.8432927,81375046.49567096,161.2,8.83622014350228e-08,166.3,BID
222,1712175750.4133,81375046.49567096,161.2,0.0,166.3,BID
223,1712175780.63357,81375046.49567096,161.2,0.0,166.3,BID
224,1712175794.8948934,81375232.59988932,161.2,1.3254141423543116e-08,166.3,BID
225,1712175803.203455,81375415.52671859,160.4,-1.3027851203676742e-08,166.3,ASK
226,1712175810.623057,81375415.52671859,160.4,-0.0,166.3,ASK
227,1712175840.433332,81375415.52671859,160.4,-0.0,166.3,ASK
228,1712175870.4459417,81375415.52671859,160.4,-0.0,166.3,ASK
229,1712175891.9940176,81388508.45354784,160.4,-9.324601665130544e-07,166.3,ASK
230,1712175891.998011,81389508.45354784,160.5,-7.121861892865733e-08,166.3,ASK
231,1712175892.0012815,81390365.52671859,160.4,-6.103956754171525e-08,166.3,ASK
232,1712175900.6330383,81390365.52671859,160.4,-0.0,166.3,ASK
233,1712175930.643112,81390365.52671859,160.4,-0.0,166.3,ASK
234,1712175960.4141932,81390365.52671859,160.4,-0.0,166.3,ASK
235,1712175990.4354658,81390365.52671859,160.4,-0.0,166.3,ASK
236,1712176020.6233044,81390365.52671859,160.4,-0.0,166.3,ASK
237,1712176050.6329858,81390365.52671859,160.4,-0.0,166.3,ASK
238,1712176080.4330978,81390365.52671859,160.4,-0.0,166.3,ASK
239,1712176110.4628384,81390365.52671859,160.4,-0.0,166.3,ASK
240,1712176140.642987,81390365.52671859,160.4,-0.0,166.3,ASK
241,1712176157.746598,81396599.94068366,160.4,-4.441166584417497e-07,166.3,ASK
242,1712176157.7501435,81401531.76946537,160.4,-3.513252938943566e-07,166.3,ASK
243,1712176170.64371,81401531.76946537,160.4,-0.0,166.3,ASK
244,1712176200.734315,81401531.76946537,160.4,-0.0,166.3,ASK
245,1712176230.6351163,81401531.76946537,160.4,-0.0,166.3,ASK
246,1712176260.4356482,81401531.76946537,160.4,-0.0,166.3,ASK
247,1712176290.4463522,81401531.76946537,160.4,-0.0,166.3,ASK
248,1712176295.4362588,81403238.83001237,160.4,1.2165093464028034e-07,166.3,BID
249,1712176320.646756,81403238.83001237,160.4,0.0,166.3,BID
250,1712176350.6372426,81403238.83001237,160.4,0.0,166.3,BID
251,1712176380.4579403,81403238.83001237,160.4,0.0,166.3,BID
252,1712176396.3480906,81403238.83001254,160.4,1.2742639869577113e-17,166.3,BID
253,1712176410.4383347,81403238.83001254,160.4,0.0,166.3,BID
254,1712176440.6490555,81403238.83001254,160.4,0.0,166.3,BID
255,1712176465.200657,81403301.17415202,160.4,-4.442768513872176e-09,166.3,ASK
256,1712176465.2116451,81403564.91713393,160.3,-1.8794854267263946e-08,166.3,ASK
257,1712176465.21398,81404050.6818644,160.2,-3.4616569704293585e-08,166.3,ASK
258,1712176465.2163088,81405090.6818644,160.3,-7.411248745406362e-08,166.3,ASK
259,1712176470.6394565,81405090.6818644,160.3,-0.0,166.3,ASK
260,1712176500.4299452,81405090.6818644,160.3,-0.0,166.3,ASK
261,1712176506.2903895,81405145.6818644,161.0,3.921001946548506e-09,166.3,BID
262,1712176530.446659,81405145.6818644,161.0,0.0,166.3,BID
263,1712176560.6404436,81405145.6818644,161.0,0.0,166.3,BID
264,1712176564.670271,81405208.10383692,161.0,4.450118568724714e-09,166.3,BID
265,1712176590.6629288,81405208.10383692,161.0,0.0,166.3,BID
266,1712176620.481185,81405208.10383692,161.0,0.0,166.3,BID
267,1712176632.7809002,81405318.05515227,160.2,-7.838522553569278e-09,166.3,ASK
268,1712176650.4342427,81405318.05515227,160.2,-0.0,166.3,ASK
269,1712176680.655283,81405318.05515227,160.2,-0.0,166.3,ASK
270,1712176703.4222307,81405373.05515227,161.0,3.920991738309798e-09,166.3,BID
271,1712176710.6525028,81405373.05515227,161.0,0.0,166.3,BID
272,1712176740.4325778,81405373.05515227,161.0,0.0,166.3,BID
273,1712176770.4429362,81405373.05515227,161.0,0.0,166.3,BID
274,1712176800.4828832,81405373.05515227,161.0,0.0,166.3,BID
275,1712176830.4230704,81405373.05515227,161.0,0.0,166.3,BID
276,1712176860.6332629,81405373.05515227,161.0,0.0,166.3,BID
277,1712176867.0434086,81409318.05515227,160.2,-2.812868179295388e-07,166.3,ASK
278,1712176872.8632736,81409376.05515227,161.0,4.135522291486249e-09,166.3,BID
279,1712176890.6640246,81409376.05515227,161.0,0.0,166.3,BID
280,1712176920.4238026,81409376.05515227,161.0,0.0,166.3,BID
281,1712176950.4739363,81409376.05515227,161.0,0.0,166.3,BID
282,1712176980.4539807,81409376.05515227,161.0,0.0,166.3,BID
283,1712177010.444318,81409376.05515227,161.0,0.0,166.3,BID
284,1712177029.5444298,81409438.01795967,161.0,4.4178767942002064e-09,166.3,BID
285,1712177040.7281685,81409438.01795967,161.0,0.0,166.3,BID
286,1712177070.6447265,81409438.01795967,161.0,0.0,166.3,BID
287,1712177100.1754122,81409494.76045614,160.2,-4.045671760705918e-09,166.3,ASK
288,1712177100.4652884,81409494.76045614,160.2,-0.0,166.3,ASK
289,1712177107.9549532,81409525.83565813,160.9,2.223473787805567e-09,166.3,BID
290,1712177123.2451108,81412631.8020969,160.9,2.2223620509457825e-07,166.3,BID
291,1712177124.6451588,81412982.63251549,160.2,-2.5102402873781872e-08,166.3,ASK
292,1712177124.6486268,81413332.16664045,160.2,-2.5009651267167825e-08,166.3,ASK
293,1712177130.435254,81413332.16664045,160.2,-0.0,166.3,ASK
294,1712177146.2654183,81413398.16664045,160.9,4.722183054783578e-09,166.3,BID
295,1712177149.8652554,81413464.16664045,160.9,4.722183054783578e-09,166.3,BID
296,1712177160.4752502,81413464.16664045,160.9,0.0,166.3,BID
297,1712177190.435989,81413464.16664045,160.9,0.0,166.3,BID
298,1712177213.035351,81413552.16664045,160.9,6.2962345052962175e-09,166.3,BID
299,1712177220.6455722,81413552.16664045,160.9,0.0,166.3,BID
300,1712177250.6356218,81413552.16664045,160.9,0.0,166.3,BID
301,1712177280.4789274,81413552.16664045,160.9,0.0,166.3,BID
302,1712177310.446042,81413552.16664045,160.9,0.0,166.3,BID
303,1712177340.686152,81413552.16664045,160.9,0.0,166.3,BID
304,1712177370.666394,81413552.16664045,160.9,0.0,166.3,BID
305,1712177400.466405,81413552.16664045,160.9,0.0,166.3,BID
306,1712177408.8462985,81413664.7679845,160.2,-8.057378599912986e-09,166.3,ASK
307,1712177409.3147578,81414515.95842429,160.9,6.0908363856077e-08,166.3,BID
308,1712177409.3180454,81415218.52808394,160.2,5.027355391204249e-08,166.3,BID
309,1712177420.2562852,81415273.52808394,160.9,3.935617525155471e-09,166.3,BID
310,1712177421.8061576,81418597.00791293,160.2,2.378171901728545e-07,166.3,BID
311,1712177421.831065,81418597.00791375,160.2,5.864527113967344e-17,166.3,BID
312,1712177423.4170723,81418652.00791375,160.9,3.935617525155471e-09,166.3,BID
313,1712177430.5036535,81418652.00791375,160.9,0.0,166.3,BID
314,1712177450.6365058,81418707.00791375,160.9,3.935387267351554e-09,166.3,BID
315,1712177452.1964967,81418762.00791375,160.9,3.935387267351554e-09,166.3,BID
316,1712177453.2869723,81418817.00791375,160.9,3.935387267351554e-09,166.3,BID
317,1712177460.6664412,81418817.00791375,160.9,0.0,166.3,BID
318,1712177490.6667166,81418817.00791375,160.9,0.0,166.3,BID
319,1712177520.446801,81418817.00791375,160.9,0.0,166.3,BID
320,1712177550.4668524,81418817.00791375,160.9,0.0,166.3,BID
321,1712177556.947086,81418872.00791375,160.9,3.935379791659104e-09,166.3,BID
322,1712177580.6469731,81418872.00791375,160.9,0.0,166.3,BID
323,1712177599.117508,81421558.62473562,160.2,-1.9223365189023065e-07,166.3,ASK
324,1712177599.126869,81422558.62473562,160.2,-7.155231454123517e-08,166.3,ASK
325,1712177599.2072537,81424980.74340463,160.2,1.7330819686071822e-07,166.3,BID
326,1712177599.2106016,81424980.7434055,160.2,6.290654179353823e-17,166.3,BID
327,1712177610.667436,81424980.7434055,160.2,0.0,166.3,BID
328,1712177640.457247,81424980.7434055,160.2,0.0,166.3,BID
329,1712177649.8010273,81425601.598505,160.8,4.44205089294796e-08,166.3,BID
330,1712177670.4615943,81425601.598505,160.8,0.0,166.3,BID
331,1712177700.6372385,81425601.598505,160.8,0.0,166.3,BID
332,1712177726.9073925,81425689.598505,160.8,6.308780239912059e-09,166.3,BID
333,1712177730.6974163,81425689.598505,160.8,0.0,166.3,BID
334,1712177760.467186,81425689.598505,160.8,0.0,166.3,BID
335,1712177790.4378653,81425689.598505,160.8,0.0,166.3,BID
336,1712177805.6379535,81426000.54377863,160.8,2.229185690787076e-08,166.3,BID
337,1712177820.4775324,81426000.54377863,160.8,0.0,166.3,BID
338,1712177850.4578297,81426000.54377863,160.8,0.0,166.3,BID
339,1712177880.657732,81426000.54377863,160.8,0.0,166.3,BID
340,1712177910.657815,81426000.54377863,160.8,0.0,166.3,BID
341,1712177940.4319398,81426000.54377863,160.8,0.0,166.3,BID
342,1712177944.6479263,81427830.38466881,160.9,1.311819427207997e-07,166.3,BID
343,1712177944.6499834,81429530.59984772,160.8,1.2188902948275924e-07,166.3,BID
344,1712177962.712742,81430152.49039498,160.9,4.45835540056966e-08,166.3,BID
345,1712177964.038167,81430691.74124458,160.9,3.865908475674028e-08,166.3,BID
346,1712177964.0418074,81430774.38094224,161.0,5.924469248956325e-09,166.3,BID
347,1712177969.098342,81431774.38094224,160.9,7.169035484151053e-08,166.3,BID
348,1712177970.4280255,81431774.38094224,160.9,0.0,166.3,BID
349,1712177974.9279404,81431829.38094224,160.9,3.942706973441448e-09,166.3,BID
350,1712177976.8981397,81431884.38094224,160.9,3.942706973441448e-09,166.3,BID
351,1712177981.538027,81431939.38094224,160.9,3.942706973441448e-09,166.3,BID
352,1712177983.5288324,81431994.38094224,160.9,3.942706973441448e-09,166.3,BID
353,1712177984.70797,81432049.38094224,160.9,3.942706973441448e-09,166.3,BID
354,1712178000.5983284,81432049.38094224,160.9,0.0,166.3,BID
355,1712178014.3990896,81432104.38094224,161.0,3.945547271557316e-09,166.3,BID
356,1712178030.4583635,81432104.38094224,161.0,0.0,166.3,BID
357,1712178060.6521409,81432104.38094224,161.0,0.0,166.3,BID
358,1712178090.6588614,81432104.38094224,161.0,0.0,166.3,BID
359,1712178120.4683957,81432104.38094224,161.0,0.0,166.3,BID
360,1712178150.468801,81432104.38094224,161.0,0.0,166.3,BID
361,1712178180.6584785,81432104.38094224,161.0,0.0,166.3,BID
362,1712178210.648765,81432104.38094224,161.0,0.0,166.3,BID
363,1712178216.6539502,81444580.9873053,160.3,-8.950365258805906e-07,166.3,ASK
364,1712178216.656082,81445925.27606797,160.2,-9.643548164558024e-08,166.3,ASK
365,1712178216.8576913,81446516.63510457,160.1,-4.24224282036272e-08,166.3,ASK
366,1712178216.928144,81448307.75003272,160.1,-1.2848952961250598e-07,166.3,ASK
367,1712178216.9318354,81451729.52560458,160.1,-2.454685217321905e-07,166.3,ASK
368,1712178216.9354727,81454729.52560458,160.1,-2.1521153264818045e-07,166.3,ASK
369,1712178217.0491457,81456249.9937444,160.1,-1.0907409290498357e-07,166.3,ASK
370,1712178217.073023,81456562.29855388,160.1,-2.2403865567261224e-08,166.3,ASK
371,1712178217.0747054,81496098.98910458,160.1,-2.836250589750981e-06,166.3,ASK
372,1712178223.98336,81496312.54631852,160.8,1.5319991772813473e-08,166.3,BID
373,1712178234.6833522,81496623.9222436,160.1,-2.2337230021998012e-08,166.3,ASK
374,1712178234.6851313,81498912.54631852,160.1,-1.641794316064251e-07,166.3,ASK
375,1712178234.7898192,81502381.4536137,160.0,-2.488496185368824e-07,166.3,ASK
376,1712178234.7935345,81503631.4536137,160.0,-8.967147193674187e-08,166.3,ASK
377,1712178234.797174,81503881.4536137,160.1,-1.793429438734837e-08,166.3,ASK
378,1712178234.7995665,81504781.4536137,160.0,-6.456345979445412e-08,166.3,ASK
379,1712178234.801237,81505226.52644736,160.1,-3.1928268890482865e-08,166.3,ASK
380,1712178234.8029487,81506358.70001851,160.0,-8.121893649063945e-08,166.3,ASK
381,1712178234.8141425,81506483.70001851,160.0,-8.967147193674185e-09,166.3,ASK
382,1712178234.8158665,81511483.70001851,160.0,-3.586858877469674e-07,166.3,ASK
383,1712178234.8180685,81528741.54856284,160.0,-1.2380293451451002e-06,166.3,ASK
384,1712178234.8201656,81528900.53149395,160.0,-1.1404986756166124e-08,166.3,ASK
385,1712178234.8888357,81528935.53149395,160.0,-2.5108012142287717e-09,166.3,ASK
386,1712178234.8911498,81529435.53149395,160.0,-3.586858877469674e-08,166.3,ASK
387,1712178234.897768,81531784.41106284,160.0,-1.6850199067558588e-07,166.3,ASK
388,1712178234.9042768,81537490.95850562,160.0,-4.093716070966705e-07,166.3,ASK
389,1712178235.0082707,81539619.95850562,160.0,-1.5272845100265874e-07,166.3,ASK
390,1712178238.057188,81542552.95850562,160.0,-2.104051417523711e-07,166.3,ASK
391,1712178239.34968,81566381.91106284,160.0,-1.7094218004134406e-06,166.3,ASK
392,1712178239.3527222,81573446.23986012,160.0,-5.067750091978252e-07,166.3,ASK
393,1712178240.4571364,81573446.23986012,160.0,-0.0,166.3,ASK
394,1712178248.7320538,81575086.42000468,160.0,-1.1747123863601413e-07,166.3,ASK
395,1712178248.7341502,81595034.2638872,160.0,-1.4286832679716871e-06,166.3,ASK
396,1712178248.7361746,81600929.32444368,160.0,-4.222097601291973e-07,166.3,ASK
397,1712178267.6363733,81602314.32444368,160.0,-9.919499760448345e-08,166.3,ASK
398,1712178268.4662647,81603961.32444368,160.0,-1.1795968307190197e-07,166.3,ASK
399,1712178269.2499893,81606966.32444368,160.0,-2.152209153801247e-07,166.3,ASK
400,1712178270.4263537,81606966.32444368,160.0,-0.0,166.3,ASK
401,1712178275.936239,81608949.32444368,160.0,-1.41969784666395e-07,166.3,ASK
402,1712178300.645831,81608949.32444368,160.0,-0.0,166.3,ASK
403,1712178304.321241,81609004.32444368,160.8,3.9447707943420305e-09,166.3,BID
404,1712178308.135712,81610450.72954382,160.0,-1.0374066537832325e-07,166.3,ASK
405,1712178308.215788,81610505.72954382,160.9,3.9447707943420305e-09,166.3,BID
406,1712178309.4553542,81610560.72954382,160.9,3.9447707943420305e-09,166.3,BID
407,1712178310.3452833,81610615.72954382,160.9,3.9447707943420305e-09,166.3,BID
408,1712178310.366151,81613615.72954382,160.0,-2.1516931605501981e-07,166.3,ASK
409,1712178311.2491937,81613670.72954382,160.9,3.9447707943420305e-09,166.3,BID
410,1712178312.115288,81613725.72954382,160.9,3.9447707943420305e-09,166.3,BID
411,1712178312.9931226,81613780.72954382,160.9,3.9447707943420305e-09,166.3,BID
412,1712178313.8752816,81613835.72954382,160.9,3.9447707943420305e-09,166.3,BID
413,1712178314.6852422,81613890.72954382,160.9,3.9447707943420305e-09,166.3,BID
414,1712178315.5452027,81613945.72954382,160.9,3.9447707943420305e-09,166.3,BID
415,1712178316.365245,81614000.72954382,160.9,3.9447707943420305e-09,166.3,BID
416,1712178326.765325,81614209.87860315,160.0,-1.5000820016203087e-08,166.3,ASK
417,1712178326.770153,81617000.72954382,160.0,-2.001684960388167e-07,166.3,ASK
418,1712178330.65523,81617000.72954382,160.0,-0.0,166.3,ASK
419,1712178341.2848663,81617055.72954382,160.9,3.9444061965358065e-09,166.3,BID
420,1712178360.4409213,81617055.72954382,160.9,0.0,166.3,BID
421,1712178390.4842212,81617055.72954382,160.9,0.0,166.3,BID
422,1712178399.423459,81618846.72954382,160.1,-1.2844412753676377e-07,166.3,ASK
423,1712178409.7933822,81620723.73920292,160.1,-1.346124333002462e-07,166.3,ASK
424,1712178412.497473,81621891.73920292,160.1,-8.376479115742048e-08,166.3,ASK
425,1712178414.143171,81621946.73920292,160.8,3.94440369320045e-09,166.3,BID
426,1712178420.4628613,81621946.73920292,160.8,0.0,166.3,BID
427,1712178450.422317,81621946.73920292,160.8,0.0,166.3,BID
428,1712178477.121768,81622501.87442239,160.8,3.981008079525692e-08,166.3,BID
429,1712178480.646521,81622501.87442239,160.8,0.0,166.3,BID
430,1712178510.651312,81622501.87442239,160.8,0.0,166.3,BID
431,1712178537.350783,81622665.86472239,160.1,-1.1760063264232958e-08,166.3,ASK
432,1712178539.3209307,81622665.86476329,160.1,-2.933282959248733e-15,166.3,ASK
433,1712178539.3248394,81624364.44188891,160.0,-1.2180826827287936e-07,166.3,ASK
434,1712178539.3288977,81637229.84719823,160.0,-9.226032293242942e-07,166.3,ASK
435,1712178540.4353614,81637229.84719823,160.0,-0.0,166.3,ASK
436,1712178541.7132652,81637284.84719823,160.8,3.943490533100137e-09,166.3,BID
437,1712178547.454928,81638586.27007261,160.0,-9.331179608477137e-08,166.3,ASK
438,1712178547.4569008,81640302.34870698,160.0,-1.230425427032597e-07,166.3,ASK
439,1712178548.70088,81640880.38990697,160.0,-4.144545454418688e-08,166.3,ASK
440,1712178553.980498,81640919.15890698,160.0,-2.779730627492301e-09,166.3,ASK
441,1712178554.9907963,81640974.15890698,160.8,3.943490533100137e-09,166.3,BID
442,1712178570.4492333,81640974.15890698,160.8,0.0,166.3,BID
443,1712178600.45005,81640974.15890698,160.8,0.0,166.3,BID
444,1712178630.4397438,81640974.15890698,160.8,0.0,166.3,BID
445,1712178660.429116,81640974.15890698,160.8,0.0,166.3,BID
446,1712178667.4195597,81641708.17001088,160.5,5.265892209877254e-08,166.3,BID
447,1712178675.0888076,81642330.06055814,160.4,4.461524588420823e-08,166.3,BID
448,1712178690.451547,81642330.06055814,160.4,0.0,166.3,BID
449,1712178720.6582694,81642330.06055814,160.4,0.0,166.3,BID
450,1712178750.6677926,81642330.06055814,160.4,0.0,166.3,BID
451,1712178764.567691,81642952.49137895,160.1,-4.465330886840881e-08,166.3,ASK
452,1712178764.572075,81643952.49137895,160.1,-7.174019565813921e-08,166.3,ASK
453,1712178764.7079089,81648625.21013685,160.1,3.3522175794703215e-07,166.3,BID
454,1712178767.428594,81653167.32130247,160.0,-3.258519437231598e-07,166.3,ASK
455,1712178767.4336572,81659417.32123683,160.0,-4.483762181543712e-07,166.3,ASK
456,1712178767.4979904,81659417.32130247,160.0,-4.7089988272503496e-15,166.3,ASK
457,1712178767.5023286,81670209.43233684,159.9,-7.742281571696012e-07,166.3,ASK
458,1712178767.8997538,81673012.51872453,159.9,-2.010939658998257e-07,166.3,ASK
459,1712178768.2978933,81681718.75950691,159.9,-6.245874171748197e-07,166.3,ASK
460,1712178780.4390972,81681718.75950691,159.9,-0.0,166.3,ASK
461,1712178783.1375215,81681873.61834513,160.1,1.1104584018300978e-08,166.3,BID
462,1712178788.687934,81690100.86637008,160.1,5.899577188187319e-07,166.3,BID
463,1712178810.4572053,81690100.86637008,160.1,0.0,166.3,BID
464,1712178825.279178,81690254.8137385,160.0,-1.1038162336017909e-08,166.3,ASK
465,1712178840.6468236,81690254.8137385,160.0,-0.0,166.3,ASK
466,1712178870.646586,81690254.8137385,160.0,-0.0,166.3,ASK
467,1712178900.456456,81690254.8137385,160.0,-0.0,166.3,ASK
468,1712178901.876614,81690913.36637008,160.0,-4.7256187114347866e-08,166.3,ASK
469,1712178901.881143,81705645.49931376,160.0,-1.057143191884734e-06,166.3,ASK
470,1712178912.7401586,81729864.00355148,160.0,-1.7378628722961726e-06,166.3,ASK
471,1712178930.237233,81729895.27934887,159.9,-2.244277620868189e-09,166.3,ASK
472,1712178930.4560452,81729895.27934887,159.9,-0.0,166.3,ASK
473,1712178949.7657108,81733071.26033707,159.9,-2.2779724661798322e-07,166.3,ASK
474,1712178949.770204,81747307.29088986,159.9,-1.0210793372942446e-06,166.3,ASK
475,1712178949.8854804,81747307.29089057,159.9,-5.1301720064085336e-17,166.3,ASK
476,1712178960.6254394,81747307.29089057,159.9,-0.0,166.3,ASK
477,1712178961.486559,81747432.44733612,159.8,-8.975054183688564e-09,166.3,ASK
478,1712178961.4918528,81747476.25209206,159.8,-3.1412689642375687e-09,166.3,ASK
479,1712178961.4963126,81758453.03322656,159.8,-7.871524715593094e-07,166.3,ASK
480,1712178961.5075014,81758453.0332268,159.8,-1.7097159131248673e-17,166.3,ASK
481,1712178961.651644,81760987.69509253,159.7,-1.8176233339502784e-07,166.3,ASK
482,1712178961.6574943,81762187.81575626,159.7,-8.606147239804718e-08,166.3,ASK
483,1712178961.6596084,81771095.44005181,159.7,-6.387718215428127e-07,166.3,ASK
484,1712178964.1093504,81771220.75333501,159.6,-8.98630111918836e-09,166.3,ASK
485,1712178964.1133387,81772473.8861671,159.6,-8.986301119402077e-08,166.3,ASK
486,1712178964.1153808,81773844.15747035,159.6,-9.826309095941977e-08,166.3,ASK
487,1712178964.1174204,81773844.15747061,159.7,-1.923430402265476e-17,166.3,ASK
488,1712178964.1194494,81789054.44844481,159.6,-1.090740353366969e-06,166.3,ASK
489,1712178964.1236455,81789884.88771433,159.6,-5.955136715101229e-08,166.3,ASK
490,1712178971.3277469,81795238.07467976,159.6,-3.8388069315853613e-07,166.3,ASK
491,1712178971.3330338,81797856.38182782,159.6,-1.8776059371488762e-07,166.3,ASK
492,1712178971.694326,81798993.99249281,159.6,-8.157883769835976e-08,166.3,ASK
493,1712178971.750269,81799093.99249281,159.5,-7.171068293283283e-09,166.3,ASK
494,1712178971.7538393,81799217.8315021,159.5,-8.88057992955085e-09,166.3,ASK
495,1712178971.7580204,81802476.45219173,159.5,-2.336779150724625e-07,166.3,ASK
496,1712178971.761586,81805001.43796192,159.6,-1.810684539764202e-07,166.3,ASK
497,1712178971.76369,81806887.18128479,159.5,-1.3522794151861945e-07,166.3,ASK
498,1712178971.765805,81808141.88642909,159.4,-8.997576277716736e-08,166.3,ASK
499,1712178971.7679873,81808173.59802783,159.5,-2.2740604024676564e-09,166.3,ASK
500,1712178971.7700405,81818149.8841,159.4,-7.154062873693129e-07,166.3,ASK
501,1712178971.7721152,81830751.10592002,159.4,-9.036422225011562e-07,166.3,ASK
502,1712178971.774197,81831567.1762276,159.3,-5.85209590779564e-08,166.3,ASK
503,1712178971.7763543,81868965.95440757,159.5,-2.681891924139417e-06,166.3,ASK
504,1712178971.7787538,81892027.6353301,159.3,-1.6537688885332167e-06,166.3,ASK
505,1712178971.7808373,81892060.62152834,159.4,-2.365462803612824e-09,166.3,ASK
506,1712178971.782934,81903046.95172293,159.3,-7.878372411798287e-07,166.3,ASK
507,1712178971.7850184,81903949.94660938,159.4,-6.475437999168473e-08,166.3,ASK
508,1712178971.7872355,81903981.6980218,159.3,-2.2769154688252806e-09,166.3,ASK
509,1712178971.7893484,81907081.51203296,159.4,-2.2228977970480082e-07,166.3,ASK
510,1712178971.791473,81907630.19414216,159.3,-3.934636876425504e-08,166.3,ASK
511,1712178984.875226,81908099.530813,159.8,3.3656453190702125e-08,166.3,BID
512,1712178987.04523,81914357.35309084,159.8,4.487527092164854e-07,166.3,BID
513,1712178990.6259537,81914357.35309084,159.8,0.0,166.3,BID
514,1712178990.7851038,81920164.04568242,159.3,-4.156077229946394e-07,166.3,ASK
515,1712179007.395587,81927164.04568242,159.3,-5.010174062222892e-07,166.3,ASK
516,1712179007.905452,81927958.41493692,159.3,-5.685611763888002e-08,166.3,ASK
517,1712179011.9751606,81928271.3060508,159.8,2.2394842044610243e-08,166.3,BID
518,1712179020.4451442,81928271.3060508,159.8,0.0,166.3,BID
519,1712179050.4549348,81928271.3060508,159.8,0.0,166.3,BID
520,1712179080.6551642,81928271.3060508,159.8,0.0,166.3,BID
521,1712179094.4945009,81933679.11336908,159.3,-3.869965436288956e-07,166.3,ASK
522,1712179100.0342665,81933741.88800813,159.3,-4.492313966108296e-09,166.3,ASK
523,1712179110.6344366,81933741.88800813,159.3,-0.0,166.3,ASK
524,1712179120.30505,81953262.55980857,159.3,-1.3968621614881237e-06,166.3,ASK
525,1712179131.8974452,81955770.71601903,159.4,-1.794788899337523e-07,166.3,ASK
526,1712179131.899716,81955790.55980857,159.4,-1.419983852105862e-09,166.3,ASK
527,1712179137.287317,81955853.29506578,159.4,-4.489215734041206e-09,166.3,ASK
528,1712179140.4341528,81955853.29506578,159.4,-0.0,166.3,ASK
529,1712179170.4438963,81955853.29506578,159.4,-0.0,166.3,ASK
530,1712179187.045959,81962067.7254785,159.6,4.445807595889681e-07,166.3,BID
531,1712179187.048425,81979955.4065946,159.6,1.2796858810421794e-06,166.3,BID
532,1712179200.465756,81979955.4065946,159.6,0.0,166.3,BID
533,1712179230.4252212,81979955.4065946,159.6,0.0,166.3,BID
534,1712179260.6532488,81979955.4065946,159.6,0.0,166.3,BID
535,1712179267.3233008,81989177.5651159,159.6,6.599855662141982e-07,166.3,BID
536,1712179268.360741,81990177.5651159,159.6,7.15651942753149e-08,166.3,BID
537,1712179269.093212,81990591.83435418,159.6,2.9647258519671088e-08,166.3,BID
538,1712179269.103273,81991495.67407559,159.6,6.468346525655809e-08,166.3,BID
539,1712179269.1130817,81995167.31536087,159.6,2.627617218907132e-07,166.3,BID
540,1712179270.653439,82006914.07804911,159.6,8.406593538895184e-07,166.3,BID
541,1712179290.6580043,82006914.07804911,159.6,0.0,166.3,BID
542,1712179293.0933208,82043068.58120722,159.8,2.5866075827958824e-06,166.3,BID
543,1712179293.87315,82043381.86440721,159.8,-2.2413271650501683e-08,166.3,ASK
544,1712179294.0330982,82043381.86441523,159.8,-5.735490134088848e-16,166.3,ASK
545,1712179294.5330918,82043662.86441523,159.6,-2.0103629348386018e-08,166.3,ASK
546,1712179310.0130546,82043700.31759875,160.2,2.6795192859075957e-09,166.3,BID
547,1712179320.4429195,82043700.31759875,160.2,0.0,166.3,BID
548,1712179337.2411163,82052907.49234575,159.7,-6.584335112075569e-07,166.3,ASK
549,1712179337.2435143,82067623.15267463,159.7,-1.0523623333242255e-06,166.3,ASK
550,1712179344.4328642,82068623.15267463,159.8,-7.151308944383087e-08,166.3,ASK
551,1712179344.6032095,82068811.00489753,159.7,-1.3433892818796462e-08,166.3,ASK
552,1712179344.6128702,82068844.00489753,159.7,-2.359931951646418e-09,166.3,ASK
553,1712179344.616743,82069623.15267463,159.6,-5.571926467338799e-08,166.3,ASK
554,1712179350.4465842,82069623.15267463,159.6,-0.0,166.3,ASK
555,1712179380.4758463,82069623.15267463,159.6,-0.0,166.3,ASK
556,1712179410.4385345,82069623.15267463,159.6,-0.0,166.3,ASK
557,1712179412.7425027,82069660.48932678,160.7,2.66926908868101e-09,166.3,BID
558,1712179419.0725007,82069692.48932678,160.7,2.287741560398906e-09,166.3,BID
559,1712179428.2878163,82069841.0041782,159.6,-1.0617612435392493e-08,166.3,ASK
560,1712179440.6342368,82069841.0041782,159.6,-0.0,166.3,ASK
561,1712179470.6624615,82069841.0041782,159.6,-0.0,166.3,ASK
562,1712179500.4374218,82069841.0041782,159.6,-0.0,166.3,ASK
563,1712179515.3419657,82069878.38735577,160.5,2.675404070219751e-09,166.3,BID
564,1712179530.4522438,82069878.38735577,160.5,0.0,166.3,BID
565,1712179537.8618553,82071124.49327476,160.5,8.918009735887489e-08,166.3,BID
566,1712179559.981678,82071747.54623426,160.5,4.4590048679970654e-08,166.3,BID
567,1712179560.6418493,82071747.54623426,160.5,0.0,166.3,BID
568,1712179571.569399,82077560.3558942,160.5,4.159965809624453e-07,166.3,BID
569,1712179590.6315038,82077560.3558942,160.5,0.0,166.3,BID
570,1712179593.2017095,82077622.66119014,160.5,4.4586114441856406e-09,166.3,BID
571,1712179620.4318235,82077622.66119014,160.5,0.0,166.3,BID
572,1712179623.3413696,82079067.55469613,159.7,-1.0339753649693813e-07,166.3,ASK
573,1712179637.211301,82082657.48059613,159.8,-2.5689747564601417e-07,166.3,ASK
574,1712179650.4413545,82082657.48059613,159.8,-0.0,166.3,ASK
575,1712179651.0455034,82082720.05875798,159.8,-4.477876950494666e-09,166.3,ASK
576,1712179651.0506644,82082720.05879612,159.8,-2.729665502103779e-15,166.3,ASK
577,1712179652.3951273,82090253.97278269,159.7,-5.391008426869402e-07,166.3,ASK
578,1712179652.3977845,82090253.97284362,159.8,-4.360000874258732e-15,166.3,ASK
579,1712179657.1613114,82129353.12824361,160.0,-2.797800407872458e-06,166.3,ASK
580,1712179657.2457442,82168452.2836436,159.7,-2.797800407872458e-06,166.3,ASK
581,1712179657.9893863,82172278.80480188,159.8,-2.738126270974295e-07,166.3,ASK
582,1712179657.993861,82181999.90625416,159.7,-6.956084173662858e-07,166.3,ASK
583,1712179658.061195,82185423.1278777,159.8,2.449539064616091e-07,166.3,BID
584,1712179658.0711796,82185826.42735416,159.8,2.8858716465616555e-08,166.3,BID
585,1712179678.1010644,82186856.45291689,160.0,-7.370506881934101e-08,166.3,ASK
586,1712179678.105315,82204891.96358436,159.7,-1.2905588007062984e-06,166.3,ASK
587,1712179678.1096046,82205891.96358436,159.8,-7.15565433383493e-08,166.3,ASK
588,1712179678.111936,82212416.1529612,159.7,-4.668484398908095e-07,166.3,ASK
589,1712179680.610967,82212416.1529612,159.7,-0.0,166.3,ASK
590,1712179692.4810803,82212516.88987446,159.7,-7.1977056936670885e-09,166.3,ASK
591,1712179710.6209288,82212516.88987446,159.7,-0.0,166.3,ASK
592,1712179740.430922,82212516.88987446,159.7,-0.0,166.3,ASK
593,1712179747.5014791,82224899.2717955,159.7,-8.847267155626263e-07,166.3,ASK
594,1712179747.5065775,82231157.09407333,159.8,-4.4712419514630834e-07,166.3,ASK
595,1712179747.5105982,82239106.61548151,159.7,-5.679968531586871e-07,166.3,ASK
596,1712179752.4108224,82239348.06117684,159.7,-1.7251402708660933e-08,166.3,ASK
597,1712179763.9905207,82239830.95256744,159.8,-3.4502805414127784e-08,166.3,ASK
598,1712179770.4408643,82239830.95256744,159.8,-0.0,166.3,ASK
599,1712179800.5307062,82239830.95256744,159.8,-0.0,166.3,ASK
600,1712179815.040517,82239871.55492316,159.9,-2.9019784220374517e-09,166.3,ASK
601,1712179828.36057,82239903.55492316,160.5,2.287140927210503e-09,166.3,BID
602,1712179830.4401748,82239903.55492316,160.5,0.0,166.3,BID
603,1712179848.1103923,82239965.8602191,160.5,4.453152309428783e-09,166.3,BID
604,1712179856.8615327,82246541.30147044,160.5,4.699671344170269e-07,166.3,BID
605,1712179860.650243,82246541.30147044,160.5,0.0,166.3,BID
606,1712179890.6102407,82246541.30147044,160.5,0.0,166.3,BID
607,1712179920.4302409,82246541.30147044,160.5,0.0,166.3,BID
608,1712179950.070255,82247164.35442995,160.5,4.452813252811904e-08,166.3,BID
609,1712179950.452834,82247164.35442995,160.5,0.0,166.3,BID
610,1712179980.4571824,82247164.35442995,160.5,0.0,166.3,BID
611,1712180010.4497468,82247164.35442995,160.5,0.0,166.3,BID
612,1712180011.4196498,82253742.78769375,160.0,-4.701418238647937e-07,166.3,ASK
613,1712180031.5752108,82255642.78769375,160.0,-1.3578756970257118e-07,166.3,ASK
614,1712180040.6594772,82255642.78769375,160.0,-0.0,166.3,ASK
615,1712180042.8997064,82257459.46269375,160.0,-1.298199842203911e-07,166.3,ASK
616,1712180042.905182,82261481.02942994,160.0,-2.873820194776106e-07,166.3,ASK
617,1712180042.9792469,82261865.5903145,160.0,2.7480803095859364e-08,166.3,BID
618,1712180043.1027136,82276448.58827437,160.0,1.042104154590659e-06,166.3,BID
619,1712180043.180859,82280713.1704597,160.5,3.047479554718104e-07,166.3,BID
620,1712180070.6330771,82280713.1704597,160.5,0.0,166.3,BID
621,1712180100.4194255,82280713.1704597,160.5,0.0,166.3,BID
622,1712180108.7694285,82289822.96636255,160.5,6.508930878994631e-07,166.3,BID
623,1712180130.4291646,82289822.96636255,160.5,0.0,166.3,BID
624,1712180134.439047,82292442.55174337,160.1,-1.8714929823817058e-07,166.3,ASK
625,1712180156.7092566,82293409.74886136,160.1,-6.909882121571224e-08,166.3,ASK
626,1712180156.719062,82294316.15387248,160.1,-6.475569110747485e-08,166.3,ASK
627,1712180157.4190395,82294416.15387248,160.1,7.144233572544024e-09,166.3,BID
628,1712180157.7790668,82298581.91937834,160.1,2.976120178234812e-07,166.3,BID
629,1712180160.4963942,82298581.91937834,160.1,0.0,166.3,BID
630,1712180160.9696848,82298681.91937834,160.1,7.143517905018109e-09,166.3,BID
631,1712180170.0593908,82300274.67390674,160.1,1.137787049194752e-07,166.3,BID
632,1712180172.8689384,82302845.45203274,160.1,1.83643995729196e-07,166.3,BID
633,1712180172.9087672,82302845.4520337,160.1,6.812589554803953e-17,166.3,BID
634,1712180172.9966242,82302928.60404494,160.2,5.939978811704187e-09,166.3,BID
635,1712180190.4389558,82302928.60404494,160.2,0.0,166.3,BID
636,1712180198.3592515,82305788.23252566,160.5,2.042679178403665e-07,166.3,BID
637,1712180198.3653488,82307964.89586788,160.5,1.5548260613339976e-07,166.3,BID
638,1712180201.089747,82312881.36531395,160.4,-3.511914165231294e-07,166.3,ASK
639,1712180201.0950036,82316855.93329878,160.4,-2.839098617360845e-07,166.3,ASK
640,1712180201.099936,82345871.00299878,160.0,-2.072593665078298e-06,166.3,ASK
641,1712180201.1029575,82346182.82847928,159.8,-2.2274201721990823e-08,166.3,ASK
642,1712180201.1059625,82364626.95565684,159.9,-1.3174940312522783e-06,166.3,ASK
643,1712180220.6286707,82364626.95565684,159.9,-0.0,166.3,ASK
644,1712180250.6391542,82364626.95565684,159.9,-0.0,166.3,ASK
645,1712180280.4400406,82364626.95565684,159.9,-0.0,166.3,ASK
646,1712180310.421105,82364626.95565684,159.9,-0.0,166.3,ASK
647,1712180340.6316214,82364626.95565684,159.9,-0.0,166.3,ASK
648,1712180370.652797,82364626.95565684,159.9,-0.0,166.3,ASK
649,1712180400.4872434,82364626.95565684,159.9,-0.0,166.3,ASK
650,1712180428.4328637,82365597.35753185,160.0,-6.928041957744595e-08,166.3,ASK
651,1712180428.4377117,82366045.02155684,160.0,-3.1960316936901824e-08,166.3,ASK
652,1712180430.4640863,82366045.02155684,160.0,-0.0,166.3,ASK
653,1712180433.123927,82366673.95235685,160.0,-4.4900865334224384e-08,166.3,ASK
654,1712180436.2801828,82367302.88315684,160.0,-4.4900865333160564e-08,166.3,ASK
655,1712180439.6042502,82367931.81395684,160.0,-4.4900865334224384e-08,166.3,ASK
656,1712180460.6346235,82367931.81395684,160.0,-0.0,166.3,ASK
657,1712180467.9152417,82383546.94503184,160.0,-1.1147773122041218e-06,166.3,ASK
658,1712180467.9212463,82384172.11034687,160.3,-4.463107650057648e-08,166.3,ASK
659,1712180490.6553967,82384172.11034687,160.3,-0.0,166.3,ASK
660,1712180499.3860643,82387440.72666956,159.9,-2.333059797841804e-07,166.3,ASK
661,1712180499.3915024,82388519.68539377,159.9,-7.701348137694398e-08,166.3,ASK
662,1712180499.3959992,82391686.2670522,159.8,-2.2602299060265722e-07,166.3,ASK
663,1712180499.400447,82392668.55889563,159.9,-7.011363168382489e-08,166.3,ASK
664,1712180499.4036648,82398019.3053801,159.8,-3.8192342810889097e-07,166.3,ASK
665,1712180499.4062035,82399811.21306008,159.9,-1.279020648757337e-07,166.3,ASK
666,1712180510.5059042,82400436.76494579,159.6,-4.46503906218127e-08,166.3,ASK
667,1712180510.512547,82400562.078229,159.6,-8.944561071642127e-09,166.3,ASK
668,1712180520.4585426,82400562.078229,159.6,-0.0,166.3,ASK
669,1712180550.4465666,82400562.078229,159.6,-0.0,166.3,ASK
670,1712180580.6471703,82400562.078229,159.6,-0.0,166.3,ASK
671,1712180610.637961,82400562.078229,159.6,-0.0,166.3,ASK
672,1712180628.3475423,82401801.14038946,159.6,-8.842474576186664e-08,166.3,ASK
673,1712180632.8743243,82402801.14038946,160.2,7.136425320977138e-08,166.3,BID
674,1712180632.880473,82403156.31842995,160.3,2.5347015616047e-08,166.3,BID
675,1712180640.4579434,82403156.31842995,160.3,0.0,166.3,BID
676,1712180670.418285,82403156.31842995,160.3,0.0,166.3,BID
677,1712180672.7882285,82410010.74657746,160.4,4.89146663140892e-07,166.3,BID
678,1712180689.388549,82410073.05187342,160.4,4.446239271685898e-09,166.3,BID
679,1712180700.4488397,82410073.05187342,160.4,0.0,166.3,BID
680,1712180730.428975,82410073.05187342,160.4,0.0,166.3,BID
681,1712180744.0392125,82411517.05187342,159.8,-1.031094392331467e-07,166.3,ASK
682,1712180760.6294868,82411517.05187342,159.8,-0.0,166.3,ASK
683,1712180790.6399252,82411517.05187342,159.8,-0.0,166.3,ASK
684,1712180811.7800806,82411550.52687341,160.3,2.390257345716025e-09,166.3,BID
685,1712180820.4603744,82411550.52687341,160.3,0.0,166.3,BID
686,1712180823.6599789,82411583.26887341,160.3,2.337917133311112e-09,166.3,BID
687,1712180840.5004003,82411603.0848349,160.3,1.414943372248092e-09,166.3,BID
688,1712180840.5067198,82411616.80787341,160.3,9.79882928767496e-10,166.3,BID
689,1712180842.1703937,82412242.5901012,159.8,-4.468349496418448e-08,166.3,ASK
690,1712180842.1761034,82413119.80787341,159.8,-6.26370551398816e-08,166.3,ASK
691,1712180844.660682,82414320.80787341,160.3,-8.575647416831896e-08,166.3,ASK
692,1712180844.700134,82414666.68373117,160.3,-2.4696997552921133e-08,166.3,ASK
693,1712180848.250454,82414716.59015661,160.3,3.5635296291559956e-09,166.3,BID
694,1712180850.430507,82414716.59015661,160.3,0.0,166.3,BID
695,1712180871.3908436,82415750.45248643,160.0,-7.381946718050773e-08,166.3,ASK
696,1712180880.6407974,82415750.45248643,160.0,-0.0,166.3,ASK
697,1712180890.4611528,82415873.23471421,159.8,-8.766749035707204e-09,166.3,ASK
698,1712180890.4672282,82415923.89774314,159.8,-3.617380690957462e-09,166.3,ASK
699,1712180890.472252,82417375.49096937,159.8,-1.0364491462654473e-07,166.3,ASK
700,1712180905.8115296,82417914.66500953,159.7,-3.849745669133292e-08,166.3,ASK
701,1712180905.8181524,82419433.97056419,159.8,-1.0847962890551942e-07,166.3,ASK
702,1712180905.823996,82419633.97056419,159.7,-1.4280159586453436e-08,166.3,ASK
703,1712180905.8266895,82420792.88390651,159.7,-8.27473373764899e-08,166.3,ASK
704,1712180910.6507068,82420792.88390651,159.7,-0.0,166.3,ASK
705,1712180940.4411962,82420792.88390651,159.7,-0.0,166.3,ASK
706,1712180970.401632,82420792.88390651,159.7,-0.0,166.3,ASK
707,1712181000.5617628,82420792.88390651,159.7,-0.0,166.3,ASK
708,1712181001.0818748,82421332.05794667,159.9,-3.8506471796942663e-08,166.3,ASK
709,1712181030.4124317,82421332.05794667,159.9,-0.0,166.3,ASK
710,1712181060.679077,82421332.05794667,159.9,-0.0,166.3,ASK
711,1712181067.362124,82423752.05794667,160.0,-1.7282932977307217e-07,166.3,ASK
712,1712181090.6325903,82423752.05794667,160.0,-0.0,166.3,ASK
713,1712181110.5730417,82424570.27566347,160.3,5.8433103011439465e-08,166.3,BID
714,1712181110.5766132,82425010.79227258,160.3,3.145953927706916e-08,166.3,BID
715,1712181120.462701,82425010.79227258,160.3,0.0,166.3,BID
716,1712181150.5534573,82425010.79227258,160.3,0.0,166.3,BID
717,1712181157.1831477,82425099.8685391,160.3,6.361299136171845e-09,166.3,BID
718,1712181157.1896052,82425938.35192996,160.3,5.987951537333683e-08,166.3,BID
719,1712181157.194019,82427822.64848293,160.3,1.3456529448339966e-07,166.3,BID
720,1712181180.6459377,82427822.64848293,160.3,0.0,166.3,BID
721,1712181182.0408835,82429384.48010844,160.4,1.1153316995225053e-07,166.3,BID
722,1712181182.043722,82456887.91446194,160.4,1.9640690890896614e-06,166.3,BID
723,1712181182.065197,82464718.1749757,160.4,5.591728086359355e-07,166.3,BID
724,1712181182.833712,82469522.56264643,160.5,3.430898554275948e-07,166.3,BID
725,1712181182.840731,82493820.1406457,160.5,1.735133193721512e-06,166.3,BID
726,1712181210.6529975,82493820.1406457,160.5,0.0,166.3,BID
727,1712181211.6931994,82496240.1406457,160.5,1.7268591717130673e-07,166.3,BID
728,1712181211.6991184,82496240.14064643,160.5,5.210240235379184e-17,166.3,BID
729,1712181240.4431393,82496240.14064643,160.5,0.0,166.3,BID
730,1712181264.5341785,82496276.42964643,160.8,2.589432052974616e-09,166.3,BID
731,1712181270.4534986,82496276.42964643,160.8,0.0,166.3,BID
732,1712181289.6237922,82496338.61870115,160.8,4.437550347088062e-09,166.3,BID
733,1712181300.503564,82496338.61870115,160.8,0.0,166.3,BID
734,1712181301.56382,82497338.61870115,160.8,7.143127737635344e-08,166.3,BID
735,1712181311.1238818,82498552.61870115,160.5,-8.67175707348931e-08,166.3,ASK
736,1712181311.9440875,82508538.61870115,160.5,-7.133127358802655e-07,166.3,ASK
737,1712181312.7234826,82509708.61870115,160.5,-8.357459453033355e-08,166.3,ASK
738,1712181313.5435646,82510874.61870115,160.5,-8.328886942082812e-08,166.3,ASK
739,1712181330.4435456,82510874.61870115,160.5,-0.0,166.3,ASK
740,1712181331.3739414,82512160.57882576,160.5,-9.184246673339733e-08,166.3,ASK
741,1712181331.382636,82512331.7439348,160.5,-1.222450489086366e-08,166.3,ASK
742,1712181347.016536,82512480.14867309,160.8,1.0598973466447486e-08,166.3,BID
743,1712181347.021537,82512518.31109896,160.8,2.725536555816063e-09,166.3,BID
744,1712181360.653853,82512518.31109896,160.8,0.0,166.3,BID
745,1712181390.5716662,82513143.31109896,160.3,-4.4636267392100696e-08,166.3,ASK
746,1712181390.5769458,82513692.31109896,160.3,-3.9208497277221243e-08,166.3,ASK
747,1712181390.6738746,82513692.31109896,160.3,-0.0,166.3,ASK
748,1712181392.594173,82534004.4262865,160.8,1.4506317107480745e-06,166.3,BID
749,1712181392.6003933,82552959.76772103,160.8,1.3537349074232945e-06,166.3,BID
750,1712181392.716506,82552959.76772147,160.9,3.192591724965687e-17,166.3,BID
751,1712181392.72241,82557781.36849248,160.9,3.443445899363877e-07,166.3,BID
752,1712181409.6992483,82557871.01370163,160.8,-6.402197993996347e-09,166.3,ASK
753,1712181412.1692643,82564444.01370163,160.8,-4.6942438769724084e-07,166.3,ASK
754,1712181412.1847,82569681.01370163,160.8,-3.7401118490346107e-07,166.3,ASK
755,1712181412.4242475,82571553.01370163,160.8,-1.336927512200266e-07,166.3,ASK
756,1712181420.4647355,82571553.01370163,160.8,-0.0,166.3,ASK
757,1712181450.4336214,82571553.01370163,160.8,-0.0,166.3,ASK
758,1712181461.8547068,82572796.79479615,161.0,8.876821257404134e-08,166.3,BID
759,1712181461.8605907,82572831.79479653,161.0,2.4979375284329958e-09,166.3,BID
760,1712181461.8661282,82580355.687076,161.0,5.369775052785854e-07,166.3,BID
761,1712181461.9941862,82581546.605467,161.1,8.499542030077662e-08,166.3,BID
762,1712181462.0141456,82581546.6054677,161.1,4.9984056007329644e-17,166.3,BID
763,1712181463.4642324,82584378.5273157,161.2,2.0211325104037741e-07,166.3,BID
764,1712181463.4915748,82584378.52731653,161.2,5.849198043410916e-17,166.3,BID
765,1712181463.5643468,82585378.52731653,161.3,7.136964290987806e-08,166.3,BID
766,1712181463.5707402,82585554.52731653,161.3,1.2561057152138536e-08,166.3,BID
767,1712181480.6541507,82585554.52731653,161.3,0.0,166.3,BID
768,1712181497.924442,82585587.13333853,161.4,2.3267056434310543e-09,166.3,BID
769,1712181497.929747,82586732.30893376,161.4,8.171762014195053e-08,166.3,BID
770,1712181498.004297,82587554.54472977,161.4,5.8673231183381465e-08,166.3,BID
771,1712181498.0242355,82587587.15075178,161.4,2.326705644494374e-09,166.3,BID
772,1712181510.6446073,82587587.15075178,161.4,0.0,166.3,BID
773,1712181540.4690578,82587587.15075178,161.4,0.0,166.3,BID
774,1712181564.8777888,82588426.49793094,161.3,-5.989286585178093e-08,166.3,ASK
775,1712181564.88738,82588550.41366825,161.4,-8.842191664397616e-09,166.3,ASK
776,1712181564.8917253,82593161.68700121,161.1,-3.290442643935764e-07,166.3,ASK
777,1712181564.8946712,82595657.33455974,161.0,-1.780806418933194e-07,166.3,ASK
778,1712181570.4032404,82596508.42690392,161.0,-6.073095956369153e-08,166.3,ASK
779,1712181570.4062607,82597508.42690392,161.0,-7.135648673026396e-08,166.3,ASK
780,1712181570.4094105,82599258.33455974,160.9,-1.24867262421725e-07,166.3,ASK
781,1712181570.484638,82599258.33455974,160.9,-0.0,166.3,ASK
782,1712181590.4323854,82599932.34300087,160.9,-4.808842452194335e-08,166.3,ASK
783,1712181590.4386544,82601312.33455974,160.9,-9.845814365114833e-08,166.3,ASK
784,1712181594.031921,82603064.92276248,160.9,-1.250417655953679e-07,166.3,ASK
785,1712181594.035142,82603866.33455974,160.9,-5.7178261237191074e-08,166.3,ASK
786,1712181594.0586145,82603930.75940506,160.9,-4.596514112542847e-09,166.3,ASK
787,1712181594.0616162,82604306.76660319,160.9,-2.682695447595748e-08,166.3,ASK
788,1712181594.0676472,82606223.33455974,160.9,1.3674121553222853e-07,166.3,BID
789,1712181598.5346658,82608038.33455974,161.0,-1.294946549338663e-07,166.3,ASK
790,1712181598.554489,82609852.33455974,161.0,-1.2942330801654738e-07,166.3,ASK
791,1712181600.624901,82609852.33455974,161.0,-0.0,166.3,ASK
792,1712181602.9950402,82612945.21695974,161.0,2.2066997775548854e-07,166.3,BID
793,1712181629.044783,82613102.90018955,161.0,1.1250332315642764e-08,166.3,BID
794,1712181630.428258,82613102.90018955,161.0,0.0,166.3,BID
795,1712181641.0850687,82631946.39308251,160.8,-1.3443892660886871e-06,166.3,ASK
796,1712181647.9570875,82644597.6553036,160.8,-9.026044815102504e-07,166.3,ASK
797,1712181655.1577582,82667501.26743364,160.8,-1.6340585302943942e-06,166.3,ASK
798,1712181660.6652372,82667501.26743364,160.8,-0.0,166.3,ASK
799,1712181669.0918326,82686134.80780631,161.0,1.3285810687210665e-06,166.3,BID
800,1712181677.2553196,82686940.97022144,160.8,-5.7479797270822e-08,166.3,ASK
801,1712181677.2621334,82703469.55294609,160.8,-1.1784964994072222e-06,166.3,ASK
802,1712181690.6549766,82703469.55294609,160.8,-0.0,166.3,ASK
803,1712181720.435047,82703469.55294609,160.8,-0.0,166.3,ASK
804,1712181721.7353375,82704411.31988668,160.8,-6.712077293713375e-08,166.3,ASK
805,1712181721.742251,82706929.52563076,160.8,-1.794753124911541e-07,166.3,ASK
806,1712181750.4929135,82706929.52563076,160.8,-0.0,166.3,ASK
807,1712181763.7452917,82707236.65093789,160.8,-2.1888292875625925e-08,166.3,ASK
808,1712181767.315038,82707698.12814166,160.8,-3.288868731149729e-08,166.3,ASK
809,1712181780.5537095,82709214.12814166,160.5,-1.0804271490931693e-07,166.3,ASK
810,1712181780.6552763,82709214.12814166,160.5,-0.0,166.3,ASK
1011,1712181802.0552342,82709245.12814166,161.5,2.2092589597763752e-09,166.3,BID
811,1712181802.0552342,82709245.12814166,161.5,2.209258959776375e-09,166.3,BID
812,1712181803.185006,82710848.5605846,160.5,-1.1427088680578972e-07,166.3,ASK
813,1712181803.225131,82715057.93780157,160.5,2.9998723650510905e-07,166.3,BID
814,1712181804.830505,82716066.93780157,161.5,7.190781581981815e-08,166.3,BID
815,1712181804.8360455,82717052.84130901,161.5,7.02618115254712e-08,166.3,BID
816,1712181804.9054198,82727800.92544848,161.5,-7.659774575982658e-07,166.3,ASK
817,1712181805.7552834,82729375.61224936,161.5,-1.1222228786098848e-07,166.3,ASK
818,1712181810.6581504,82729375.61224936,161.5,-0.0,166.3,ASK
819,1712181812.0152717,82731314.32037151,161.5,-1.381327871528909e-07,166.3,ASK
820,1712181840.475445,82731314.32037151,161.5,-0.0,166.3,ASK
821,1712181846.195454,82731383.62016162,161.5,-4.937493944425999e-09,166.3,ASK
822,1712181870.4353907,82731383.62016162,161.5,-0.0,166.3,ASK
823,1712181900.6553562,82731383.62016162,161.5,-0.0,166.3,ASK
824,1712181916.6656156,82731445.53966627,161.5,4.4164405553706706e-09,166.3,BID
825,1712181919.7581134,82731545.53966627,160.7,-7.132551497093684e-09,166.3,ASK
826,1712181930.6358824,82731545.53966627,160.7,-0.0,166.3,ASK
827,1712181951.605817,82731607.4591709,160.7,-4.416432342145446e-09,166.3,ASK
828,1712181960.4191823,82731607.4591709,160.7,-0.0,166.3,ASK
829,1712181990.4655988,82731607.4591709,160.7,-0.0,166.3,ASK
830,1712181996.90601,82733239.75043596,160.7,-1.1642371595044125e-07,166.3,ASK
831,1712181996.9131975,82747268.4601611,160.7,-1.0006023747977288e-06,166.3,ASK
832,1712182020.6456766,82747268.4601611,160.7,-0.0,166.3,ASK
833,1712182034.7159529,82748778.4601611,160.7,-1.0768192134144833e-07,166.3,ASK
834,1712182050.665865,82748778.4601611,160.7,-0.0,166.3,ASK
835,1712182080.4470878,82748778.4601611,160.7,-0.0,166.3,ASK
836,1712182098.4062445,82761224.01087672,160.7,-8.875083594823136e-07,166.3,ASK
837,1712182098.4138036,82764530.98098744,160.7,-2.3582432669284214e-07,166.3,ASK
838,1712182098.485958,82767622.45755786,160.7,2.2045720290572602e-07,166.3,BID
839,1712182099.5506291,82778208.58608744,161.0,-7.549105523125337e-07,166.3,ASK
840,1712182099.5547051,82779389.27842456,161.0,-8.4196701545821e-08,166.3,ASK
841,1712182110.4780288,82779389.27842456,161.0,-0.0,166.3,ASK
842,1712182140.6560216,82779389.27842456,161.0,-0.0,166.3,ASK
843,1712182170.6559434,82779389.27842456,161.0,-0.0,166.3,ASK
844,1712182181.2573066,82779451.3902258,161.0,4.427718764588055e-09,166.3,BID
845,1712182182.9159362,82779676.5965392,161.0,1.6054118539384172e-08,166.3,BID
846,1712182183.0159132,82779760.48858096,161.1,5.9803509171088486e-09,166.3,BID
847,1712182183.0213785,82781548.58299442,161.1,1.274665849270105e-07,166.3,BID
848,1712182192.2858815,82781553.27903108,161.2,-3.3476294768435564e-10,166.3,ASK
849,1712182192.289377,82781820.78288433,161.0,-1.9069352474621177e-08,166.3,ASK
850,1712182192.4059336,82781916.8712702,161.0,6.849782821968936e-09,166.3,BID
851,1712182200.4962573,82781916.8712702,161.0,0.0,166.3,BID
852,1712182206.3959858,82782505.8712702,161.0,4.210554042152356e-08,166.3,BID
853,1712182230.4662552,82782505.8712702,161.0,0.0,166.3,BID
854,1712182251.716761,82783748.10729504,161.0,8.880248656050987e-08,166.3,BID
855,1712182260.656288,82783748.10729504,161.0,0.0,166.3,BID
856,1712182262.976434,82783872.48540448,160.8,-8.891166621779897e-09,166.3,ASK
857,1712182263.116177,82785147.42581747,160.8,9.113908947343588e-08,166.3,BID
858,1712182263.1362915,82785147.42581753,160.8,4.260836818594407e-18,166.3,BID
859,1712182263.2162795,82785258.52743798,161.0,7.942097076584466e-09,166.3,BID
860,1712182263.2247226,82786452.77599002,161.0,8.53708334351635e-08,166.3,BID
861,1712182268.755941,82786484.14244965,161.0,2.242230727725507e-09,166.3,BID
862,1712182270.4075403,82789589.73251176,161.0,2.2200304237983522e-07,166.3,BID
863,1712182281.2761335,82831962.72143771,161.0,3.0290322509248147e-06,166.3,BID
864,1712182284.756107,82833029.26119462,161.0,-7.624157281462246e-08,166.3,ASK
865,1712182290.6362865,82833029.26119462,161.0,-0.0,166.3,ASK
866,1712182307.1062152,82833096.30841635,161.0,-4.790152494252592e-09,166.3,ASK
867,1712182320.0357146,82833097.894735,161.0,1.1333367740726652e-10,166.3,BID
868,1712182320.445984,82833097.894735,161.0,0.0,166.3,BID
869,1712182329.8356528,82833133.723735,161.3,2.559781506763228e-09,166.3,BID
870,1712182350.4650805,82833133.723735,161.3,0.0,166.3,BID
871,1712182369.8350034,82833195.75847445,161.2,-4.432033079501045e-09,166.3,ASK
872,1712182369.843777,82834194.1721558,161.0,-7.133103970450475e-08,166.3,ASK
873,1712182369.8510385,82841839.71452895,160.8,-5.46230982980904e-07,166.3,ASK
874,1712182380.6445906,82841839.71452895,160.8,-0.0,166.3,ASK
875,1712182410.6935742,82841839.71452895,160.8,-0.0,166.3,ASK
876,1712182440.4633777,82841839.71452895,160.8,-0.0,166.3,ASK
877,1712182442.0331583,82841873.30452895,161.3,2.399576461540515e-09,166.3,BID
878,1712182456.262845,82842451.30452895,161.3,4.129071731535429e-08,166.3,BID
879,1712182464.952688,82842504.04752895,161.3,3.76781367369077e-09,166.3,BID
880,1712182470.4440124,82842504.04752895,161.3,0.0,166.3,BID
881,1712182474.4129004,82842556.62752895,161.3,3.756140652250703e-09,166.3,BID
882,1712182500.4920547,82842556.62752895,161.3,0.0,166.3,BID
883,1712182530.4559035,82842556.62752895,161.3,0.0,166.3,BID
884,1712182560.6515193,82842556.62752895,161.3,0.0,166.3,BID
885,1712182563.9707067,82845659.76907659,161.3,2.2282125343687082e-07,166.3,BID
886,1712182573.9306643,82845696.29707658,161.3,2.6228950951680387e-09,166.3,BID
887,1712182582.2605646,82845731.57707658,161.3,2.533282385236063e-09,166.3,BID
1087,1712182582.2605646,82845731.57707658,161.3,2.5332823852360632e-09,166.3,BID
888,1712182589.6004498,82845774.16307658,161.3,3.057890125922393e-09,166.3,BID
889,1712182590.6601586,82845774.16307658,161.3,0.0,166.3,BID
890,1712182617.580333,82845809.16307658,161.2,-2.513083316839242e-09,166.3,ASK
891,1712182620.4339,82845809.16307658,161.2,-0.0,166.3,ASK
892,1712182639.839415,82845849.16307658,161.3,2.872094055733608e-09,166.3,BID
893,1712182650.4594452,82845849.16307658,161.3,0.0,166.3,BID
894,1712182651.979952,82845857.12833713,161.2,-5.719241720232693e-10,166.3,ASK
895,1712182651.989359,82845884.16307658,161.2,-1.941156962511629e-09,166.3,ASK
896,1712182675.9190624,82846186.3715133,161.2,-2.169926631534925e-08,166.3,ASK
897,1712182680.6489215,82846186.3715133,161.2,-0.0,166.3,ASK
898,1712182687.2788398,82846230.33553316,161.2,3.156706218796566e-09,166.3,BID
899,1712182710.6486204,82846230.33553316,161.2,0.0,166.3,BID
900,1712182732.698309,82854437.70091915,161.2,5.893052604987615e-07,166.3,BID
901,1712182732.7182496,82859417.79800615,161.2,3.575809377476203e-07,166.3,BID
902,1712182740.448613,82859417.79800615,161.2,0.0,166.3,BID
903,1712182770.456776,82859417.79800615,161.2,0.0,166.3,BID
904,1712182782.9823155,82867592.5540625,161.2,5.868742660213827e-07,166.3,BID
905,1712182782.9859087,82868803.17975695,161.2,8.69120816525112e-08,166.3,BID
906,1712182784.2175577,82871128.93818004,161.2,1.669686236610271e-07,166.3,BID
907,1712182799.0675054,82871907.05893572,161.2,-5.586210086432593e-08,166.3,ASK
908,1712182800.5217671,82871907.05893572,161.2,-0.0,166.3,ASK
909,1712182805.8374312,82881439.6008241,161.2,-6.853114042530779e-07,166.3,ASK
910,1712182808.9307158,82888589.0072404,161.2,-5.13983553190344e-07,166.3,ASK
911,1712182815.767253,82945217.03957719,161.2,-4.071090042425449e-06,166.3,ASK
912,1712182820.307355,82945341.03213763,161.3,8.914045876880994e-09,166.3,BID
913,1712182821.0472698,82947485.85406251,161.2,-1.5419506595646045e-07,166.3,ASK
914,1712182825.8672209,83006395.7540625,161.2,-4.235137570451078e-06,166.3,ASK
915,1712182830.4372408,83006395.7540625,161.2,-0.0,166.3,ASK
916,1712182860.4767802,83006395.7540625,161.2,-0.0,166.3,ASK
917,1712182864.1171784,83046970.26991044,161.3,2.91243489147836e-06,166.3,BID
918,1712182864.1252818,83047017.53601044,161.3,3.392756166274138e-09,166.3,BID
919,1712182890.4563296,83047017.53601044,161.3,0.0,166.3,BID
920,1712182897.8062384,83049188.53601044,161.3,-1.557609157332363e-07,166.3,ASK
921,1712182920.6462822,83049188.53601044,161.3,-0.0,166.3,ASK
922,1712182931.506023,83050874.23526293,161.4,1.2093941161320172e-07,166.3,BID
923,1712182931.5121276,83050946.69220763,161.4,5.1983770218053105e-09,166.3,BID
924,1712182939.7360418,83052857.43470933,161.4,-1.3708499517812565e-07,166.3,ASK
925,1712182940.335764,83052919.39257796,161.4,4.445127543689951e-09,166.3,BID
926,1712182950.645966,83052919.39257796,161.4,0.0,166.3,BID
927,1712182980.4155877,83052919.39257796,161.4,0.0,166.3,BID
928,1712182989.5856018,83052981.38885818,161.3,-4.447691211014567e-09,166.3,ASK
929,1712182989.5919871,83054151.39257796,161.3,-8.39375401649397e-08,166.3,ASK
930,1712182991.555506,83054598.69220836,161.4,3.208983873993005e-08,166.3,BID
931,1712182995.0652652,83057426.69220836,161.4,-2.028842811129859e-07,166.3,ASK
932,1712183010.44719,83057426.69220836,161.4,-0.0,166.3,ASK
933,1712183040.635227,83057426.69220836,161.4,-0.0,166.3,ASK
934,1712183058.5884206,83057793.68810096,161.4,-2.6327373670491307e-08,166.3,ASK
935,1712183058.5989535,83059112.69220836,161.4,-9.462207809059928e-08,166.3,ASK
936,1712183058.71462,83059328.84165788,161.4,-1.5506024565232366e-08,166.3,ASK
937,1712183070.6446548,83059328.84165788,161.4,-0.0,166.3,ASK
938,1712183100.4536197,83059328.84165788,161.4,-0.0,166.3,ASK
939,1712183127.9439936,83059452.75739516,161.4,8.901204220237657e-09,166.3,BID
940,1712183129.604013,83060907.69220836,161.4,1.045119222389556e-07,166.3,BID
941,1712183130.4542496,83060907.69220836,161.4,0.0,166.3,BID
942,1712183160.5158482,83060907.69220836,161.4,0.0,166.3,BID
943,1712183190.398054,83060907.69220836,161.4,0.0,166.3,BID
944,1712183220.6344628,83060907.69220836,161.4,0.0,166.3,BID
945,1712183250.666401,83060907.69220836,161.4,0.0,166.3,BID
946,1712183280.4575078,83060907.69220836,161.4,0.0,166.3,BID
947,1712183309.0832024,83061907.69220836,161.5,7.183140319940563e-08,166.3,BID
948,1712183310.4133356,83061907.69220836,161.5,0.0,166.3,BID
949,1712183318.2533765,83063665.69220836,161.5,-1.2627814190067072e-07,166.3,ASK
950,1712183318.3130786,83065378.69220836,161.5,-1.2304576625474913e-07,166.3,ASK
951,1712183334.952659,83070907.69220836,161.5,-3.971512210289013e-07,166.3,ASK
952,1712183334.9570916,83071526.8872548,161.5,-4.447713307082667e-08,166.3,ASK
953,1712183335.9127188,83071588.80675945,161.5,4.4477133069756314e-09,166.3,BID
954,1712183340.642763,83071588.80675945,161.5,0.0,166.3,BID
955,1712183345.0425878,83072827.19685231,161.5,8.894427706711504e-08,166.3,BID
956,1712183370.6251464,83072827.19685231,161.5,0.0,166.3,BID
957,1712183370.9427743,83073327.19685231,161.5,3.591073602647732e-08,166.3,BID
958,1712183400.7225068,83073327.19685231,161.5,0.0,166.3,BID
959,1712183417.6123252,83076758.29260711,161.4,-2.466660490332745e-07,166.3,ASK
960,1712183428.3322237,83079758.29260711,161.5,2.156740003726529e-07,166.3,BID
961,1712183430.6227336,83079758.29260711,161.5,0.0,166.3,BID
962,1712183452.9322488,83079820.21211176,161.5,4.451143507955611e-09,166.3,BID
963,1712183460.451995,83079820.21211176,161.5,0.0,166.3,BID
964,1712183466.5620298,83084251.41859937,161.5,3.185413372553762e-07,166.3,BID
965,1712183477.962119,83092037.71909983,161.5,-5.597253435662658e-07,166.3,ASK
966,1712183483.502046,83093895.30423915,161.5,-1.335342092495234e-07,166.3,ASK
967,1712183484.4617991,83096590.30423915,161.5,-1.937325435642424e-07,166.3,ASK
968,1712183490.4520226,83096590.30423915,161.5,-0.0,166.3,ASK
969,1712183501.631923,83096628.5752681,161.6,2.750612444824395e-09,166.3,BID
970,1712183501.6399715,83096954.9919448,161.6,2.346019424467408e-08,166.3,BID
971,1712183520.6316588,83096954.9919448,161.6,0.0,166.3,BID
972,1712183550.6416273,83096954.9919448,161.6,0.0,166.3,BID
973,1712183551.0414553,83103143.11075668,161.6,4.447501147776375e-07,166.3,BID
974,1712183573.1416185,83104380.11601642,161.6,8.890557016987655e-08,166.3,BID
975,1712183580.4735963,83104380.11601642,161.6,0.0,166.3,BID
976,1712183610.4214406,83104380.11601642,161.6,0.0,166.3,BID
977,1712183628.2318618,83109266.14658444,161.6,3.511366436108644e-07,166.3,BID
978,1712183628.23856,83114380.11601642,161.6,3.675175660234845e-07,166.3,BID
979,1712183640.6219103,83114380.11601642,161.6,0.0,166.3,BID
980,1712183658.3812387,83114456.4077244,161.6,5.48209904889029e-09,166.3,BID
981,1712183658.389555,83116350.10874282,161.6,1.360758177680251e-07,166.3,BID
982,1712183662.1726646,83116411.98993093,161.6,4.446601229307319e-09,166.3,BID
983,1712183670.6365235,83116411.98993093,161.6,0.0,166.3,BID
984,1712183698.2313373,83117099.55800024,161.6,4.9405465237669673e-08,166.3,BID
985,1712183700.4236646,83117099.55800024,161.6,0.0,166.3,BID
986,1712183702.3508637,83117787.12606953,161.6,4.9480330009616295e-08,166.3,BID
987,1712183725.170079,83123807.0876524,161.5,-4.33222104207658e-07,166.3,ASK
988,1712183725.1799302,83124204.4444414,161.5,-2.859548883809417e-08,166.3,ASK
989,1712183730.4576654,83124204.4444414,161.5,-0.0,166.3,ASK
990,1712183730.4911497,83125454.4444414,161.5,-8.994790205608248e-08,166.3,ASK
991,1712183732.0107477,83125578.13027938,161.7,8.900225312573575e-09,166.3,BID
992,1712183760.6410189,83125578.13027938,161.7,0.0,166.3,BID
993,1712183770.9205947,83125895.98644423,161.7,2.2872030978448773e-08,166.3,BID
994,1712183770.9302588,83126265.27313651,161.7,2.65728263268366e-08,166.3,BID
995,1712183774.2305286,83126947.41697164,161.7,4.908514181492525e-08,166.3,BID
996,1712183774.2403097,83126952.41599365,161.7,3.5971549036011287e-10,166.3,BID
997,1712183777.5304005,83127071.10280962,161.7,8.540367725686584e-09,166.3,BID
998,1712183777.5355074,83127639.5588508,161.7,4.090448958067104e-08,166.3,BID
999,1712183780.9607885,83128326.70170793,161.7,4.9444857305285366e-08,166.3,BID
1000,1712183784.899307,83129013.84456506,161.7,4.9444857305285366e-08,166.3,BID
1201,1712183788.480417,83129700.98742221,161.7,4.9444857306357624e-08,166.3,BID
1202,1712183790.6302462,83129700.98742221,161.7,0.0,166.3,BID
1203,1712183792.2409086,83130388.13027935,161.7,4.944248548000983e-08,166.3,BID
1204,1712183802.2310529,83130424.65971658,161.7,2.628428937356322e-09,166.3,BID
1205,1712183805.9404118,83133433.23015995,161.7,2.164778385132321e-07,166.3,BID
1206,1712183805.9502552,83133617.1979235,161.7,1.3237165144529362e-08,166.3,BID
1207,1712183820.4629712,83133617.1979235,161.7,0.0,166.3,BID
1208,1712183822.3004277,83133649.76692349,161.8,2.3433539665730514e-09,166.3,BID
1209,1712183850.4301202,83133649.76692349,161.8,0.0,166.3,BID
1210,1712183850.9401464,83136055.91288918,161.7,-1.7312320171361244e-07,166.3,ASK
1211,1712183859.3501332,83136146.9532835,161.8,6.550394188401128e-09,166.3,BID
1212,1712183859.3528466,83136742.63105977,161.8,4.2859263438885855e-08,166.3,BID
1213,1712183864.4499974,83137429.34923035,161.8,4.9409657627286975e-08,166.3,BID
1214,1712183870.5699954,83137959.43486018,161.7,-3.813988125737656e-08,166.3,ASK
1215,1712183880.6499364,83137959.43486018,161.7,-0.0,166.3,ASK
1216,1712183903.0657594,83138646.57771733,161.7,-4.943773468955439e-08,166.3,ASK
1217,1712183903.0722847,83143546.25118671,161.7,-3.525158626396428e-07,166.3,ASK
1218,1712183903.074398,83144976.0589971,161.7,-1.0287010692351357e-07,166.3,ASK
1219,1712183910.171852,83145017.2979971,161.8,2.9670143843043867e-09,166.3,BID
1220,1712183910.6395953,83145017.2979971,161.8,0.0,166.3,BID
1221,1712183940.4630852,83145017.2979971,161.8,0.0,166.3,BID
1222,1712183946.4197626,83146265.2979971,161.6,-8.978224341030347e-08,166.3,ASK
1223,1712183970.4405844,83146265.2979971,161.6,-0.0,166.3,ASK
1224,1712183993.0794375,83148166.9826442,161.6,-1.3680692044319452e-07,166.3,ASK
1225,1712183998.0593522,83148426.6365379,161.8,1.8679463827824265e-08,166.3,BID
1226,1712184000.459803,83148426.6365379,161.8,0.0,166.3,BID
1227,1712184005.4492755,83151394.6365379,161.6,-2.1379742782707945e-07,166.3,ASK
1228,1712184005.9310343,83152574.6365379,161.6,-8.500032507949925e-08,166.3,ASK
1229,1712184006.0312982,83160802.6365379,161.6,-5.926971819950167e-07,166.3,ASK
1230,1712184006.1995175,83162765.6365379,161.6,-1.414030831619127e-07,166.3,ASK
1231,1712184006.9956849,83168166.6365379,161.6,-3.8905657267319947e-07,166.3,ASK
1232,1712184007.005937,83174200.6365379,161.6,-4.346542046861851e-07,166.3,ASK
1233,1712184015.719711,83177682.6365379,161.6,-2.5082299315831895e-07,166.3,ASK
1234,1712184016.5265398,83182954.6365379,161.6,-3.797641642534915e-07,166.3,ASK
1235,1712184017.451776,83186213.6365379,161.6,-2.347593724017695e-07,166.3,ASK
1236,1712184023.789428,83191203.6365379,161.6,-3.594505272429671e-07,166.3,ASK
1237,1712184030.4294348,83191203.6365379,161.6,-0.0,166.3,ASK
1238,1712184039.8195243,83191249.99006075,161.8,3.337375857575876e-09,166.3,BID
1239,1712184040.319454,83191311.7947579,161.8,4.449834478198313e-09,166.3,BID
1240,1712184043.8793297,83192547.88870104,161.8,8.899668956503913e-08,166.3,BID
1241,1712184044.8596048,83197726.88870104,161.6,-3.728793089049141e-07,166.3,ASK
1242,1712184052.876627,83208223.45461828,161.6,-7.557351313177839e-07,166.3,ASK
1243,1712184053.4333537,83217740.45461828,161.6,-6.852080291268716e-07,166.3,ASK
1244,1712184053.44903,83228935.45461828,161.6,-8.060212132053511e-07,166.3,ASK
1245,1712184054.2295518,83231632.45461828,161.6,-1.941794740522405e-07,166.3,ASK
1246,1712184054.2661097,83248080.45461828,161.6,-1.1842283979277906e-06,166.3,ASK
1247,1712184054.4728365,83251719.45461828,161.6,-2.6200189324290065e-07,166.3,ASK
1248,1712184055.0191224,83253612.45461828,161.6,-1.3629282327804646e-07,166.3,ASK
1249,1712184055.1388664,83258873.45461828,161.6,-3.787831712973072e-07,166.3,ASK
1250,1712184055.960753,83274337.45461828,161.6,-1.1133820492190755e-06,166.3,ASK
1251,1712184060.649558,83274337.45461828,161.6,-0.0,166.3,ASK
1252,1712184090.639355,83274337.45461828,161.6,-0.0,166.3,ASK
1253,1712184107.603092,83277460.45461828,161.6,-2.246334767251825e-07,166.3,ASK
1254,1712184119.148949,83278198.86932415,161.6,-5.3113244522942934e-08,166.3,ASK
1255,1712184120.4194615,83278198.86932415,161.6,-0.0,166.3,ASK
1256,1712184150.4509892,83278198.86932415,161.6,-0.0,166.3,ASK
1257,1712184168.2386887,83279961.27253997,161.7,1.267617653765528e-07,166.3,BID
1258,1712184179.61861,83280579.70172983,161.7,4.448084023180104e-08,166.3,BID
1259,1712184180.649149,83280579.70172983,161.7,0.0,166.3,BID
1260,1712184184.8889103,83290579.70172983,161.6,-7.19235270970842e-07,166.3,ASK
1261,1712184197.4189155,83291936.40042967,161.6,-9.757855569994309e-08,166.3,ASK
1262,1712184198.439075,83292678.61611892,161.7,5.338277023814157e-08,166.3,BID
1263,1712184208.6160429,83295821.50218543,161.6,-2.26047451167772e-07,166.3,ASK
1264,1712184208.6225524,83296130.61611892,161.7,-2.223256437136271e-08,166.3,ASK
1265,1712184210.6386695,83296130.61611892,161.7,-0.0,166.3,ASK
1266,1712184227.902589,83318184.64079154,161.6,-1.5859165813545958e-06,166.3,ASK
1267,1712184233.8990288,83323298.58013746,161.5,-3.677460837711595e-07,166.3,ASK
1268,1712184233.9063008,83326766.85394466,161.5,-2.494054042817598e-07,166.3,ASK
1269,1712184235.1029315,83330619.81950752,161.6,2.7706879194364345e-07,166.3,BID
1270,1712184240.4454577,83330619.81950752,161.6,0.0,166.3,BID
1271,1712184242.5284884,83330650.97139691,161.5,-2.2392515140601983e-09,166.3,ASK
1272,1712184242.5316696,83334910.92608409,161.5,-3.062128869799566e-07,166.3,ASK
1273,1712184270.4556184,83334910.92608409,161.5,-0.0,166.3,ASK
1274,1712184279.7385547,83362868.95535219,161.5,-2.00957123596956e-06,166.3,ASK
1275,1712184279.7418954,83364800.95112939,161.5,-1.388682694568484e-07,166.3,ASK
1276,1712184284.6583035,83373805.3384858,161.5,-6.472186453294143e-07,166.3,ASK
1277,1712184284.800425,83377565.81393503,161.5,2.7029599346414293e-07,166.3,BID
1278,1712184300.4699278,83377565.81393503,161.5,0.0,166.3,BID
1279,1712184311.068431,83377597.08328485,161.5,2.249092989881754e-09,166.3,BID
1280,1712184322.768778,83377735.12541622,161.4,-9.928878971390649e-09,166.3,ASK
1281,1712184322.7746124,83377797.08328485,161.4,-4.456408872629334e-09,166.3,ASK
1282,1712184324.198161,83379797.08328485,161.5,1.438528784401998e-07,166.3,BID
1283,1712184330.4680278,83379797.08328485,161.5,0.0,166.3,BID
1284,1712184330.4847274,83379997.08328485,161.5,1.4384915026525712e-08,166.3,BID
1285,1712184333.7482166,83416211.28446272,161.5,2.604691033485496e-06,166.3,BID
1286,1712184341.8779528,83416444.81565481,161.8,1.6796631771583517e-08,166.3,BID
1287,1712184360.6382737,83416444.81565481,161.8,0.0,166.3,BID
1288,1712184370.324051,83417680.90959793,161.8,8.88677008393994e-08,166.3,BID
1289,1712184386.1286676,83417880.90959793,161.7,1.4378793996054792e-08,166.3,BID
1290,1712184386.1386802,83418920.90959793,161.7,7.476972877948492e-08,166.3,BID
1291,1712184386.1412802,83419512.62416404,161.8,4.254070925291568e-08,166.3,BID
1292,1712184386.1439106,83422704.75737739,161.8,2.294951294129903e-07,166.3,BID
1293,1712184390.6485877,83422704.75737739,161.8,0.0,166.3,BID
1294,1712184392.5988424,83423384.57814375,161.8,4.8871455461953873e-08,166.3,BID
1295,1712184396.9684114,83426914.63421284,161.7,-2.537712680985255e-07,166.3,ASK
1296,1712184406.2885346,83426947.21421283,161.8,2.3421350121289353e-09,166.3,BID
1297,1712184412.9693508,83426980.90621284,161.8,2.422075286583424e-09,166.3,BID
1298,1712184420.4559095,83426980.90621284,161.8,0.0,166.3,BID
1299,1712184420.493652,83436860.24752852,161.8,7.101780525615996e-07,166.3,BID
1300,1712184421.359084,83479106.91982853,161.8,-3.036908889218226e-06,166.3,ASK
1301,1712184426.6289556,83479143.44782853,161.9,2.625821203357737e-09,166.3,BID
1302,1712184448.069562,83479187.97782853,161.9,3.201046271293488e-09,166.3,BID
1303,1712184450.445996,83479187.97782853,161.9,0.0,166.3,BID
1304,1712184480.6299992,83479187.97782853,161.9,0.0,166.3,BID
1305,1712184510.6099184,83479187.97782853,161.9,0.0,166.3,BID
1306,1712184540.4405117,83479187.97782853,161.9,0.0,166.3,BID
1307,1712184570.4582431,83479187.97782853,161.9,0.0,166.3,BID
1308,1712184600.492136,83479187.97782853,161.9,0.0,166.3,BID
1309,1712184630.4313393,83479187.97782853,161.9,0.0,166.3,BID
1310,1712184631.0204663,83479187.97784384,161.8,-1.1031031872502817e-15,166.3,ASK
1311,1712184654.0005977,83479373.3919353,161.8,1.3364980225489693e-08,166.3,BID
1312,1712184660.6506636,83479373.3919353,161.8,0.0,166.3,BID
1313,1712184674.6511495,83481042.11874324,161.8,1.202845608186251e-07,166.3,BID
1314,1712184674.6545093,83485553.861651,161.8,3.25213816668811e-07,166.3,BID
1315,1712184690.610753,83485553.861651,161.8,0.0,166.3,BID
1316,1712184717.776226,83486480.46880478,161.8,6.678654685864366e-08,166.3,BID
1317,1712184720.42132,83486480.46880478,161.8,0.0,166.3,BID
1318,1712184735.7818537,83487194.51052764,161.8,5.146503075309727e-08,166.3,BID
1319,1712184735.785286,83492504.98620807,161.9,3.827560567616513e-07,166.3,BID
1320,1712184736.2565696,83496161.87359901,161.8,2.635725840789289e-07,166.3,BID
1321,1712184750.4350097,83496161.87359901,161.8,0.0,166.3,BID
1322,1712184764.4314518,83496259.36309221,161.8,7.025826375400785e-09,166.3,BID
1323,1712184768.8711789,83496347.09918615,161.8,6.322923041186361e-09,166.3,BID
1324,1712184779.8112476,83530655.86705238,161.7,-2.472547945985528e-06,166.3,ASK
1325,1712184779.9112067,83540002.82521729,161.8,6.736121303448563e-07,166.3,BID
1326,1712184780.6312602,83540002.82521729,161.8,0.0,166.3,BID
1327,1712184782.5618331,83541912.94557925,161.8,1.375873429109821e-07,166.3,BID
1328,1712184782.5647635,83543722.19836572,161.8,1.3032177893250046e-07,166.3,BID
1329,1712184803.931772,83544356.7592454,161.8,4.5707876366898345e-08,166.3,BID
1330,1712184803.9354317,83544727.58742835,161.8,2.671102061677944e-08,166.3,BID
1331,1712184810.638815,83544727.58742835,161.8,0.0,166.3,BID
1332,1712184812.071532,83546873.14071663,161.8,1.545372362494263e-07,166.3,BID
1333,1712184819.6716764,83547945.91736075,161.8,-7.726861812363987e-08,166.3,ASK
1334,1712184823.2414834,83562373.33192322,161.8,-1.0391598217978675e-06,166.3,ASK
1335,1712184840.4484982,83562373.33192322,161.8,-0.0,166.3,ASK
1336,1712184842.974958,83562568.77664217,161.8,1.4074354170665093e-08,166.3,BID
1337,1712184864.2318003,83565040.96452844,161.8,1.7802705580101597e-07,166.3,BID
1338,1712184870.4318855,83565040.96452844,161.8,0.0,166.3,BID
1339,1712184877.3139212,83565100.30129386,161.8,4.2728230251552575e-09,166.3,BID
1340,1712184877.321476,83571221.43424413,161.8,4.407809833124293e-07,166.3,BID
1341,1712184900.6018722,83571221.43424413,161.8,0.0,166.3,BID
1342,1712184930.641789,83571221.43424413,161.8,0.0,166.3,BID
1343,1712184935.1922977,83571489.62840515,161.7,-1.9358800237426724e-08,166.3,ASK
1344,1712184940.2522874,83577823.56381924,161.8,4.571963458424996e-07,166.3,BID
1345,1712184950.0521286,83577957.66089977,161.7,-9.679400119788958e-09,166.3,ASK
1346,1712184950.071896,83578060.70943365,161.7,-7.438252847635558e-09,166.3,ASK
1347,1712184960.4425178,83578060.70943365,161.7,-0.0,166.3,ASK
1348,1712184963.8520586,83583185.19396333,161.6,-3.698661779601668e-07,166.3,ASK
1349,1712184963.861915,83596042.37179323,161.6,-9.279831358149862e-07,166.3,ASK
1350,1712184963.8648238,83607402.96282575,161.7,-8.199650833606363e-07,166.3,ASK
1351,1712184971.562183,83608357.50251617,161.6,6.88951142230041e-08,166.3,BID
1352,1712184981.9623606,83608666.52600195,161.8,2.2304162481728923e-08,166.3,BID
1353,1712184989.8129597,83608728.33069909,161.8,4.460832495270274e-09,166.3,BID
1354,1712184990.456011,83608728.33069909,161.8,0.0,166.3,BID
1355,1712185018.5123162,83618098.90499167,161.8,6.760912030723824e-07,166.3,BID
1356,1712185020.6121027,83618098.90499167,161.8,0.0,166.3,BID
1357,1712185035.4730334,83618716.95196325,161.8,4.458749299558375e-08,166.3,BID
1358,1712185035.4767845,83635913.8041386,161.8,1.2406250029208238e-06,166.3,BID
1359,1712185035.4803991,83636640.31413876,161.8,5.24122939403546e-08,166.3,BID
1360,1712185040.9927323,83638328.92847744,161.8,1.2182096743616077e-07,166.3,BID
1361,1712185048.6529107,83644847.28243783,161.6,-4.702507655873897e-07,166.3,ASK
1362,1712185048.655773,83648504.52245039,161.6,-2.6384267044885373e-07,166.3,ASK
1363,1712185048.7929077,83648862.4477114,161.6,2.582164592989188e-08,166.3,BID
1364,1712185050.5241663,83652344.5662261,161.6,2.5120895664053776e-07,166.3,BID
1365,1712185050.6631966,83652344.5662261,161.6,0.0,166.3,BID
1366,1712185052.1928124,83654151.65120637,161.6,1.3031567743988825e-07,166.3,BID
1367,1712185080.4432282,83654151.65120637,161.6,0.0,166.3,BID
1368,1712185085.1833324,83658152.49049956,161.5,-2.885094553705303e-07,166.3,ASK
1369,1712185085.1872046,83660495.77680638,161.6,-1.6897960818180408e-07,166.3,ASK
1370,1712185110.405398,83660495.77680638,161.6,-0.0,166.3,ASK
1371,1712185140.6232872,83660495.77680638,161.6,-0.0,166.3,ASK
1372,1712185170.6329136,83660495.77680638,161.6,-0.0,166.3,ASK
1373,1712185200.6346388,83660495.77680638,161.6,-0.0,166.3,ASK
1374,1712185211.033577,83664017.6755937,161.5,-2.545652978494118e-07,166.3,ASK
1375,1712185211.0375,83667495.77680638,161.5,-2.5139957864326005e-07,166.3,ASK
1376,1712185230.4176035,83667495.77680638,161.5,-0.0,166.3,ASK
1377,1712185253.383767,83671233.21581566,161.5,-2.701226226286217e-07,166.3,ASK
1378,1712185253.3876016,83689809.06720884,161.5,-1.3425657738968104e-06,166.3,ASK
1379,1712185253.3912978,83690290.60376397,161.4,-3.48029537978636e-08,166.3,ASK
1380,1712185253.3950295,83706021.285699,161.4,-1.136931746438306e-06,166.3,ASK
1381,1712185253.3973207,83710226.60088567,161.5,-3.039382754837081e-07,166.3,ASK
1382,1712185253.3989816,83710288.55875431,161.4,-4.477991995800135e-09,166.3,ASK
1383,1712185260.6245704,83710288.55875431,161.4,-0.0,166.3,ASK
1384,1712185264.7429707,83714981.2496297,161.4,-3.389939660113456e-07,166.3,ASK
1385,1712185274.3578377,83731274.7648746,161.4,-1.1770226294032452e-06,166.3,ASK
1386,1712185278.442827,83734504.63160573,161.6,2.333214272885101e-07,166.3,BID
1387,1712185278.4452767,83737456.6986602,161.6,2.132535351884189e-07,166.3,BID
1388,1712185290.6582007,83737456.6986602,161.6,0.0,166.3,BID
1389,1712185320.4172864,83737456.6986602,161.6,0.0,166.3,BID
1390,1712185350.4494884,83737456.6986602,161.6,0.0,166.3,BID
1391,1712185351.4627645,83737518.5798483,161.5,4.468801660788239e-09,166.3,BID
1392,1712185352.621298,83738138.1585348,161.4,-4.4743392099684136e-08,166.3,ASK
1393,1712185362.6830382,83742584.47060338,161.4,-3.2109413803262575e-07,166.3,ASK
1394,1712185362.686855,83748702.04855926,161.4,-4.4178599933933043e-07,166.3,ASK
1395,1712185379.1059678,83748740.56855926,161.5,2.7817539580892997e-09,166.3,BID
1396,1712185380.653608,83748740.56855926,161.5,0.0,166.3,BID
1397,1712185395.9427938,83754481.72666284,161.4,-4.145480035167921e-07,166.3,ASK
1398,1712185410.1595771,83754746.57456526,161.4,1.9123697205637003e-08,166.3,BID
1399,1712185410.642759,83754746.57456526,161.4,0.0,166.3,BID
1400,1712185413.702848,83760482.57605512,161.4,-4.141466752864822e-07,166.3,ASK
1401,1712185421.952831,83760515.14505512,161.5,2.351523633221122e-09,166.3,BID
1402,1712185434.7328303,83760550.40405512,161.5,2.5457450893475477e-09,166.3,BID
1403,1712185440.4276826,83760550.40405512,161.5,0.0,166.3,BID
1404,1712185440.8031452,83763819.23465542,161.5,2.359978065363318e-07,166.3,BID
1405,1712185440.8128262,83767808.87262255,161.5,2.880375046131845e-07,166.3,BID
1406,1712185446.8430357,83767841.30162255,161.6,2.341257105418398e-09,166.3,BID
1407,1712185461.2328246,83769057.09016807,161.5,-8.777555800157225e-08,166.3,ASK
1408,1712185470.4429631,83769057.09016807,161.5,-0.0,166.3,ASK
1409,1712185471.0328388,83769219.4410344,161.6,1.1719985877449317e-08,166.3,BID
1410,1712185500.6330185,83769219.4410344,161.6,0.0,166.3,BID
1411,1712185504.6633422,83770057.041898,161.6,6.050793937426428e-08,166.3,BID
1412,1712185504.6675663,83773749.8561939,161.6,2.667673748317163e-07,166.3,BID
1413,1712185510.242941,83774310.13739689,161.6,-4.0474481983614615e-08,166.3,ASK
1414,1712185511.2471266,83775423.99878304,161.6,-8.04648850713564e-08,166.3,ASK
1415,1712185524.9628165,83775471.15710264,161.6,-3.4066974711110677e-09,166.3,ASK
1416,1712185530.6531303,83775471.15710264,161.6,-0.0,166.3,ASK
1417,1712185544.443367,83775502.07856213,161.7,2.233590410467013e-09,166.3,BID
1418,1712185551.493498,83777490.68504436,161.7,1.436456248654889e-07,166.3,BID
1419,1712185551.4975305,83781686.3704607,161.7,3.03072457397981e-07,166.3,BID
1420,1712185556.653455,83781717.29810448,161.7,2.2340371287602913e-09,166.3,BID
1421,1712185560.4336972,83781717.29810448,161.7,0.0,166.3,BID
1422,1712185566.2246566,83786645.20879257,161.7,3.559382794316004e-07,166.3,BID
1423,1712185566.228944,83787901.59000304,161.7,9.074721411816904e-08,166.3,BID
1424,1712185578.99342,83788102.80826347,161.7,1.4533802647456006e-08,166.3,BID
1425,1712185590.4433537,83788102.80826347,161.7,0.0,166.3,BID
1426,1712185603.7538264,83790227.80826347,161.7,-1.5347527309574217e-07,166.3,ASK
1427,1712185605.76332,83792352.8081732,161.7,-1.5347526657602338e-07,166.3,ASK
1428,1712185620.5391705,83792389.89099148,161.8,2.6782567827734063e-09,166.3,BID
1429,1712185620.6532712,83792389.89099148,161.8,0.0,166.3,BID
1430,1712185625.653367,83792544.9466157,161.8,1.1198123703960324e-08,166.3,BID
1431,1712185650.6434665,83792544.9466157,161.8,0.0,166.3,BID
1432,1712185660.9758763,83792970.85514475,161.8,3.07590761550603e-08,166.3,BID
1433,1712185660.979222,83805361.23705836,161.8,8.948322817427961e-07,166.3,BID
1434,1712185679.1734247,83805793.25679643,161.8,-3.1200427127913445e-08,166.3,ASK
1435,1712185679.1832037,83806597.33100149,161.8,-5.80701677008636e-08,166.3,ASK
1436,1712185680.453369,83806597.33100149,161.8,-0.0,166.3,ASK
1437,1712185703.263492,83807321.33100149,161.7,-5.22786313258856e-08,166.3,ASK
1438,1712185705.199288,83807402.26294565,161.7,-5.843938220047297e-09,166.3,ASK
1439,1712185710.4470158,83807402.26294565,161.7,-0.0,166.3,ASK
1440,1712185725.323598,83807512.9746748,161.7,-7.994203419460827e-09,166.3,ASK
1441,1712185740.633778,83807512.9746748,161.7,-0.0,166.3,ASK
1442,1712185770.623515,83807512.9746748,161.7,-0.0,166.3,ASK
1443,1712185800.4636135,83807512.9746748,161.7,-0.0,166.3,ASK
1444,1712185813.6834342,83808073.2558778,161.7,-4.055049528307985e-08,166.3,ASK
1445,1712185818.723488,83808120.41419742,161.7,-3.4130954370891023e-09,166.3,ASK
1446,1712185830.4435945,83808120.41419742,161.7,-0.0,166.3,ASK
1447,1712185841.7407243,83809357.27257714,161.7,-8.951730502259525e-08,166.3,ASK
1448,1712185853.043656,83811357.27257714,161.7,-1.4474948222082045e-07,166.3,ASK
1449,1712185853.0533185,83817988.7070967,161.7,-4.799483565437306e-07,166.3,ASK
1450,1712185856.339711,83818050.55001567,161.7,4.475865250482682e-09,166.3,BID
1451,1712185860.653432,83818050.55001567,161.7,0.0,166.3,BID
1452,1712185890.6532788,83818050.55001567,161.7,0.0,166.3,BID
1453,1712185895.8533432,83822050.55001567,161.7,2.8946532499998485e-07,166.3,BID
1454,1712185919.9733677,83822105.2588683,161.6,-3.959078952007251e-09,166.3,ASK
1455,1712185920.424162,83822105.2588683,161.6,-0.0,166.3,ASK
1456,1712185950.4536498,83822105.2588683,161.6,-0.0,166.3,ASK
1457,1712185959.635533,83850162.19979765,161.6,-2.030281551745149e-06,166.3,ASK
1458,1712185975.753585,83851899.27282149,161.6,-1.256996378621694e-07,166.3,ASK
1459,1712185980.1334465,83863407.29972331,161.6,-8.32754175681823e-07,166.3,ASK
1460,1712185980.656945,83863407.29972331,161.6,-0.0,166.3,ASK
1461,1712185991.653402,83865918.21865076,161.6,-1.816096562065561e-07,166.3,ASK
1462,1712186010.6239512,83865918.21865076,161.6,-0.0,166.3,ASK
1463,1712186040.4534738,83865918.21865076,161.6,-0.0,166.3,ASK
1464,1712186055.69326,83901011.67377847,161.7,2.538163702536386e-06,166.3,BID
1465,1712186063.1836758,83904243.28053185,161.7,2.337286805316661e-07,166.3,BID
1466,1712186063.188253,83914672.61847559,161.7,7.543106517705458e-07,166.3,BID
1467,1712186064.4254725,83916483.60529205,161.7,-1.309811469573788e-07,166.3,ASK
1468,1712186069.3439274,83919264.21460325,161.7,-2.011099106349143e-07,166.3,ASK
1469,1712186070.4633806,83919264.21460325,161.7,-0.0,166.3,ASK
1470,1712186100.4637318,83919264.21460325,161.7,-0.0,166.3,ASK
1471,1712186108.9442089,83919824.49580625,161.7,-4.069956621805005e-08,166.3,ASK
1472,1712186114.703406,83919871.65412585,161.7,-3.425642590380563e-09,166.3,ASK
1473,1712186128.633403,83919940.36779314,161.7,-4.99145150133038e-09,166.3,ASK
1474,1712186128.6379263,83922285.82189226,161.7,-1.7037688201398185e-07,166.3,ASK
1475,1712186130.4940329,83922285.82189226,161.7,-0.0,166.3,ASK
1476,1712186137.1031983,83923654.5834878,161.7,9.942512040645281e-08,166.3,BID
1477,1712186155.1635015,83923774.5834878,161.7,8.71664904079551e-09,166.3,BID
1478,1712186157.4972897,83924774.5834878,161.7,7.263874200662926e-08,166.3,BID
1479,1712186160.6335227,83924774.5834878,161.7,0.0,166.3,BID
1480,1712186187.973419,83927683.02956583,161.7,2.112596887150668e-07,166.3,BID
1481,1712186187.9835527,83928818.75379255,161.7,8.2495167580024e-08,166.3,BID
1482,1712186190.653354,83928818.75379255,161.7,0.0,166.3,BID
1483,1712186193.0134535,83941541.40010299,161.7,-9.240861143853802e-07,166.3,ASK
1484,1712186220.42357,83941541.40010299,161.7,-0.0,166.3,ASK
1485,1712186225.1332405,83943110.17623591,161.7,-1.1392815766028729e-07,166.3,ASK
1486,1712186250.4333818,83943110.17623591,161.7,-0.0,166.3,ASK
1487,1712186264.4633904,83943728.22320747,161.8,4.4883176256347086e-08,166.3,BID
1488,1712186280.6236153,83943728.22320747,161.8,0.0,166.3,BID
1489,1712186310.653548,83943728.22320747,161.8,0.0,166.3,BID
1490,1712186321.4030876,83944346.27017903,161.8,4.4882850312693254e-08,166.3,BID
1491,1712186321.5830405,83944389.27017903,161.8,3.122679427707436e-09,166.3,BID
1492,1712186326.3544486,83946700.85040632,161.8,1.6786800049395569e-07,166.3,BID
1493,1712186326.359934,83948726.72806127,161.9,1.471201506088258e-07,166.3,BID
1494,1712186326.3645933,83948757.63040987,161.8,2.2441425167167917e-09,166.3,BID
1495,1712186326.3668234,83948795.39920986,161.9,2.742787319517849e-09,166.3,BID
1496,1712186326.3691018,83950892.86795986,162.0,1.5231912827637744e-07,166.3,BID
1497,1712186326.3711362,83953510.46943009,161.8,1.9009140141930778e-07,166.3,BID
1498,1712186326.3731947,83957732.25480603,162.0,3.065879614334217e-07,166.3,BID
1499,1712186326.3752842,83966822.75503112,161.9,6.601562334995356e-07,166.3,BID
1500,1712186326.3773634,83981016.20915692,162.0,1.0307350513190522e-06,166.3,BID
1501,1712186340.473293,83981016.20915692,162.0,0.0,166.3,BID
1502,1712186353.653505,83983372.05048013,162.0,-1.7100727247515104e-07,166.3,ASK
1503,1712186370.4433262,83983372.05048013,162.0,-0.0,166.3,ASK
1504,1712186375.923331,83985492.307671,162.0,-1.539022816436888e-07,166.3,ASK
1505,1712186400.5462823,83985492.307671,162.0,-0.0,166.3,ASK
1506,1712186414.8637166,83985524.28011934,162.1,2.3251008567839187e-09,166.3,BID
1507,1712186414.867633,83990393.8663575,162.1,3.541261216826757e-07,166.3,BID
1508,1712186430.453804,83990393.8663575,162.1,0.0,166.3,BID
1509,1712186460.6445782,83990393.8663575,162.1,0.0,166.3,BID
1510,1712186490.645259,83990393.8663575,162.1,0.0,166.3,BID
1511,1712186514.0164652,83990486.80096577,162.1,-6.758001460144455e-09,166.3,ASK
1512,1712186514.0213602,83991808.08178543,162.1,-9.608065149369948e-08,166.3,ASK
1513,1712186520.456078,83991808.08178543,162.1,-0.0,166.3,ASK
1514,1712186534.9898226,83991996.2526676,162.1,1.3683146912353616e-08,166.3,BID
1515,1712186545.7567291,83992302.0978293,162.1,2.2240020514141507e-08,166.3,BID
1516,1712186545.7663991,83992334.1622293,162.1,2.331614173272041e-09,166.3,BID
1517,1712186550.4468343,83992334.1622293,162.1,0.0,166.3,BID
1518,1712186551.8566425,83992560.39379258,162.1,-1.6450688252164097e-08,166.3,ASK
1519,1712186580.6778183,83992560.39379258,162.1,-0.0,166.3,ASK
1520,1712186584.6227648,83994409.96222661,162.1,1.344931367232139e-07,166.3,BID
1521,1712186598.6274464,83996824.75802661,162.0,-1.7559418495291245e-07,166.3,ASK
1522,1712186598.707716,84011978.63542359,162.0,-1.101928680842086e-06,166.3,ASK
1523,1712186598.713882,84028460.80213162,162.0,-1.1985165078369426e-06,166.3,ASK
1524,1712186598.8073263,84032812.1659412,162.0,-3.164135789763367e-07,166.3,ASK
1525,1712186602.6577194,84037193.02826963,162.1,3.185585919741929e-07,166.3,BID
1526,1712186602.662561,84043839.29888922,162.0,4.832899214179948e-07,166.3,BID
1527,1712186610.6376307,84043839.29888922,162.0,0.0,166.3,BID
1528,1712186640.4484398,84043839.29888922,162.0,0.0,166.3,BID
1529,1712186670.4588337,84043839.29888922,162.0,0.0,166.3,BID
1530,1712186697.5999217,84045556.70721383,162.0,1.2480759051497706e-07,166.3,BID
1531,1712186697.604421,84061412.24642009,162.0,1.1522546014749165e-06,166.3,BID
1532,1712186700.6537392,84061412.24642009,162.0,0.0,166.3,BID
1533,1712186716.7795608,84061912.24642009,161.8,-3.6416311752059375e-08,166.3,ASK
1534,1712186724.7499783,84065867.74703832,161.8,2.88089487298166e-07,166.3,BID
1535,1712186730.6598265,84065867.74703832,161.8,0.0,166.3,BID
1536,1712186740.1599348,84070533.88670015,161.7,-3.398293504549093e-07,166.3,ASK
1537,1712186746.2596595,84075410.66540562,161.8,3.551699391566231e-07,166.3,BID
1538,1712186760.4697175,84075410.66540562,161.8,0.0,166.3,BID
1539,1712186766.3500326,84075510.66540562,161.9,7.282061335744166e-09,166.3,BID
1540,1712186767.129903,84085490.48435158,161.8,-7.267365368409665e-07,166.3,ASK
1541,1712186767.1397252,84103198.46387362,161.8,-1.2895059301166555e-06,166.3,ASK
