,time,acc_trade_volume,trade_price,dev,high,ask_bid
0,1712173460.273597,7460167.93032029,1320.0,0.0,1367.0,ASK
1,1712173470.5265868,7460167.93032029,1320.0,-0.0,1367.0,ASK
2,1712173500.393577,7460167.93032029,1320.0,-0.0,1367.0,ASK
3,1712173530.364539,7460167.93032029,1320.0,-0.0,1367.0,ASK
4,1712173560.5421495,7460167.93032029,1320.0,-0.0,1367.0,ASK
5,1712173590.5421426,7460167.93032029,1320.0,-0.0,1367.0,ASK
6,1712173604.372153,7460775.53714646,1323.0,5.22015929842108e-08,1367.0,BID
7,1712173620.3650603,7460775.53714646,1323.0,0.0,1367.0,BID
8,1712173650.3733037,7460775.53714646,1323.0,0.0,1367.0,BID
9,1712173656.272617,7460837.85337157,1323.0,5.353431583519697e-09,1367.0,BID
10,1712173656.3122416,7460881.5051399,1323.0,3.7500146205232685e-09,1367.0,BID
11,1712173677.202294,7460899.95612029,1326.0,1.5850777384259555e-09,1367.0,BID
12,1712173680.5333855,7460899.95612029,1326.0,0.0,1367.0,BID
13,1712173702.539642,7462722.77659881,1326.0,1.565917490547032e-07,1367.0,BID
14,1712173702.5409498,7464801.57624177,1326.0,1.785819700081357e-07,1367.0,BID
15,1712173702.542221,7466084.87541181,1326.0,1.1024347376227413e-07,1367.0,BID
16,1712173702.6520853,7466935.37732371,1326.0,-7.306346594641015e-08,1367.0,ASK
17,1712173710.533371,7466935.37732371,1326.0,-0.0,1367.0,ASK
18,1712173740.3622024,7466935.37732371,1326.0,-0.0,1367.0,ASK
19,1712173770.3619275,7466935.37732371,1326.0,-0.0,1367.0,ASK
20,1712173800.384465,7466935.37732371,1326.0,-0.0,1367.0,ASK
21,1712173830.342296,7466935.37732371,1326.0,-0.0,1367.0,ASK
22,1712173860.5330749,7466935.37732371,1326.0,-0.0,1367.0,ASK
23,1712173890.533222,7466935.37732371,1326.0,-0.0,1367.0,ASK
24,1712173920.3520987,7466935.37732371,1326.0,-0.0,1367.0,ASK
25,1712173950.36211,7466935.37732371,1326.0,-0.0,1367.0,ASK
26,1712173980.5372157,7466935.37732371,1326.0,-0.0,1367.0,ASK
27,1712173992.272057,7467015.16076531,1326.0,6.8623551226762255e-09,1367.0,BID
28,1712174000.781793,7467015.16076532,1326.0,8.811568821696346e-19,1367.0,BID
29,1712174010.5316184,7467015.16076532,1326.0,0.0,1367.0,BID
30,1712174023.7116222,7467020.1418974,1325.0,-4.2843459145411534e-10,1367.0,ASK
31,1712174040.3544743,7467020.1418974,1325.0,-0.0,1367.0,ASK
32,1712174070.3727794,7467020.1418974,1325.0,-0.0,1367.0,ASK
33,1712174090.971736,7467095.6135954,1325.0,-6.4914295033915485e-09,1367.0,ASK
34,1712174100.5254614,7467095.6135954,1325.0,-0.0,1367.0,ASK
35,1712174130.52337,7467095.6135954,1325.0,-0.0,1367.0,ASK
36,1712174160.392705,7467095.6135954,1325.0,-0.0,1367.0,ASK
37,1712174163.9220886,7467098.61688927,1326.0,2.585071726034697e-10,1367.0,BID
38,1712174163.9237351,7467510.67138927,1326.0,3.5467406242479235e-08,1367.0,BID
39,1712174164.0473602,7467788.47559539,1326.0,2.39118724206732e-08,1367.0,BID
40,1712174164.0619335,7467813.01349539,1326.0,2.112088734946112e-09,1367.0,BID
41,1712174164.0725052,7467813.0134954,1326.0,8.01631728247339e-19,1367.0,BID
42,1712174165.332294,7467830.98499538,1327.0,1.546888798916433e-09,1367.0,BID
43,1712174165.334129,7467859.9324954,1327.0,2.491643078582765e-09,1367.0,BID
44,1712174190.3939967,7467859.9324954,1327.0,0.0,1367.0,BID
45,1712174220.40273,7467859.9324954,1327.0,0.0,1367.0,BID
46,1712174250.3855624,7467859.9324954,1327.0,0.0,1367.0,BID
47,1712174254.4627745,7469109.93249539,1328.0,1.0758380370365972e-07,1367.0,BID
48,1712174254.4823654,7469109.9324954,1328.0,8.817179804667499e-19,1367.0,BID
49,1712174280.5324025,7469109.9324954,1328.0,0.0,1367.0,BID
50,1712174306.6028929,7469137.93959539,1329.0,2.410143937732377e-09,1367.0,BID
51,1712174306.6042886,7469137.9395954,1329.0,8.815920262755391e-19,1367.0,BID
52,1712174306.6056535,7469179.0233954,1329.0,3.535456064467748e-09,1367.0,BID
53,1712174310.5442028,7469179.0233954,1329.0,0.0,1367.0,BID
54,1712174310.874674,7469186.55351588,1328.0,-6.479975016880351e-10,1367.0,ASK
55,1712174310.8825016,7469209.3233954,1328.0,-1.959440765957004e-09,1367.0,ASK
56,1712174313.3424857,7469239.6233954,1328.0,-2.607438267564896e-09,1367.0,ASK
57,1712174322.4929554,7469615.09306101,1331.0,3.231069222534426e-08,1367.0,BID
58,1712174340.335617,7469615.09306101,1331.0,0.0,1367.0,BID
59,1712174347.9228606,7469630.11935702,1331.0,1.293009341030599e-09,1367.0,BID
60,1712174354.6357882,7469645.14565303,1330.0,1.2930093411107392e-09,1367.0,BID
61,1712174370.3631458,7469645.14565303,1330.0,0.0,1367.0,BID
62,1712174370.364551,7469652.66975242,1328.0,-6.474448070639761e-10,1367.0,ASK
63,1712174370.3688517,7470189.36258703,1328.0,-4.6182136990049855e-08,1367.0,ASK
64,1712174370.3847182,7470189.36258764,1328.0,-5.249158156529369e-17,1367.0,ASK
65,1712174371.6660273,7470234.47536959,1330.0,3.881931230818887e-09,1367.0,BID
66,1712174400.4331322,7470234.47536959,1330.0,0.0,1367.0,BID
67,1712174403.2230732,7470239.78235743,1325.0,-4.5678853801500604e-10,1367.0,ASK
68,1712174403.225142,7470239.78235754,1325.0,-9.459087496472382e-18,1367.0,ASK
69,1712174419.9984193,7470244.55864669,1325.0,-4.111096923338916e-10,1367.0,ASK
70,1712174429.352939,7470248.85730693,1325.0,-3.6999872353337586e-10,1367.0,ASK
71,1712174430.3562913,7470248.85730693,1325.0,-0.0,1367.0,ASK
72,1712174459.8834722,7470263.9115268,1325.0,-1.295760234224294e-09,1367.0,ASK
73,1712174460.5249038,7470263.9115268,1325.0,-0.0,1367.0,ASK
74,1712174490.5329072,7470263.9115268,1325.0,-0.0,1367.0,ASK
75,1712174508.553304,7470286.33188394,1328.0,1.9297816553859608e-09,1367.0,BID
76,1712174520.3635073,7470286.33188394,1328.0,0.0,1367.0,BID
77,1712174537.6586468,7474110.27269294,1326.0,-3.291362339613534e-07,1367.0,ASK
78,1712174537.673176,7475348.71594794,1326.0,-1.0659593578595308e-07,1367.0,ASK
79,1712174537.7010002,7476865.43382294,1326.0,-1.305477344692234e-07,1367.0,ASK
80,1712174537.7465093,7477821.02314694,1326.0,-8.224998425050366e-08,1367.0,ASK
81,1712174537.7528389,7481203.92520394,1326.0,-2.91174915751906e-07,1367.0,ASK
82,1712174537.8577764,7481203.92520396,1326.0,-1.7635482458291274e-18,1367.0,ASK
83,1712174537.86458,7481554.10297576,1326.0,-3.014068438395125e-08,1367.0,ASK
84,1712174541.5750318,7481554.14309551,1325.0,-3.453208148867345e-12,1367.0,ASK
85,1712174541.5767438,7481627.71366534,1322.0,-6.332404577824157e-09,1367.0,ASK
86,1712174548.183046,7482154.82209908,1322.0,-4.536955288695438e-08,1367.0,ASK
87,1712174550.3463786,7482154.82209908,1322.0,-0.0,1367.0,ASK
88,1712174568.2531407,7482230.23688037,1326.0,6.482360998292422e-09,1367.0,BID
89,1712174580.5150728,7482230.23688037,1326.0,0.0,1367.0,BID
90,1712174610.524645,7482230.23688037,1326.0,0.0,1367.0,BID
91,1712174623.7637124,7482381.63733457,1321.0,-1.3013681757099514e-08,1367.0,ASK
92,1712174623.770519,7482396.77738,1321.0,-1.3013681765344888e-09,1367.0,ASK
93,1712174640.3363788,7482396.77738,1321.0,-0.0,1367.0,ASK
94,1712174670.3632703,7482396.77738,1321.0,-0.0,1367.0,ASK
95,1712174679.0550354,7482547.83478181,1324.0,1.2983949033843014e-08,1367.0,BID
96,1712174680.8232324,7482660.2201575,1320.0,-9.659943654754334e-09,1367.0,ASK
97,1712174695.3133967,7482735.7488584,1324.0,6.491974516441203e-09,1367.0,BID
98,1712174700.5246625,7482735.7488584,1324.0,0.0,1367.0,BID
99,1712174730.5335722,7482735.7488584,1324.0,0.0,1367.0,BID
100,1712174760.3648565,7482735.7488584,1324.0,0.0,1367.0,BID
101,1712174788.136582,7485567.27337335,1320.0,-2.439219716498325e-07,1367.0,ASK
102,1712174788.1386852,7485706.4488584,1320.0,-1.1989286527294375e-08,1367.0,ASK
103,1712174788.1935475,7485718.78852486,1320.0,-1.0630018410442414e-09,1367.0,ASK
104,1712174788.1957853,7485722.78852486,1320.0,-3.4458041293582083e-10,1367.0,ASK
105,1712174788.3733468,7485726.65963934,1319.0,-3.334775565366939e-10,1367.0,ASK
106,1712174788.3750224,7485796.39921444,1319.0,-6.007722896492986e-09,1367.0,ASK
107,1712174790.3573112,7485796.39921444,1319.0,-0.0,1367.0,ASK
108,1712174792.1433878,7485869.91548998,1321.0,6.330863847430461e-09,1367.0,BID
109,1712174820.5448215,7485869.91548998,1321.0,0.0,1367.0,BID
110,1712174850.535069,7485869.91548998,1321.0,0.0,1367.0,BID
111,1712174880.3636167,7485869.91548998,1321.0,0.0,1367.0,BID
112,1712174910.3514905,7485869.91548998,1321.0,0.0,1367.0,BID
113,1712174940.5450437,7485869.91548998,1321.0,0.0,1367.0,BID
114,1712174970.5235105,7485869.91548998,1321.0,0.0,1367.0,BID
115,1712175000.4090762,7485869.91548998,1321.0,0.0,1367.0,BID
116,1712175003.2038777,7486109.26581482,1321.0,-2.0622569051061065e-08,1367.0,ASK
117,1712175030.3652346,7486109.26581482,1321.0,-0.0,1367.0,ASK
118,1712175060.533556,7486109.26581482,1321.0,-0.0,1367.0,ASK
119,1712175081.1434329,7486113.01900311,1323.0,3.2336816840252446e-10,1367.0,BID
120,1712175090.533726,7486113.01900311,1323.0,0.0,1367.0,BID
121,1712175120.363477,7486113.01900311,1323.0,0.0,1367.0,BID
122,1712175150.3565855,7486113.01900311,1323.0,0.0,1367.0,BID
123,1712175153.1735418,7486120.56048123,1326.0,6.497603464318991e-10,1367.0,BID
124,1712175180.5238943,7486120.56048123,1326.0,0.0,1367.0,BID
125,1712175189.103676,7486582.46677836,1326.0,3.979699102619222e-08,1367.0,BID
126,1712175205.053799,7486782.46677836,1323.0,-1.7231629563581252e-08,1367.0,ASK
127,1712175210.547159,7486782.46677836,1323.0,-0.0,1367.0,ASK
128,1712175240.3738189,7486782.46677836,1323.0,-0.0,1367.0,ASK
129,1712175270.3748674,7486782.46677836,1323.0,-0.0,1367.0,ASK
130,1712175300.404096,7486782.46677836,1323.0,-0.0,1367.0,ASK
131,1712175330.3560958,7486782.46677836,1323.0,-0.0,1367.0,ASK
132,1712175360.5489705,7486782.46677836,1323.0,-0.0,1367.0,ASK
133,1712175390.5452049,7486782.46677836,1323.0,-0.0,1367.0,ASK
134,1712175420.3634765,7486782.46677836,1323.0,-0.0,1367.0,ASK
135,1712175450.3635118,7486782.46677836,1323.0,-0.0,1367.0,ASK
136,1712175453.583856,7487039.21499113,1321.0,-2.2124828518024373e-08,1367.0,ASK
137,1712175465.513734,7489067.21499113,1323.0,1.7475935567587821e-07,1367.0,BID
138,1712175465.5158558,7489428.31215536,1323.0,3.111691704008638e-08,1367.0,BID
139,1712175465.675189,7489467.47689588,1323.0,-3.374953066281029e-09,1367.0,ASK
140,1712175465.777949,7489467.47689589,1323.0,-8.828060472032599e-19,1367.0,ASK
141,1712175470.793383,7489540.98769996,1320.0,-6.3346650663298085e-09,1367.0,ASK
142,1712175480.5235837,7489540.98769996,1320.0,-0.0,1367.0,ASK
143,1712175504.3336082,7489667.47689589,1320.0,-1.0896559211176638e-08,1367.0,ASK
144,1712175504.335678,7490740.86256633,1320.0,-9.246805965039373e-08,1367.0,ASK
145,1712175504.4535053,7491147.87253633,1320.0,3.506234825071023e-08,1367.0,BID
146,1712175504.4556272,7491147.87253635,1320.0,1.765057110979682e-18,1367.0,BID
147,1712175510.533185,7491147.87253635,1320.0,0.0,1367.0,BID
148,1712175540.3557527,7491147.87253635,1320.0,0.0,1367.0,BID
149,1712175570.378175,7491147.87253635,1320.0,0.0,1367.0,BID
150,1712175599.019977,7491185.69401895,1322.0,3.257580464059873e-09,1367.0,BID
151,1712175600.39719,7491185.69401895,1322.0,0.0,1367.0,BID
152,1712175630.3331416,7491185.69401895,1322.0,0.0,1367.0,BID
153,1712175660.5350444,7491185.69401895,1322.0,0.0,1367.0,BID
154,1712175690.5386398,7491185.69401895,1322.0,0.0,1367.0,BID
155,1712175720.352225,7491185.69401895,1322.0,0.0,1367.0,BID
156,1712175750.3601775,7491185.69401895,1322.0,0.0,1367.0,BID
157,1712175780.5233452,7491185.69401895,1322.0,0.0,1367.0,BID
158,1712175793.7587092,7491263.39401895,1322.0,-6.698297745286828e-09,1367.0,ASK
159,1712175793.8131728,7491336.97994934,1322.0,-6.3436354133447584e-09,1367.0,ASK
160,1712175794.2631056,7491336.97994935,1322.0,-8.0286691141140665e-19,1367.0,ASK
161,1712175809.743377,7492095.13006307,1319.0,-6.535798194736742e-08,1367.0,ASK
162,1712175809.7463212,7492625.63974316,1319.0,-4.573374252244951e-08,1367.0,ASK
163,1712175810.517506,7492625.63974316,1319.0,-0.0,1367.0,ASK
164,1712175840.367993,7492625.63974316,1319.0,-0.0,1367.0,ASK
165,1712175870.3840995,7492625.63974316,1319.0,-0.0,1367.0,ASK
166,1712175900.5332754,7492625.63974316,1319.0,-0.0,1367.0,ASK
167,1712175900.803186,7492700.63974216,1322.0,6.466857421632718e-09,1367.0,BID
168,1712175900.8051753,7492700.63974315,1322.0,8.536216530793092e-17,1367.0,BID
169,1712175930.5452552,7492700.63974315,1322.0,0.0,1367.0,BID
170,1712175960.3473954,7492700.63974315,1322.0,0.0,1367.0,BID
171,1712175990.3731084,7492700.63974315,1322.0,0.0,1367.0,BID
172,1712176020.5324702,7492700.63974315,1322.0,0.0,1367.0,BID
173,1712176050.5257466,7492700.63974315,1322.0,0.0,1367.0,BID
174,1712176080.3656533,7492700.63974315,1322.0,0.0,1367.0,BID
175,1712176110.3560472,7492700.63974315,1322.0,0.0,1367.0,BID
176,1712176140.5353403,7492700.63974315,1322.0,0.0,1367.0,BID
177,1712176170.5362442,7492700.63974315,1322.0,0.0,1367.0,BID
178,1712176171.1456883,7492876.21047896,1322.0,-1.513841632597114e-08,1367.0,ASK
179,1712176171.1636658,7493395.47975827,1322.0,-4.4773489723385136e-08,1367.0,ASK
180,1712176172.9342775,7493571.1663455,1321.0,1.514840550231988e-08,1367.0,BID
181,1712176200.630815,7493571.1663455,1321.0,0.0,1367.0,BID
182,1712176230.5269544,7493571.1663455,1321.0,0.0,1367.0,BID
183,1712176236.036456,7493761.15345544,1320.0,-1.6393146995856365e-08,1367.0,ASK
184,1712176236.7611609,7494243.16342444,1320.0,-4.1590507260176026e-08,1367.0,ASK
185,1712176236.775101,7495294.55843178,1320.0,-9.07202226062622e-08,1367.0,ASK
186,1712176236.8673034,7495495.57419843,1320.0,-1.7344760980013752e-08,1367.0,ASK
187,1712176236.8691492,7496269.44380948,1320.0,-6.677378425096401e-08,1367.0,ASK
188,1712176237.1194816,7496397.04613737,1320.0,-1.1010240214589917e-08,1367.0,ASK
189,1712176237.121881,7498571.1663455,1320.0,-1.8759521195873402e-07,1367.0,ASK
190,1712176245.291262,7498678.43549932,1318.0,-9.255780601337733e-09,1367.0,ASK
191,1712176260.3678055,7498678.43549932,1318.0,-0.0,1367.0,ASK
192,1712176290.376351,7498678.43549932,1318.0,-0.0,1367.0,ASK
193,1712176320.54874,7498678.43549932,1318.0,-0.0,1367.0,ASK
194,1712176338.268418,7498722.91141378,1318.0,-3.835398856546245e-09,1367.0,ASK
195,1712176338.389905,7498796.26829641,1318.0,-6.325961077377659e-09,1367.0,ASK
196,1712176350.5411243,7498796.26829641,1318.0,-0.0,1367.0,ASK
197,1712176350.8275533,7499071.21148964,1318.0,-2.3709522313563767e-08,1367.0,ASK
198,1712176350.910062,7499071.21148965,1318.0,-8.834310249704241e-19,1367.0,ASK
199,1712176358.559627,7499604.183798,1317.0,-4.5960471648291394e-08,1367.0,ASK
200,1712176358.8176942,7500568.33424721,1317.0,-8.31427987746665e-08,1367.0,ASK
201,1712176358.9173458,7500863.16289435,1317.0,-2.5424329680304814e-08,1367.0,ASK
202,1712176375.5083115,7501185.98020909,1316.0,-2.7837911668686884e-08,1367.0,ASK
203,1712176380.391796,7501185.98020909,1316.0,-0.0,1367.0,ASK
204,1712176402.9585614,7501302.26093746,1318.0,1.0024661693180801e-08,1367.0,BID
205,1712176410.3765707,7501302.26093746,1318.0,0.0,1367.0,BID
206,1712176418.3488097,7501362.86093746,1316.0,-5.224309141426314e-09,1367.0,ASK
207,1712176420.5219858,7501686.26093746,1316.0,-2.78802240316629e-08,1367.0,ASK
208,1712176440.5412705,7501686.26093746,1316.0,-0.0,1367.0,ASK
209,1712176451.519014,7501790.98758894,1317.0,9.028062177052408e-09,1367.0,BID
210,1712176459.3192792,7501905.49090976,1316.0,-9.87086940359659e-09,1367.0,ASK
211,1712176470.029218,7502056.32047235,1316.0,-1.3002408173614112e-08,1367.0,ASK
212,1712176470.531418,7502056.32047235,1316.0,-0.0,1367.0,ASK
213,1712176472.8395476,7502208.29615624,1316.0,-1.3100660555218004e-08,1367.0,ASK
214,1712176472.8417072,7502322.85597235,1316.0,-9.875324958019661e-09,1367.0,ASK
215,1712176472.9391377,7502900.63677235,1316.0,-4.9806060696152353e-08,1367.0,ASK
216,1712176477.7807367,7504287.57699205,1316.0,-1.195575013295562e-07,1367.0,ASK
217,1712176500.364916,7504287.57699205,1316.0,-0.0,1367.0,ASK
218,1712176500.4940004,7504386.8295095,1316.0,-8.571017931500181e-09,1367.0,ASK
219,1712176507.3148046,7504390.8632195,1316.0,-3.4833374126352303e-10,1367.0,ASK
220,1712176507.3198383,7504609.8295095,1316.0,-1.8908981315514103e-08,1367.0,ASK
221,1712176509.4328654,7505127.18852357,1316.0,-4.467688579104628e-08,1367.0,ASK
222,1712176510.5101037,7505489.33983342,1316.0,-3.1273820053812825e-08,1367.0,ASK
223,1712176518.2728355,7505634.73123784,1316.0,-1.2555372562627613e-08,1367.0,ASK
224,1712176530.3798535,7505634.73123784,1316.0,-0.0,1367.0,ASK
225,1712176530.7909894,7506182.38387254,1316.0,-4.728567253379198e-08,1367.0,ASK
226,1712176530.793108,7506486.56638203,1315.0,-2.6263864396723884e-08,1367.0,ASK
227,1712176530.7952092,7506638.54206592,1316.0,-1.3121953527118233e-08,1367.0,ASK
228,1712176530.7972767,7506675.65466868,1315.0,-3.204393204374706e-09,1367.0,ASK
229,1712176530.7993836,7507154.43123784,1316.0,-4.1338743998824644e-08,1367.0,ASK
230,1712176545.3265927,7507268.69010472,1315.0,-9.865390981521209e-09,1367.0,ASK
231,1712176547.7129269,7507646.41241017,1315.0,-3.2613470861855825e-08,1367.0,ASK
232,1712176556.120242,7507904.86967366,1315.0,-2.2315834437782725e-08,1367.0,ASK
233,1712176556.1302807,7508722.54608412,1315.0,-7.060018802759177e-08,1367.0,ASK
234,1712176556.146283,7508901.95468198,1315.0,-1.549057864539902e-08,1367.0,ASK
235,1712176556.300896,7510422.85468198,1315.0,-1.3131823860581946e-07,1367.0,ASK
236,1712176558.0903463,7510526.25468198,1315.0,-8.927809765201945e-09,1367.0,ASK
237,1712176558.3302104,7511009.87678198,1315.0,-4.175711902346237e-08,1367.0,ASK
238,1712176558.3502302,7511350.21438198,1315.0,-2.93855836434841e-08,1367.0,ASK
239,1712176558.6701128,7511772.91438198,1315.0,-3.649695539399351e-08,1367.0,ASK
240,1712176558.7802768,7511780.51316617,1316.0,6.560976759377657e-10,1367.0,BID
241,1712176560.5406413,7511780.51316617,1316.0,0.0,1367.0,BID
242,1712176575.0509212,7514526.41741927,1315.0,-2.369227646676879e-07,1367.0,ASK
243,1712176575.0522227,7514958.81338857,1315.0,-3.730809199271596e-08,1367.0,ASK
244,1712176590.561484,7514958.81338857,1315.0,-0.0,1367.0,ASK
245,1712176613.9586997,7515279.56393611,1314.0,-2.7665098715215253e-08,1367.0,ASK
246,1712176613.9602194,7515284.3324803,1314.0,-4.1129234781298787e-10,1367.0,ASK
247,1712176620.4163363,7515284.3324803,1314.0,-0.0,1367.0,ASK
248,1712176630.8153474,7515963.25961234,1315.0,5.855607531673792e-08,1367.0,BID
249,1712176649.2985592,7516037.99802788,1314.0,-6.446035344440831e-09,1367.0,ASK
250,1712176650.3664055,7516037.99802788,1314.0,-0.0,1367.0,ASK
251,1712176661.7125409,7516113.87056202,1318.0,6.5432914882150095e-09,1367.0,BID
252,1712176662.6915555,7516117.66418872,1318.0,3.2716457385254167e-10,1367.0,BID
253,1712176663.9368284,7516314.97756258,1316.0,-1.7016420162089436e-08,1367.0,ASK
254,1712176678.0716655,7516330.14448594,1318.0,1.308004294947479e-09,1367.0,BID
255,1712176680.4743888,7517411.63488442,1316.0,-9.32683611950959e-08,1367.0,ASK
256,1712176680.6238265,7517411.63488442,1316.0,-0.0,1367.0,ASK
257,1712176680.636648,7517543.93488442,1316.0,-1.1407850331077585e-08,1367.0,ASK
258,1712176702.6273737,7517764.77182742,1316.0,-1.904213751569607e-08,1367.0,ASK
259,1712176704.552381,7518443.69895945,1316.0,-5.85419433704996e-08,1367.0,ASK
260,1712176704.591786,7518905.42422436,1316.0,-3.981324804364447e-08,1367.0,ASK
261,1712176708.2723477,7519099.19322132,1316.0,-1.6708146002504422e-08,1367.0,ASK
262,1712176710.5521023,7519099.19322132,1316.0,-0.0,1367.0,ASK
263,1712176740.3641589,7519099.19322132,1316.0,-0.0,1367.0,ASK
264,1712176747.4624388,7519935.1124809,1316.0,-7.20651250366875e-08,1367.0,ASK
265,1712176747.4731586,7520689.26029383,1315.0,-6.501555719897684e-08,1367.0,ASK
266,1712176747.476124,7520879.75333269,1312.0,-1.6422524671790845e-08,1367.0,ASK
267,1712176747.4790492,7522321.06459791,1314.0,-1.2425635054403086e-07,1367.0,ASK
268,1712176747.481275,7522328.68074414,1313.0,-6.56592755918218e-10,1367.0,ASK
269,1712176747.4825895,7522548.71104959,1312.0,-1.8968950999016112e-08,1367.0,ASK
270,1712176766.2725158,7523291.10154699,1314.0,-6.40019516335028e-08,1367.0,ASK
271,1712176770.373558,7523291.10154699,1314.0,-0.0,1367.0,ASK
272,1712176800.4237542,7523291.10154699,1314.0,-0.0,1367.0,ASK
273,1712176822.1896007,7524313.66554907,1314.0,-8.818199818891207e-08,1367.0,ASK
274,1712176830.3633423,7524313.66554907,1314.0,-0.0,1367.0,ASK
275,1712176845.0135157,7524894.83990315,1314.0,-5.011244100998963e-08,1367.0,ASK
276,1712176860.5334067,7524894.83990315,1314.0,-0.0,1367.0,ASK
277,1712176879.953666,7525834.51485814,1314.0,8.101924128756433e-08,1367.0,BID
278,1712176879.9569068,7526116.04698077,1314.0,2.4273839429779625e-08,1367.0,BID
279,1712176886.7036378,7526120.61319081,1314.0,3.9370089734446364e-10,1367.0,BID
280,1712176890.5534785,7526120.61319081,1314.0,0.0,1367.0,BID
281,1712176891.2637906,7526124.43178837,1312.0,-3.2919566182577824e-10,1367.0,ASK
282,1712176891.2654698,7526579.58904157,1312.0,-3.9238435277587785e-08,1367.0,ASK
283,1712176891.2671258,7527804.99155208,1312.0,-1.0564014252121669e-07,1367.0,ASK
284,1712176920.357947,7527804.99155208,1312.0,-0.0,1367.0,ASK
285,1712176950.404487,7527804.99155208,1312.0,-0.0,1367.0,ASK
286,1712176966.9441645,7528732.02806596,1312.0,-7.990322757746737e-08,1367.0,ASK
287,1712176966.9459927,7529708.10135208,1312.0,-8.412981014815245e-08,1367.0,ASK
288,1712176967.8340993,7529822.9915766,1312.0,-9.902630175629293e-09,1367.0,ASK
289,1712176968.3559394,7530091.06876717,1312.0,-2.310613707850192e-08,1367.0,ASK
290,1712176968.3593705,7530191.06876717,1311.0,-8.619210395829073e-09,1367.0,ASK
291,1712176968.362532,7530828.9811681,1311.0,-5.4983011977177386e-08,1367.0,ASK
292,1712176968.3657434,7530851.88193146,1310.0,-1.973864976316863e-09,1367.0,ASK
293,1712176968.368901,7530867.15271711,1311.0,-1.316221144209849e-09,1367.0,ASK
294,1712176968.3712106,7531158.42339137,1310.0,-2.5105232235848072e-08,1367.0,ASK
295,1712176978.8241966,7531174.3136454,1313.0,1.369614427277765e-09,1367.0,BID
296,1712176980.388782,7531174.3136454,1313.0,0.0,1367.0,BID
297,1712176991.7240803,7531254.79817621,1310.0,-6.934489707487029e-09,1367.0,ASK
298,1712176992.1642056,7531259.36786394,1313.0,3.9372103196757285e-10,1367.0,BID
299,1712177010.3774254,7531259.36786394,1313.0,0.0,1367.0,BID
300,1712177040.547083,7531259.36786394,1313.0,0.0,1367.0,BID
301,1712177070.5375,7531259.36786394,1313.0,0.0,1367.0,BID
302,1712177100.0104752,7531263.93407398,1314.0,3.9341761944010225e-10,1367.0,BID
303,1712177100.4016032,7531263.93407398,1314.0,0.0,1367.0,BID
304,1712177130.3766377,7531263.93407398,1314.0,0.0,1367.0,BID
305,1712177136.2559528,7533547.03909681,1314.0,-1.9704499142959626e-07,1367.0,ASK
306,1712177136.2596414,7534663.5983602,1312.0,-9.6365435792658e-08,1367.0,ASK
307,1712177136.2625318,7534765.14086504,1310.0,-8.763697594190239e-09,1367.0,ASK
308,1712177136.2654016,7536797.71752407,1311.0,-1.7542296405715918e-07,1367.0,ASK
309,1712177136.2751353,7537720.83011947,1310.0,-7.966988449075015e-08,1367.0,ASK
310,1712177136.2769818,7540220.83011947,1309.0,-2.157642656155112e-07,1367.0,ASK
311,1712177136.2786412,7550320.83011947,1310.0,-8.716876330866652e-07,1367.0,ASK
312,1712177136.2806633,7550327.50745307,1309.0,-5.76291992179826e-10,1367.0,ASK
313,1712177136.2838335,7550377.50745307,1310.0,-4.3152853123102235e-09,1367.0,ASK
314,1712177136.286622,7552405.50745307,1309.0,-1.750279722673027e-07,1367.0,ASK
315,1712177136.2889469,7554522.25900095,1310.0,-1.8268773728749018e-07,1367.0,ASK
316,1712177136.2911963,7554751.44158307,1309.0,-1.9779764609230843e-08,1367.0,ASK
317,1712177136.2928448,7554789.609522,1310.0,-3.29411092531414e-09,1367.0,ASK
318,1712177136.2945378,7554827.83582169,1308.0,-3.299147791931652e-09,1367.0,ASK
319,1712177136.2962527,7554831.66609691,1308.0,-3.305746079677973e-10,1367.0,ASK
320,1712177136.297952,7554835.49052439,1310.0,-3.3006991463826835e-10,1367.0,ASK
321,1712177136.2996988,7554892.48115684,1307.0,-4.918616783033066e-09,1367.0,ASK
322,1712177136.3014305,7554897.06480848,1309.0,-3.95595292015822e-10,1367.0,ASK
323,1712177136.3031762,7556925.06480848,1310.0,-1.750279722673027e-07,1367.0,ASK
324,1712177136.3048837,7556938.04204301,1309.0,-1.120009391176571e-09,1367.0,ASK
325,1712177136.3065932,7557090.94724178,1308.0,-1.3196591168610772e-08,1367.0,ASK
326,1712177136.308387,7557129.26141802,1305.0,-3.306732039635144e-09,1367.0,ASK
327,1712177136.3101175,7557893.7874119,1308.0,-6.598295584538483e-08,1367.0,ASK
328,1712177136.3118937,7559143.53619753,1306.0,-1.078604515741222e-07,1367.0,ASK
329,1712177136.3136337,7559151.75189208,1303.0,-7.090613203971281e-10,1367.0,ASK
330,1712177136.315392,7559342.8890953,1306.0,-1.6496231313850405e-08,1367.0,ASK
331,1712177136.3171504,7559350.8890953,1303.0,-6.90445649969635e-10,1367.0,ASK
332,1712177136.318915,7559372.36904153,1302.0,-1.853841929557096e-09,1367.0,ASK
333,1712177136.3205128,7559602.254099,1305.0,-1.984039224038297e-08,1367.0,ASK
334,1712177136.3220809,7560073.56222373,1302.0,-4.067658056434788e-08,1367.0,ASK
335,1712177136.3236823,7560078.95708139,1306.0,-4.6560700043851826e-10,1367.0,ASK
336,1712177136.3252451,7560155.58543388,1305.0,-6.613464080154451e-09,1367.0,ASK
337,1712177136.3268127,7561111.97411023,1307.0,-8.254180015825986e-08,1367.0,ASK
338,1712177136.3284023,7563139.97411023,1305.0,-1.750279722673027e-07,1367.0,ASK
339,1712177136.3299708,7563146.22694765,1304.0,-5.396555496138741e-10,1367.0,ASK
340,1712177136.3317757,7563520.74804787,1302.0,-3.232330805853559e-08,1367.0,ASK
341,1712177136.3340888,7568240.84679137,1305.0,-4.073714556096061e-07,1367.0,ASK
342,1712177136.3367765,7570546.76531558,1301.0,-1.9901392677817905e-07,1367.0,ASK
343,1712177136.339425,7570700.1395487,1304.0,-1.3237071509402052e-08,1367.0,ASK
344,1712177136.3421292,7570704.04919648,1306.0,-3.3742491278703816e-10,1367.0,ASK
345,1712177136.344666,7570719.43735943,1301.0,-1.3280862712360715e-09,1367.0,ASK
346,1712177136.3462918,7570723.27350031,1306.0,-3.3108084793950987e-10,1367.0,ASK
347,1712177136.347942,7574689.27350031,1304.0,-3.42288430972447e-07,1367.0,ASK
348,1712177136.3498542,7574696.95989539,1301.0,-6.63379755851975e-10,1367.0,ASK
349,1712177136.3515022,7574921.34846797,1304.0,-1.9366014230110242e-08,1367.0,ASK
350,1712177136.353166,7575074.48782478,1306.0,-1.321680034354792e-08,1367.0,ASK
351,1712177136.3548384,7575151.29274029,1302.0,-6.628702476280799e-09,1367.0,ASK
352,1712177136.3565686,7575227.92109278,1305.0,-6.613464080154451e-09,1367.0,ASK
353,1712177136.3582582,7575235.59568986,1303.0,-6.62361521132862e-10,1367.0,ASK
354,1712177136.3599544,7576015.16596616,1302.0,-6.728136326457639e-08,1367.0,ASK
355,1712177136.3616471,7576115.16596616,1301.0,-8.630570624620447e-09,1367.0,ASK
356,1712177136.363381,7576268.77579718,1302.0,-1.3257404952561598e-08,1367.0,ASK
357,1712177136.3650594,7577149.53487906,1301.0,-7.601453459446056e-08,1367.0,ASK
358,1712177136.3667393,7577169.70418822,1300.0,-1.740726471529471e-09,1367.0,ASK
359,1712177136.368451,7577323.43208983,1300.0,-1.3267595118164814e-08,1367.0,ASK
360,1712177136.3701549,7584059.04189475,1300.0,-5.813215612124734e-07,1367.0,ASK
361,1712177138.2451384,7585062.37879475,1312.0,8.659369975741717e-08,1367.0,BID
362,1712177138.2483451,7585804.78189475,1312.0,6.407362386485112e-08,1367.0,BID
363,1712177142.4851594,7585896.87862884,1313.0,7.948473678587088e-09,1367.0,BID
364,1712177142.4881148,7587395.80282884,1313.0,1.293657116905479e-07,1367.0,BID
365,1712177147.5451992,7588472.8201357,1312.0,9.295273930790336e-08,1367.0,BID
366,1712177147.5652533,7589423.80282884,1312.0,8.207523295939935e-08,1367.0,BID
367,1712177151.0749335,7590683.73103481,1312.0,1.0873899363573209e-07,1367.0,BID
368,1712177157.7656474,7591451.80282884,1312.0,6.62889786315706e-08,1367.0,BID
369,1712177160.4074268,7591451.80282884,1312.0,0.0,1367.0,BID
370,1712177164.8355296,7592022.17782884,1313.0,4.88945806874793e-08,1367.0,BID
371,1712177165.7653482,7592632.16220384,1313.0,5.2290037679665373e-08,1367.0,BID
372,1712177190.370107,7592632.16220384,1313.0,0.0,1367.0,BID
373,1712177220.5543342,7592632.16220384,1313.0,0.0,1367.0,BID
374,1712177245.3555768,7592708.32366614,1313.0,-6.527965095765553e-09,1367.0,ASK
375,1712177250.535674,7592708.32366614,1313.0,-0.0,1367.0,ASK
376,1712177268.0762146,7592850.28176614,1314.0,1.2167434172197932e-08,1367.0,BID
377,1712177268.0799887,7593023.01996614,1314.0,1.4805641083797332e-08,1367.0,BID
378,1712177269.9458687,7593023.01996679,1313.0,5.571785387090548e-17,1367.0,BID
379,1712177269.9497025,7593948.52629979,1313.0,7.932648706034547e-08,1367.0,BID
380,1712177278.7462656,7594469.12361179,1313.0,4.462114894475284e-08,1367.0,BID
381,1712177278.7585406,7594469.12361247,1313.0,5.827225404836821e-17,1367.0,BID
382,1712177280.4163833,7594469.12361247,1313.0,0.0,1367.0,BID
383,1712177280.6558838,7594487.08992447,1313.0,1.539613470104727e-09,1367.0,BID
384,1712177280.680102,7594487.08992537,1313.0,7.717548527223304e-17,1367.0,BID
385,1712177310.3760626,7594487.08992537,1313.0,0.0,1367.0,BID
386,1712177340.578505,7594487.08992537,1313.0,0.0,1367.0,BID
387,1712177341.1522417,7595246.96834482,1316.0,6.511724193876745e-08,1367.0,BID
388,1712177345.5661454,7595250.81449867,1313.0,-3.2959342497059e-10,1367.0,ASK
389,1712177345.6460004,7595865.23426715,1313.0,5.2652266062554216e-08,1367.0,BID
390,1712177345.650488,7595968.43426715,1313.0,8.843650768449106e-09,1367.0,BID
391,1712177345.9464934,7596728.3126866,1316.0,6.511724193876745e-08,1367.0,BID
392,1712177357.6263266,7597236.5558477,1316.0,4.3553537036943576e-08,1367.0,BID
393,1712177357.7461123,7597601.89802094,1316.0,-3.1307738286010324e-08,1367.0,ASK
394,1712177363.9562018,7597605.89802094,1316.0,-3.4277716156717607e-10,1367.0,ASK
395,1712177370.5487158,7597605.89802094,1316.0,-0.0,1367.0,ASK
396,1712177385.2762125,7597609.74417479,1315.0,3.2947760230842554e-10,1367.0,BID
397,1712177396.4261112,7597755.11951356,1314.0,-1.2453458682146112e-08,1367.0,ASK
398,1712177396.5462706,7597792.92115637,1314.0,3.238246602436845e-09,1367.0,BID
399,1712177399.2862377,7598529.75032134,1316.0,6.311986365335343e-08,1367.0,BID
400,1712177399.3462842,7600150.77448427,1316.0,1.3886370003712221e-07,1367.0,BID
401,1712177400.4013371,7600150.77448427,1316.0,0.0,1367.0,BID
402,1712177406.1562843,7600416.73193107,1316.0,-2.2782576792436443e-08,1367.0,ASK
403,1712177422.0264118,7600422.42669189,1317.0,4.878273846252441e-10,1367.0,BID
404,1712177430.366445,7600422.42669189,1317.0,0.0,1367.0,BID
405,1712177460.5665612,7600422.42669189,1317.0,0.0,1367.0,BID
406,1712177490.5629668,7600422.42669189,1317.0,0.0,1367.0,BID
407,1712177520.37832,7600422.42669189,1317.0,0.0,1367.0,BID
408,1712177550.4007518,7600422.42669189,1317.0,0.0,1367.0,BID
409,1712177562.6471386,7601067.43088396,1312.0,-5.525097231747696e-08,1367.0,ASK
410,1712177562.6513247,7601169.25268143,1312.0,-8.722041472794528e-09,1367.0,ASK
411,1712177580.5484538,7601169.25268143,1312.0,-0.0,1367.0,ASK
412,1712177610.5672014,7601169.25268143,1312.0,-0.0,1367.0,ASK
413,1712177630.2172143,7601814.2568735,1316.0,5.524633534915721e-08,1367.0,BID
414,1712177640.396294,7601814.2568735,1316.0,0.0,1367.0,BID
415,1712177651.5772357,7602502.6918629,1317.0,5.896201259474788e-08,1367.0,BID
416,1712177651.6172447,7602502.69186291,1317.0,8.774091910160211e-19,1367.0,BID
417,1712177670.39979,7602502.69186291,1317.0,0.0,1367.0,BID
418,1712177673.5576606,7602704.04605446,1315.0,-1.724393256762282e-08,1367.0,ASK
419,1712177673.562562,7603474.69186291,1317.0,-6.599795242468848e-08,1367.0,ASK
420,1712177673.5663054,7605502.69186291,1315.0,-1.7367751313210628e-07,1367.0,ASK
421,1712177700.5453866,7605502.69186291,1315.0,-0.0,1367.0,ASK
422,1712177730.5898857,7605502.69186291,1315.0,-0.0,1367.0,ASK
423,1712177760.38766,7605502.69186291,1315.0,-0.0,1367.0,ASK
424,1712177790.3675945,7605502.69186291,1315.0,-0.0,1367.0,ASK
425,1712177814.0080862,7605533.11011386,1314.0,-2.612111271617201e-09,1367.0,ASK
426,1712177814.0100205,7605754.86367758,1313.0,-1.9042678826764085e-08,1367.0,ASK
427,1712177819.9985387,7606542.84311398,1313.0,-6.76662826867863e-08,1367.0,ASK
428,1712177820.003313,7606977.9536852,1313.0,-3.736431885412157e-08,1367.0,ASK
429,1712177820.0475674,7607839.60295855,1313.0,7.399254423910617e-08,1367.0,BID
430,1712177820.0575335,7608244.04189711,1313.0,3.473044889491015e-08,1367.0,BID
431,1712177820.0803864,7608347.14189711,1317.0,8.853522595608703e-09,1367.0,BID
432,1712177820.407922,7608347.14189711,1317.0,0.0,1367.0,BID
433,1712177850.4009368,7608347.14189711,1317.0,0.0,1367.0,BID
434,1712177880.5499637,7608347.14189711,1317.0,0.0,1367.0,BID
435,1712177910.5505524,7608347.14189711,1317.0,0.0,1367.0,BID
436,1712177940.370233,7608347.14189711,1317.0,0.0,1367.0,BID
437,1712177970.360393,7608347.14189711,1317.0,0.0,1367.0,BID
438,1712178000.4807932,7608347.14189711,1317.0,0.0,1367.0,BID
439,1712178016.7582488,7608350.94599734,1315.0,-3.2724730650942504e-10,1367.0,ASK
440,1712178028.4086666,7608356.340855,1314.0,-4.640920406274302e-10,1367.0,ASK
441,1712178030.389042,7608356.340855,1314.0,-0.0,1367.0,ASK
442,1712178030.8487377,7608942.82332087,1314.0,-5.04520375561654e-08,1367.0,ASK
443,1712178030.856843,7609232.60862741,1314.0,-2.4928723396777323e-08,1367.0,ASK
444,1712178057.5284934,7609240.2074116,1316.0,6.53683899647928e-10,1367.0,BID
445,1712178060.5417376,7609240.2074116,1316.0,0.0,1367.0,BID
446,1712178090.5507483,7609240.2074116,1316.0,0.0,1367.0,BID
447,1712178101.3152573,7609278.08619947,1315.0,3.258189670041764e-09,1367.0,BID
448,1712178120.4034774,7609278.08619947,1315.0,0.0,1367.0,BID
449,1712178150.4005225,7609278.08619947,1315.0,0.0,1367.0,BID
450,1712178154.9708228,7610478.08619947,1313.0,1.0321900652815634e-07,1367.0,BID
451,1712178180.5508947,7610478.08619947,1313.0,0.0,1367.0,BID
452,1712178187.203374,7611117.25217963,1311.0,-5.497094787572364e-08,1367.0,ASK
453,1712178187.2075334,7611201.22672068,1311.0,-7.222161789274067e-09,1367.0,ASK
454,1712178189.809225,7611239.39465961,1310.0,-3.282602401600088e-09,1367.0,ASK
455,1712178189.8144283,7611247.02824739,1310.0,-6.565204797433146e-10,1367.0,ASK
456,1712178202.688315,7611250.85559651,1309.0,-3.2916803381034274e-10,1367.0,ASK
457,1712178202.6918223,7611408.07608931,1309.0,-1.3521620022041978e-08,1367.0,ASK
458,1712178204.3581088,7611778.83734119,1309.0,-3.1887018527356776e-08,1367.0,ASK
459,1712178204.4245794,7612022.97187859,1309.0,-2.0996591412297868e-08,1367.0,ASK
460,1712178204.678239,7612475.27863871,1309.0,-3.890027333459146e-08,1367.0,ASK
461,1712178204.7882645,7612691.09642918,1309.0,-1.856123272958108e-08,1367.0,ASK
462,1712178210.5478947,7612691.09642918,1309.0,-0.0,1367.0,ASK
463,1712178219.3613324,7612953.85945454,1309.0,-2.2593087567839943e-08,1367.0,ASK
464,1712178219.363435,7612953.85945456,1309.0,-1.761708878086502e-18,1367.0,ASK
465,1712178220.19778,7613287.53562661,1309.0,-2.8690394944699023e-08,1367.0,ASK
466,1712178221.177831,7613674.69272206,1309.0,-3.3288831821192715e-08,1367.0,ASK
467,1712178221.2382343,7613765.00666602,1309.0,-7.765441281894178e-09,1367.0,ASK
468,1712178221.2426157,7614480.94691493,1309.0,-6.155851157086299e-08,1367.0,ASK
469,1712178222.588151,7614845.00723893,1309.0,-3.130290789150031e-08,1367.0,ASK
470,1712178222.5925982,7614845.00723897,1309.0,-3.4433400798963453e-18,1367.0,ASK
471,1712178240.3974106,7614845.00723897,1309.0,-0.0,1367.0,ASK
472,1712178242.3173344,7615859.93509034,1307.0,-8.724513743684699e-08,1367.0,ASK
473,1712178242.3218136,7615863.76829615,1307.0,-3.2950969593541246e-10,1367.0,ASK
474,1712178254.0802624,7616471.04970262,1307.0,-5.2203070098893694e-08,1367.0,ASK
475,1712178254.0842435,7616986.08492515,1307.0,-4.427341186248899e-08,1367.0,ASK
476,1712178255.037119,7617008.55735372,1307.0,-1.931772900435598e-09,1367.0,ASK
477,1712178255.041601,7617018.55724987,1307.0,-8.59610180951094e-10,1367.0,ASK
478,1712178263.1241653,7618110.06283295,1309.0,9.382790558003945e-08,1367.0,BID
479,1712178264.526495,7619190.16869981,1307.0,-9.284796419118133e-08,1367.0,ASK
480,1712178267.4563928,7619196.64119171,1308.0,5.563877713762449e-10,1367.0,BID
481,1712178270.3588383,7619196.64119171,1308.0,0.0,1367.0,BID
482,1712178283.1561463,7619458.04951771,1309.0,-2.2460173844863715e-08,1367.0,ASK
483,1712178283.1758804,7619458.04951867,1309.0,-8.24997234647704e-17,1367.0,ASK
484,1712178295.41087,7620330.22230154,1308.0,-7.49369869956661e-08,1367.0,ASK
485,1712178295.4158168,7620334.22230154,1308.0,-3.4367954821555057e-10,1367.0,ASK
486,1712178300.54594,7620334.22230154,1308.0,-0.0,1367.0,ASK
487,1712178310.1304262,7620564.29621822,1308.0,1.98534019839574e-08,1367.0,BID
488,1712178310.1857538,7621141.74179695,1308.0,-4.9828591453574134e-08,1367.0,ASK
489,1712178317.05527,7621307.44952047,1307.0,-1.4299152613016638e-08,1367.0,ASK
490,1712178317.3953383,7621371.46120608,1307.0,-5.523658415688539e-09,1367.0,ASK
491,1712178317.4000611,7621379.11231548,1307.0,-6.60224995161771e-10,1367.0,ASK
492,1712178317.4552608,7621379.11231549,1307.0,-8.84016488662008e-19,1367.0,ASK
493,1712178330.555055,7621379.11231549,1307.0,-0.0,1367.0,ASK
494,1712178360.3712857,7621379.11231549,1307.0,-0.0,1367.0,ASK
495,1712178378.963926,7621710.96817307,1306.0,-2.8632932608224505e-08,1367.0,ASK
496,1712178382.063652,7622170.03473772,1307.0,3.9608829279600655e-08,1367.0,BID
497,1712178390.4104722,7622170.03473772,1307.0,0.0,1367.0,BID
498,1712178393.853515,7623389.78352172,1306.0,1.052320463315078e-07,1367.0,BID
499,1712178393.8833556,7623389.78352182,1306.0,8.597289074568701e-18,1367.0,BID
500,1712178420.403352,7623389.78352182,1306.0,0.0,1367.0,BID
501,1712178428.502807,7623840.48352182,1306.0,-3.887814164122063e-08,1367.0,ASK
502,1712178428.5827868,7623943.41866729,1306.0,-8.879359142340479e-09,1367.0,ASK
503,1712178428.6628227,7623943.4186673,1306.0,-8.033745500233388e-19,1367.0,ASK
504,1712178432.863686,7624390.5195628,1306.0,3.85676768209169e-08,1367.0,BID
505,1712178432.8683658,7624690.7636137,1306.0,2.5899557882850217e-08,1367.0,BID
506,1712178450.3555272,7624690.7636137,1306.0,0.0,1367.0,BID
507,1712178451.5927186,7624698.42644894,1305.0,-6.609122163781469e-10,1367.0,ASK
508,1712178451.5973582,7625820.11610411,1305.0,-9.674466079888196e-08,1367.0,ASK
509,1712178451.6722488,7625820.11610458,1305.0,4.056446942425074e-17,1367.0,BID
510,1712178451.6742845,7625918.63552858,1305.0,8.497206168421835e-09,1367.0,BID
511,1712178468.3321657,7626016.35371929,1305.0,-8.42810056289034e-09,1367.0,ASK
512,1712178468.334995,7627198.20965797,1305.0,-1.0193394525278317e-07,1367.0,ASK
513,1712178480.544604,7627198.20965797,1305.0,-0.0,1367.0,ASK
514,1712178494.6215515,7627202.66492797,1304.0,-3.841543615435329e-10,1367.0,ASK
515,1712178494.6253014,7628532.88265722,1304.0,-1.1469763729619245e-07,1367.0,ASK
516,1712178502.2713387,7629199.37461124,1305.0,5.7468075129433976e-08,1367.0,BID
517,1712178504.2713735,7629636.24422309,1305.0,3.7668955377668526e-08,1367.0,BID
518,1712178505.111879,7630003.79762743,1304.0,-3.1692185520486115e-08,1367.0,ASK
519,1712178505.2512796,7630083.58983843,1304.0,6.880060215018575e-09,1367.0,BID
520,1712178505.271347,7630083.58983867,1304.0,2.0637875744456228e-17,1367.0,BID
521,1712178509.5316875,7630231.78983867,1305.0,1.2778501950129137e-08,1367.0,BID
522,1712178510.1588762,7630831.78983867,1304.0,5.1734825708959854e-08,1367.0,BID
523,1712178510.544957,7630831.78983867,1304.0,0.0,1367.0,BID
524,1712178511.4213252,7631075.28831009,1305.0,2.0987008480820523e-08,1367.0,BID
525,1712178514.8911345,7631431.63883174,1305.0,3.071366886369139e-08,1367.0,BID
526,1712178514.9812915,7631719.96072377,1305.0,2.485031613520072e-08,1367.0,BID
527,1712178515.7213438,7632774.55218312,1305.0,9.089469749883728e-08,1367.0,BID
528,1712178520.8810425,7633377.98250765,1305.0,5.200935046792484e-08,1367.0,BID
529,1712178520.9609058,7634034.62270416,1305.0,5.659548206867672e-08,1367.0,BID
530,1712178520.9708896,7635992.84724723,1305.0,1.6877836995460949e-07,1367.0,BID
531,1712178520.9808407,7635992.84724724,1305.0,8.82972370364924e-19,1367.0,BID
532,1712178540.3707209,7635992.84724724,1305.0,0.0,1367.0,BID
533,1712178570.3754814,7635992.84724724,1305.0,0.0,1367.0,BID
534,1712178594.7401118,7635996.66695694,1309.0,3.2902782054253087e-10,1367.0,BID
535,1712178600.3737097,7635996.66695694,1309.0,0.0,1367.0,BID
536,1712178612.769957,7637381.91376894,1309.0,1.1963489081101348e-07,1367.0,BID
537,1712178612.7894125,7637381.9137692,1309.0,2.2521061659522293e-17,1367.0,BID
538,1712178613.849595,7637517.3137692,1311.0,-1.1693630388044585e-08,1367.0,ASK
539,1712178630.3720877,7637517.3137692,1311.0,-0.0,1367.0,ASK
540,1712178660.3630428,7637517.3137692,1311.0,-0.0,1367.0,ASK
541,1712178690.3820908,7637517.3137692,1311.0,-0.0,1367.0,ASK
542,1712178720.551137,7637517.3137692,1311.0,-0.0,1367.0,ASK
543,1712178750.5604603,7637517.3137692,1311.0,-0.0,1367.0,ASK
544,1712178763.5674074,7637517.31376951,1312.0,2.6779372659828858e-17,1367.0,BID
545,1712178763.5716171,7638612.62345251,1312.0,9.457861769861332e-08,1367.0,BID
546,1712178780.3701894,7638612.62345251,1312.0,0.0,1367.0,BID
547,1712178785.4774904,7638812.62345251,1312.0,-1.7267606528400414e-08,1367.0,ASK
548,1712178810.3843238,7638812.62345251,1312.0,-0.0,1367.0,ASK
549,1712178814.1771216,7639117.7340551,1311.0,-2.6342052384033616e-08,1367.0,ASK
550,1712178840.5441003,7639117.7340551,1311.0,-0.0,1367.0,ASK
551,1712178870.5379612,7639117.7340551,1311.0,-0.0,1367.0,ASK
552,1712178900.396592,7639117.7340551,1311.0,-0.0,1367.0,ASK
553,1712178901.9748733,7639240.6233861,1311.0,1.0625437775234242e-08,1367.0,BID
554,1712178901.9799194,7639240.62338624,1311.0,1.207880698600316e-17,1367.0,BID
555,1712178930.3806946,7639240.62338624,1311.0,0.0,1367.0,BID
556,1712178941.7460978,7639583.62338624,1310.0,-2.9656556512341923e-08,1367.0,ASK
557,1712178944.2058046,7639987.12338624,1310.0,-3.4887523477346825e-08,1367.0,ASK
558,1712178953.746184,7640810.49355235,1310.0,-7.119044857679729e-08,1367.0,ASK
559,1712178953.751251,7641001.10438624,1310.0,-1.6480644219001787e-08,1367.0,ASK
560,1712178953.8062158,7641123.87823431,1310.0,-1.0615304849914416e-08,1367.0,ASK
561,1712178959.7764163,7641283.87823431,1309.0,-1.38339622215006e-08,1367.0,ASK
562,1712178960.5341918,7641283.87823431,1309.0,-0.0,1367.0,ASK
563,1712178963.8918293,7641598.12643728,1309.0,-2.7164324775207083e-08,1367.0,ASK
564,1712178963.963002,7641608.12643711,1309.0,-8.64422582388212e-10,1367.0,ASK
565,1712178963.9678888,7642007.44603388,1309.0,-3.4518088292132055e-08,1367.0,ASK
566,1712178963.972701,7642015.08545328,1309.0,-6.603686758357715e-10,1367.0,ASK
567,1712178963.976752,7642015.08545345,1309.0,-1.465202427245444e-17,1367.0,ASK
568,1712178964.2556045,7642045.71943663,1308.0,-2.648070730054551e-09,1367.0,ASK
569,1712178964.265211,7642458.0898647,1308.0,-3.564623164084297e-08,1367.0,ASK
570,1712178964.5037038,7644544.98698702,1308.0,-1.8039610303994734e-07,1367.0,ASK
571,1712178964.645646,7645868.34940604,1308.0,-1.143944379181589e-07,1367.0,ASK
572,1712178964.6558723,7646632.87539991,1308.0,-6.608735451871105e-08,1367.0,ASK
573,1712178964.705758,7646632.87539992,1308.0,-8.855619065769167e-19,1367.0,ASK
574,1712178967.2454517,7646709.38649401,1307.0,-6.613791866147928e-09,1367.0,ASK
575,1712178973.6416457,7646709.38649402,1307.0,-8.855619065769167e-19,1367.0,ASK
576,1712178990.515558,7646709.38649402,1307.0,-0.0,1367.0,ASK
577,1712179020.3708825,7646709.38649402,1307.0,-0.0,1367.0,ASK
578,1712179050.3802793,7646709.38649402,1307.0,-0.0,1367.0,ASK
579,1712179080.5474317,7646709.38649402,1307.0,-0.0,1367.0,ASK
580,1712179095.1345396,7647083.40697379,1308.0,-3.2311352445196954e-08,1367.0,ASK
581,1712179110.530243,7647083.40697379,1308.0,-0.0,1367.0,ASK
582,1712179121.54467,7647312.76477195,1308.0,-1.981321307095523e-08,1367.0,ASK
583,1712179121.547855,7648831.9710985,1308.0,-1.3123756370241552e-07,1367.0,ASK
584,1712179121.6663425,7648920.51014023,1308.0,7.648499039319609e-09,1367.0,BID
585,1712179140.3633332,7648920.51014023,1308.0,0.0,1367.0,BID
586,1712179156.0325508,7648924.3709965,1308.0,-3.3345320238131253e-10,1367.0,ASK
587,1712179156.0388882,7649262.23935445,1308.0,-2.9180906527121605e-08,1367.0,ASK
588,1712179170.373852,7649262.23935445,1308.0,-0.0,1367.0,ASK
589,1712179177.2737896,7649707.1253731,1308.0,-3.842229041341416e-08,1367.0,ASK
590,1712179188.0136456,7650181.42762719,1308.0,-4.096280437335236e-08,1367.0,ASK
591,1712179200.3936548,7650181.42762719,1308.0,-0.0,1367.0,ASK
592,1712179220.8238254,7650185.2003587,1310.0,3.2663912874844515e-10,1367.0,BID
593,1712179220.826311,7650189.06121497,1310.0,3.3426887788131484e-10,1367.0,BID
594,1712179222.8133843,7650196.69480275,1310.0,6.609080065491272e-10,1367.0,BID
595,1712179224.9635146,7650204.33422215,1309.0,-6.61412902136106e-10,1367.0,ASK
596,1712179230.3566256,7650204.33422215,1309.0,-0.0,1367.0,ASK
597,1712179240.001444,7650211.96780993,1310.0,6.609062900126031e-10,1367.0,BID
598,1712179242.7635798,7650219.60139771,1310.0,6.609062899319707e-10,1367.0,BID
599,1712179244.6535022,7650227.23498549,1310.0,6.609062900126031e-10,1367.0,BID
600,1712179246.642445,7650234.86857327,1310.0,6.609062899319707e-10,1367.0,BID
601,1712179248.1859696,7650242.50216105,1310.0,6.609062900126031e-10,1367.0,BID
602,1712179249.7034135,7650250.13574883,1310.0,6.609062899319707e-10,1367.0,BID
603,1712179251.093415,7650257.76933661,1310.0,6.609062900126031e-10,1367.0,BID
604,1712179257.7132905,7650349.37239004,1310.0,7.93087548579553e-09,1367.0,BID
605,1712179260.5491486,7650349.37239004,1310.0,0.0,1367.0,BID
606,1712179290.5449655,7650349.37239004,1310.0,0.0,1367.0,BID
607,1712179320.3771176,7650349.37239004,1310.0,0.0,1367.0,BID
608,1712179335.5672972,7650619.98231772,1311.0,-2.342867685517425e-08,1367.0,ASK
609,1712179335.6428192,7652044.71555165,1311.0,1.2334955642178237e-07,1367.0,BID
610,1712179336.3861008,7652044.71555166,1311.0,8.869453319498629e-19,1367.0,BID
611,1712179336.5345645,7652791.2239452,1313.0,-6.463068103933286e-08,1367.0,ASK
612,1712179336.5520203,7654200.98474455,1313.0,-1.220532834633302e-07,1367.0,ASK
613,1712179339.3628705,7654457.38853626,1313.0,-2.2198747961489625e-08,1367.0,ASK
614,1712179341.012852,7655302.70208268,1314.0,7.318496438836375e-08,1367.0,BID
615,1712179341.1427565,7655698.49208268,1313.0,-3.426642951361228e-08,1367.0,ASK
616,1712179342.872722,7655748.99208268,1313.0,-4.372153643187694e-09,1367.0,ASK
617,1712179343.6647778,7656274.49208268,1313.0,-4.549637107911156e-08,1367.0,ASK
618,1712179344.0330398,7656314.89208268,1313.0,-3.4977229145824083e-09,1367.0,ASK
619,1712179345.312623,7656415.89208268,1313.0,-8.744307286375388e-09,1367.0,ASK
620,1712179350.38862,7656415.89208268,1313.0,-0.0,1367.0,ASK
621,1712179357.942531,7656424.41612262,1313.0,-7.374799452705128e-10,1367.0,ASK
622,1712179360.7127452,7656582.11612261,1313.0,-1.3643834165569709e-08,1367.0,ASK
623,1712179373.490558,7656838.65940941,1313.0,-2.219552353594093e-08,1367.0,ASK
624,1712179373.4932678,7657138.65653242,1313.0,-2.595504753805353e-08,1367.0,ASK
625,1712179380.4059412,7657138.65653242,1313.0,-0.0,1367.0,ASK
626,1712179385.8427272,7657321.27496349,1313.0,-1.5798421265260092e-08,1367.0,ASK
627,1712179397.442708,7657325.12111734,1314.0,-3.3273289244604364e-10,1367.0,ASK
628,1712179408.962267,7657328.94151308,1314.0,-3.3050454405372945e-10,1367.0,ASK
629,1712179410.3775475,7657328.94151308,1314.0,-0.0,1367.0,ASK
630,1712179433.1026218,7657355.52111734,1314.0,-2.299366534309022e-09,1367.0,ASK
631,1712179433.1081922,7657359.34151308,1314.0,-3.3049740041154127e-10,1367.0,ASK
632,1712179435.1121664,7657498.74151308,1314.0,-1.2059310279860689e-08,1367.0,ASK
633,1712179440.532441,7657498.74151308,1314.0,-0.0,1367.0,ASK
634,1712179440.6928487,7657661.72436913,1314.0,-1.4099159940056773e-08,1367.0,ASK
635,1712179440.7629364,7659615.86693165,1314.0,-1.6904703477624369e-07,1367.0,ASK
636,1712179440.7725558,7660731.84279016,1313.0,-9.6539737366864e-08,1367.0,ASK
637,1712179451.124785,7661036.48863936,1313.0,2.6354002237042084e-08,1367.0,BID
638,1712179457.1121633,7661044.11059057,1312.0,6.593522273491096e-10,1367.0,BID
639,1712179463.6325717,7661120.44646843,1310.0,-6.603588728259998e-09,1367.0,ASK
640,1712179463.638394,7661128.08005621,1310.0,-6.603588723426042e-10,1367.0,ASK
641,1712179470.5558305,7661128.08005621,1310.0,-0.0,1367.0,ASK
642,1712179476.412312,7661135.72531614,1308.0,-6.610959628287836e-10,1367.0,ASK
643,1712179476.4180791,7661149.53793105,1308.0,-1.1943954865017811e-09,1367.0,ASK
644,1712179482.2322705,7661256.24524812,1312.0,9.22712597961198e-09,1367.0,BID
645,1712179500.3620176,7661256.24524812,1312.0,0.0,1367.0,BID
646,1712179500.4450548,7661298.29149899,1308.0,-3.6613228285631694e-09,1367.0,ASK
647,1712179511.5725102,7662191.47549899,1308.0,-7.777708836531059e-08,1367.0,ASK
648,1712179511.5782487,7662291.17333575,1308.0,-8.681534218560626e-09,1367.0,ASK
649,1712179511.5862362,7664339.76695254,1308.0,-1.783883799504179e-07,1367.0,ASK
650,1712179522.5995765,7664343.60487303,1312.0,-3.342002108640352e-10,1367.0,ASK
651,1712179530.384957,7664343.60487303,1312.0,-0.0,1367.0,ASK
652,1712179532.652221,7664347.43109254,1312.0,-3.33064186275293e-10,1367.0,ASK
653,1712179544.751721,7664351.2496901,1312.0,-3.3240071194646953e-10,1367.0,ASK
654,1712179560.5317829,7664351.2496901,1312.0,-0.0,1367.0,ASK
655,1712179578.0021236,7664652.04493455,1309.0,-2.6183556801642783e-08,1367.0,ASK
656,1712179578.0104809,7664655.86353211,1312.0,-3.3240042173100304e-10,1367.0,ASK
657,1712179590.533332,7664655.86353211,1312.0,-0.0,1367.0,ASK
658,1712179620.3719044,7664655.86353211,1312.0,-0.0,1367.0,ASK
659,1712179650.3756702,7664655.86353211,1312.0,-0.0,1367.0,ASK
660,1712179669.9613135,7664978.0615931,1313.0,2.8045650887767257e-08,1367.0,BID
661,1712179680.5141542,7664978.0615931,1313.0,0.0,1367.0,BID
662,1712179693.8511393,7665000.91003179,1315.0,1.9887634859106342e-09,1367.0,BID
663,1712179698.68104,7665008.52617802,1315.0,6.629211619972329e-10,1367.0,BID
664,1712179704.0409544,7665012.34186728,1314.0,-3.3212350205968915e-10,1367.0,ASK
665,1712179710.520922,7665012.34186728,1314.0,-0.0,1367.0,ASK
666,1712179725.760896,7665016.15465267,1313.0,-3.3186944264286155e-10,1367.0,ASK
667,1712179736.8709755,7665019.97034193,1313.0,-3.321221990195595e-10,1367.0,ASK
668,1712179740.3609486,7665019.97034193,1313.0,-0.0,1367.0,ASK
669,1712179770.3712685,7665019.97034193,1313.0,-0.0,1367.0,ASK
670,1712179787.8563647,7665023.78603119,1314.0,-3.3212190946869576e-10,1367.0,ASK
671,1712179796.0206316,7667898.98349309,1315.0,2.502604394757541e-07,1367.0,BID
672,1712179796.0275638,7671954.98349309,1315.0,3.530388281029948e-07,1367.0,BID
673,1712179796.1003134,7672352.54298892,1315.0,-3.460402823200999e-08,1367.0,ASK
674,1712179796.1804814,7672628.34876883,1315.0,-2.4006447071914964e-08,1367.0,ASK
675,1712179800.462941,7672628.34876883,1315.0,-0.0,1367.0,ASK
676,1712179830.3707416,7672628.34876883,1315.0,-0.0,1367.0,ASK
677,1712179849.990404,7672641.13482874,1314.0,1.1138661953860052e-09,1367.0,BID
678,1712179860.5432882,7672641.13482874,1314.0,0.0,1367.0,BID
679,1712179890.5100958,7672641.13482874,1314.0,0.0,1367.0,BID
680,1712179905.0500696,7673887.85695881,1315.0,1.086088766245966e-07,1367.0,BID
681,1712179905.0599427,7673891.66684474,1315.0,3.3190028545490486e-10,1367.0,BID
682,1712179905.0700598,7673891.66684571,1315.0,8.454024501797518e-17,1367.0,BID
683,1712179907.3204007,7674350.73340971,1316.0,3.999183347227455e-08,1367.0,BID
684,1712179907.3267374,7674350.73341036,1316.0,5.663060558785669e-17,1367.0,BID
685,1712179920.362112,7674350.73341036,1316.0,0.0,1367.0,BID
686,1712179922.762516,7675037.58836092,1315.0,-5.982402398160533e-08,1367.0,ASK
687,1712179950.3829355,7675037.58836092,1315.0,-0.0,1367.0,ASK
688,1712179978.3298576,7675041.39824685,1316.0,-3.3180918056446576e-10,1367.0,ASK
689,1712179980.3972836,7675041.39824685,1316.0,-0.0,1367.0,ASK
690,1712179983.570779,7675110.69824685,1315.0,-6.035447410543908e-09,1367.0,ASK
691,1712179993.5797358,7675114.50523773,1316.0,-3.315569011811738e-10,1367.0,ASK
692,1712180010.375466,7675114.50523773,1316.0,-0.0,1367.0,ASK
693,1712180040.234229,7675137.30159031,1317.0,1.985354042695109e-09,1367.0,BID
694,1712180040.5677254,7675137.30159031,1317.0,0.0,1367.0,BID
695,1712180070.5324962,7675137.30159031,1317.0,0.0,1367.0,BID
696,1712180082.103772,7675141.09885682,1317.0,3.3070635651178944e-10,1367.0,BID
697,1712180097.7393124,7675895.40120582,1317.0,6.56926715387762e-08,1367.0,BID
698,1712180098.6998386,7675895.40120675,1317.0,8.102836615036431e-17,1367.0,BID
699,1712180100.3478208,7675895.40120675,1317.0,0.0,1367.0,BID
700,1712180130.3612835,7675895.40120675,1317.0,0.0,1367.0,BID
701,1712180141.4560847,7675936.09232664,1317.0,-3.548553298023248e-09,1367.0,ASK
702,1712180141.4620905,7676001.80120675,1317.0,-5.730278838592291e-09,1367.0,ASK
703,1712180142.2564316,7676017.06474855,1317.0,-1.3310887422263136e-09,1367.0,ASK
704,1712180142.3305843,7676123.46474855,1317.0,9.278832136696755e-09,1367.0,BID
705,1712180160.4224143,7676123.46474855,1317.0,0.0,1367.0,BID
706,1712180163.0491786,7676127.27933822,1316.0,-3.326504710991112e-10,1367.0,ASK
707,1712180163.0552812,7677703.46474855,1316.0,-1.374509094436223e-07,1367.0,ASK
708,1712180178.4993713,7677716.62975,1316.0,-1.1480511177709768e-09,1367.0,ASK
709,1712180179.5420227,7678767.25337435,1316.0,-9.161940702116605e-08,1367.0,ASK
710,1712180190.3770816,7678767.25337435,1316.0,-0.0,1367.0,ASK
711,1712180220.5405734,7678767.25337435,1316.0,-0.0,1367.0,ASK
712,1712180228.832527,7678772.09243435,1318.0,4.218611908810833e-10,1367.0,BID
713,1712180244.169082,7678988.94424094,1318.0,-1.890477931040292e-08,1367.0,ASK
714,1712180244.1748774,7678991.69243435,1318.0,-2.395829241163919e-10,1367.0,ASK
715,1712180250.5415034,7678991.69243435,1318.0,-0.0,1367.0,ASK
716,1712180250.9292889,7679002.80415359,1318.0,-9.68676195221937e-10,1367.0,ASK
717,1712180280.3895204,7679002.80415359,1318.0,-0.0,1367.0,ASK
718,1712180302.8510594,7679450.60240927,1318.0,-3.9037249533619465e-08,1367.0,ASK
719,1712180302.858641,7679548.80240927,1318.0,-8.560680743149186e-09,1367.0,ASK
720,1712180302.9555707,7679747.17428102,1318.0,-1.729326132859832e-08,1367.0,ASK
721,1712180302.973203,7679947.69907485,1318.0,-1.7480944410052747e-08,1367.0,ASK
722,1712180302.9838502,7680148.47546023,1318.0,-1.7502877148656028e-08,1367.0,ASK
723,1712180303.030671,7680159.24945142,1318.0,-9.392331864158432e-10,1367.0,ASK
724,1712180303.1307554,7680314.09802309,1317.0,1.3499075209685408e-08,1367.0,BID
725,1712180303.13757,7680457.67230659,1317.0,1.251622814632678e-08,1367.0,BID
726,1712180310.3577302,7680457.67230659,1317.0,0.0,1367.0,BID
727,1712180340.5328782,7680457.67230659,1317.0,0.0,1367.0,BID
728,1712180347.99199,7681509.83983046,1316.0,-9.170840202257297e-08,1367.0,ASK
729,1712180370.5503576,7681509.83983046,1316.0,-0.0,1367.0,ASK
730,1712180375.622598,7683537.83983046,1317.0,1.7674200317877794e-07,1367.0,BID
731,1712180375.8224075,7684137.13983045,1317.0,-5.22295278615375e-08,1367.0,ASK
732,1712180376.1473303,7684530.53983045,1317.0,-3.428515978826286e-08,1367.0,ASK
733,1712180392.0870087,7684602.60356338,1318.0,6.280418399738561e-09,1367.0,BID
734,1712180392.0900853,7684606.41236459,1318.0,3.3194041197551256e-10,1367.0,BID
735,1712180393.0629797,7684784.4164358,1317.0,-1.5513213076705596e-08,1367.0,ASK
736,1712180400.4232888,7684784.4164358,1317.0,-0.0,1367.0,ASK
737,1712180400.8736217,7684884.3164358,1317.0,-8.734228299941167e-09,1367.0,ASK
738,1712180430.3938394,7684884.3164358,1317.0,-0.0,1367.0,ASK
739,1712180433.5484526,7685050.01643579,1317.0,-1.4486936752541024e-08,1367.0,ASK
740,1712180433.56378,7685510.70784438,1317.0,-4.027765418885625e-08,1367.0,ASK
741,1712180435.4139562,7685703.10784438,1317.0,-1.6821283230838812e-08,1367.0,ASK
742,1712180439.9242709,7687132.07433926,1317.0,-1.2493269302409377e-07,1367.0,ASK
743,1712180439.9309535,7687135.87464298,1317.0,-3.32255640522192e-10,1367.0,ASK
744,1712180446.5085683,7687141.18169377,1319.0,4.6398858864011207e-10,1367.0,BID
745,1712180451.364382,7687233.60245377,1317.0,-8.080227548731753e-09,1367.0,ASK
746,1712180458.1750667,7689591.33804377,1317.0,2.061337741316481e-07,1367.0,BID
747,1712180458.1944144,7690499.87213921,1317.0,7.943196124904146e-08,1367.0,BID
748,1712180460.534668,7690499.87213921,1317.0,0.0,1367.0,BID
749,1712180490.5487046,7690499.87213921,1317.0,0.0,1367.0,BID
750,1712180520.390669,7690499.87213921,1317.0,0.0,1367.0,BID
751,1712180542.6862314,7690507.46515363,1317.0,-6.63418469228966e-10,1367.0,ASK
752,1712180550.3772335,7690507.46515363,1317.0,-0.0,1367.0,ASK
753,1712180555.7067697,7690735.25558643,1317.0,-1.990253670507726e-08,1367.0,ASK
754,1712180580.5413055,7690735.25558643,1317.0,-0.0,1367.0,ASK
755,1712180610.541928,7690735.25558643,1317.0,-0.0,1367.0,ASK
756,1712180640.391662,7690735.25558643,1317.0,-0.0,1367.0,ASK
757,1712180643.1280248,7690862.24205534,1317.0,-1.1094788236341816e-08,1367.0,ASK
758,1712180645.7579548,7691134.34205534,1317.0,-2.3773335104473624e-08,1367.0,ASK
759,1712180662.9180682,7691138.897864,1316.0,-3.9804030112948136e-10,1367.0,ASK
760,1712180670.3589718,7691138.897864,1316.0,-0.0,1367.0,ASK
761,1712180672.0482676,7691142.70196423,1318.0,3.323482154432113e-10,1367.0,BID
762,1712180672.0534198,7691245.041764,1319.0,8.940997282666339e-09,1367.0,BID
763,1712180699.5184,7691252.61752157,1318.0,6.618620321356667e-10,1367.0,BID
764,1712180700.3788128,7691252.61752157,1318.0,0.0,1367.0,BID
765,1712180713.389115,7691350.91752157,1316.0,-8.601799740656333e-09,1367.0,ASK
766,1712180720.3787787,7691750.00399048,1316.0,-3.4922297912256885e-08,1367.0,ASK
767,1712180726.5812604,7692060.40399047,1316.0,-2.716173590457648e-08,1367.0,ASK
768,1712180730.3736174,7692060.40399047,1316.0,-0.0,1367.0,ASK
769,1712180732.059104,7692158.80399047,1316.0,-8.609749399049219e-09,1367.0,ASK
770,1712180740.6490526,7692257.10399047,1316.0,-8.60099965367612e-09,1367.0,ASK
771,1712180740.68918,7692564.20754392,1316.0,-2.687077880843217e-08,1367.0,ASK
772,1712180760.529852,7692564.20754392,1316.0,-0.0,1367.0,ASK
773,1712180786.239889,7692568.0145348,1317.0,-3.3308268400469536e-10,1367.0,ASK
774,1712180786.4594133,7692691.2145348,1316.0,-1.0779060932117165e-08,1367.0,ASK
775,1712180790.5430534,7692691.2145348,1316.0,-0.0,1367.0,ASK
776,1712180820.3899884,7692691.2145348,1316.0,-0.0,1367.0,ASK
777,1712180824.5800462,7692958.0145348,1316.0,-2.3342625008891545e-08,1367.0,ASK
778,1712180825.1001258,7693030.47614892,1317.0,6.339746199150083e-09,1367.0,BID
779,1712180825.3200555,7693178.07621912,1316.0,-1.2913692241204621e-08,1367.0,ASK
780,1712180836.0427282,7693302.47621912,1316.0,-1.0883892620339932e-08,1367.0,ASK
781,1712180850.368727,7693302.47621912,1316.0,-0.0,1367.0,ASK
782,1712180861.550768,7693306.28791236,1317.0,-3.3346575638685536e-10,1367.0,ASK
783,1712180861.5573196,7693487.63953716,1316.0,-1.5865536109238953e-08,1367.0,ASK
784,1712180880.5405874,7693487.63953716,1316.0,-0.0,1367.0,ASK
785,1712180893.3608053,7693491.46172561,1317.0,-3.3437680089710845e-10,1367.0,ASK
786,1712180893.3662183,7693791.93953716,1317.0,-2.628672308555706e-08,1367.0,ASK
787,1712180895.281233,7694716.16554673,1316.0,-8.085413381018284e-08,1367.0,ASK
788,1712180910.5543504,7694716.16554673,1316.0,-0.0,1367.0,ASK
789,1712180940.3811624,7694716.16554673,1316.0,-0.0,1367.0,ASK
790,1712180965.581612,7694718.5725323,1317.0,-2.1054071648099046e-10,1367.0,ASK
791,1712180965.5912054,7694726.16554673,1317.0,-6.64166299329117e-10,1367.0,ASK
792,1712180970.3485355,7694726.16554673,1317.0,-0.0,1367.0,ASK
793,1712180986.0019436,7694729.97723997,1318.0,-3.3341109782467916e-10,1367.0,ASK
794,1712180986.0088758,7694736.16554673,1317.0,-5.41294910333606e-10,1367.0,ASK
795,1712181000.4998815,7694736.16554673,1317.0,-0.0,1367.0,ASK
796,1712181006.3918595,7694812.095691,1318.0,-6.643351848960738e-09,1367.0,ASK
797,1712181030.3554251,7694812.095691,1318.0,-0.0,1367.0,ASK
798,1712181043.822027,7694967.66663988,1318.0,-1.3611241115530496e-08,1367.0,ASK
799,1712181057.6424477,7694971.46785384,1319.0,-3.3257648755075205e-10,1367.0,ASK
800,1712181057.6551356,7695405.56498951,1317.0,-3.7980103764172184e-08,1367.0,ASK
801,1712181060.5355232,7695405.56498951,1317.0,-0.0,1367.0,ASK
802,1712181090.530818,7695405.56498951,1317.0,-0.0,1367.0,ASK
803,1712181120.3950305,7695405.56498951,1317.0,-0.0,1367.0,ASK
804,1712181143.8427267,7696186.56498951,1320.0,-6.832671742333099e-08,1367.0,ASK
805,1712181150.5241458,7696186.56498951,1320.0,-0.0,1367.0,ASK
806,1712181153.7128634,7696213.82122533,1323.0,2.384329285835872e-09,1367.0,BID
807,1712181180.5352998,7696213.82122533,1323.0,0.0,1367.0,BID
808,1712181210.547056,7696213.82122533,1323.0,0.0,1367.0,BID
809,1712181240.383274,7696213.82122533,1323.0,0.0,1367.0,BID
810,1712181270.3895545,7696213.82122533,1323.0,0.0,1367.0,BID
811,1712181300.454855,7696213.82122533,1323.0,0.0,1367.0,BID
812,1712181321.9435196,7696221.37980431,1323.0,-6.62625930860374e-10,1367.0,ASK
813,1712181330.367396,7696221.37980431,1323.0,-0.0,1367.0,ASK
814,1712181350.8637898,7696421.37980431,1323.0,1.7533066776356608e-08,1367.0,BID
815,1712181360.5475938,7696421.37980431,1323.0,0.0,1367.0,BID
816,1712181373.630807,7697554.03343214,1323.0,9.929215525070437e-08,1367.0,BID
817,1712181383.5463967,7698306.47022795,1323.0,6.596109287981788e-08,1367.0,BID
818,1712181383.5533848,7700466.25802114,1323.0,1.893341261625169e-07,1367.0,BID
819,1712181390.1250603,7702023.20761814,1323.0,1.36487340264021e-07,1367.0,BID
820,1712181390.214663,7702506.18881173,1323.0,4.233972547194293e-08,1367.0,BID
821,1712181390.58219,7702506.18881173,1323.0,0.0,1367.0,BID
822,1712181411.0959597,7702535.05502488,1323.0,2.5287229771723116e-09,1367.0,BID
823,1712181418.528389,7703901.58571717,1323.0,1.19710110315085e-07,1367.0,BID
824,1712181418.5440402,7709122.40673117,1323.0,4.573516446045726e-07,1367.0,BID
825,1712181418.604153,7712252.60661452,1323.0,2.7421014065647377e-07,1367.0,BID
826,1712181420.366545,7712252.60661452,1323.0,0.0,1367.0,BID
827,1712181450.3682568,7712252.60661452,1323.0,0.0,1367.0,BID
828,1712181475.5869372,7712597.33424217,1324.0,-3.0164576929428246e-08,1367.0,ASK
829,1712181480.554255,7712597.33424217,1324.0,-0.0,1367.0,ASK
830,1712181510.544829,7712597.33424217,1324.0,-0.0,1367.0,ASK
831,1712181528.6946054,7713793.49117064,1324.0,-1.0466270710587472e-07,1367.0,ASK
832,1712181540.402068,7713793.49117064,1324.0,-0.0,1367.0,ASK
833,1712181560.254434,7713853.71709997,1324.0,-5.268987110076394e-09,1367.0,ASK
834,1712181560.2644503,7714416.36124475,1324.0,-4.9224059792531823e-08,1367.0,ASK
835,1712181566.646703,7715171.64825381,1324.0,-6.607780999658658e-08,1367.0,ASK
836,1712181570.417823,7715171.64825381,1324.0,-0.0,1367.0,ASK
837,1712181571.9848547,7715177.91371981,1325.0,5.480594620599942e-10,1367.0,BID
838,1712181571.991917,7715181.82336759,1326.0,3.4198884160007603e-10,1367.0,BID
1039,1712181571.9985046,7715186.73223314,1327.0,4.293934740783031e-10,1367.0,BID
839,1712181571.9985046,7715186.73223314,1327.0,4.2939347407830307e-10,1367.0,BID
840,1712181600.5409083,7715186.73223314,1327.0,0.0,1367.0,BID
841,1712181619.904831,7715188.17239759,1327.0,1.260552015818368e-10,1367.0,BID
842,1712181619.9115343,7715209.33961821,1327.0,1.8527316523394198e-09,1367.0,BID
843,1712181630.3751967,7715209.33961821,1327.0,0.0,1367.0,BID
844,1712181660.5585809,7715209.33961821,1327.0,0.0,1367.0,BID
845,1712181668.5649447,7715240.87692039,1327.0,2.760400413474843e-09,1367.0,BID
846,1712181690.5597565,7715240.87692039,1327.0,0.0,1367.0,BID
847,1712181720.375134,7715240.87692039,1327.0,0.0,1367.0,BID
848,1712181750.4097917,7715240.87692039,1327.0,0.0,1367.0,BID
849,1712181765.2351878,7715274.89052583,1324.0,-2.9771356489868727e-09,1367.0,ASK
850,1712181780.556956,7715274.89052583,1324.0,-0.0,1367.0,ASK
851,1712181805.055265,7715278.67451375,1325.0,-3.3120278725202724e-10,1367.0,ASK
852,1712181805.0586734,7715574.89052583,1324.0,-2.5927030135663924e-08,1367.0,ASK
853,1712181810.5552835,7715574.89052583,1324.0,-0.0,1367.0,ASK
854,1712181840.4030907,7715574.89052583,1324.0,-0.0,1367.0,ASK
855,1712181870.3729472,7715574.89052583,1324.0,-0.0,1367.0,ASK
856,1712181900.5555725,7715574.89052583,1324.0,-0.0,1367.0,ASK
857,1712181925.9956267,7715604.02325584,1326.0,2.5584664096690997e-09,1367.0,BID
858,1712181930.537258,7715604.02325584,1326.0,0.0,1367.0,BID
859,1712181959.2761858,7715607.81193509,1325.0,-3.3272459229823607e-10,1367.0,ASK
860,1712181959.2825732,7715707.94325583,1325.0,-8.793606073854125e-09,1367.0,ASK
861,1712181960.3535404,7715707.94325583,1325.0,-0.0,1367.0,ASK
862,1712181962.2457223,7715814.38325583,1325.0,-9.347525882615661e-09,1367.0,ASK
1062,1712181962.2457223,7715814.38325583,1325.0,-9.34752588261566e-09,1367.0,ASK
863,1712181971.0156784,7716259.01004829,1325.0,-3.9046979054921843e-08,1367.0,ASK
864,1712181971.895564,7716301.22457554,1326.0,3.7072659347307485e-09,1367.0,BID
865,1712181990.398023,7716301.22457554,1326.0,0.0,1367.0,BID
866,1712181992.2655785,7716302.35167724,1326.0,-9.897486845320422e-11,1367.0,ASK
867,1712181999.7158148,7716378.24869049,1326.0,6.6647906782319745e-09,1367.0,BID
868,1712181999.7755294,7716378.2486905,1326.0,8.996107650012203e-19,1367.0,BID
869,1712182011.1955235,7717071.46572517,1326.0,6.087388993104371e-08,1367.0,BID
870,1712182020.5498717,7717071.46572517,1326.0,0.0,1367.0,BID
871,1712182050.5602424,7717071.46572517,1326.0,0.0,1367.0,BID
872,1712182053.0158246,7718768.76120237,1327.0,1.4903227578096049e-07,1367.0,BID
873,1712182059.815936,7720835.16120237,1327.0,-1.8144176945665576e-07,1367.0,ASK
874,1712182061.565662,7722010.89680237,1327.0,-1.0323632775706025e-07,1367.0,ASK
875,1712182063.0389316,7722999.39680237,1327.0,-8.679596840295776e-08,1367.0,ASK
876,1712182066.5257094,7723043.69680237,1327.0,-3.889794031598241e-09,1367.0,ASK
877,1712182078.090933,7723124.59680237,1328.0,-7.10348390870084e-09,1367.0,ASK
878,1712182080.3758662,7723124.59680237,1328.0,-0.0,1367.0,ASK
879,1712182087.975828,7723128.59680237,1329.0,3.5097539195654555e-10,1367.0,BID
880,1712182110.4098196,7723128.59680237,1329.0,0.0,1367.0,BID
881,1712182128.3160117,7723414.66221958,1329.0,2.5100468774652586e-08,1367.0,BID
882,1712182128.4559948,7724304.29187358,1329.0,-7.80594927166061e-08,1367.0,ASK
883,1712182128.4762824,7724513.99187358,1327.0,-1.8399876340784082e-08,1367.0,ASK
884,1712182128.4846282,7724513.99187432,1327.0,-6.496564169766686e-17,1367.0,ASK
885,1712182140.545995,7724513.99187432,1327.0,-0.0,1367.0,ASK
886,1712182141.845894,7724611.19187432,1329.0,-8.52732074564447e-09,1367.0,ASK
887,1712182141.8658683,7724961.41412652,1329.0,-3.0724871160466376e-08,1367.0,ASK
888,1712182141.8715646,7725592.78355447,1329.0,-5.538981091734589e-08,1367.0,ASK
1088,1712182141.8715646,7725592.78355447,1329.0,-5.5389810917345894e-08,1367.0,ASK
889,1712182170.5559945,7725592.78355447,1329.0,-0.0,1367.0,ASK
890,1712182175.1558998,7725608.42591714,1329.0,-1.3721262186140004e-09,1367.0,ASK
891,1712182200.4259782,7725608.42591714,1329.0,-0.0,1367.0,ASK
892,1712182230.3943388,7725608.42591714,1329.0,-0.0,1367.0,ASK
893,1712182260.563589,7725608.42591714,1329.0,-0.0,1367.0,ASK
894,1712182267.8164103,7725840.96567618,1328.0,-2.044370674686996e-08,1367.0,ASK
895,1712182267.820557,7725856.02591714,1328.0,-1.3240193891552963e-09,1367.0,ASK
896,1712182268.9960687,7726385.59228127,1329.0,4.655676730714832e-08,1367.0,BID
897,1712182269.036038,7726477.69228127,1329.0,-8.096961135472963e-09,1367.0,ASK
898,1712182275.4962006,7726598.50651634,1329.0,-1.0621369880195883e-08,1367.0,ASK
899,1712182275.5258403,7726771.4066071,1329.0,-1.5200492021627555e-08,1367.0,ASK
900,1712182280.6965146,7726832.1066071,1329.0,-5.336433669074214e-09,1367.0,ASK
901,1712182287.0461776,7727054.0259171,1329.0,-1.9510011164694943e-08,1367.0,ASK
902,1712182289.5061903,7727054.02591714,1329.0,-3.520716131615516e-18,1367.0,ASK
903,1712182290.5463042,7727054.02591714,1329.0,-0.0,1367.0,ASK
904,1712182320.387302,7727054.02591714,1329.0,-0.0,1367.0,ASK
905,1712182350.399887,7727054.02591714,1329.0,-0.0,1367.0,ASK
906,1712182377.723204,7727208.00756546,1329.0,1.3534993486778768e-08,1367.0,BID
907,1712182377.734995,7727806.02139206,1330.0,5.2565440988136324e-08,1367.0,BID
908,1712182380.5408802,7727806.02139206,1330.0,0.0,1367.0,BID
909,1712182410.593712,7727806.02139206,1330.0,0.0,1367.0,BID
910,1712182440.3934114,7727806.02139206,1330.0,0.0,1367.0,BID
911,1712182448.313135,7728197.22082815,1330.0,3.4383424894004015e-08,1367.0,BID
912,1712182458.4330518,7728476.82082815,1329.0,-2.45746918667339e-08,1367.0,ASK
1113,1712182458.820278,7728552.00879808,1330.0,6.608444896659974e-09,1367.0,BID
913,1712182458.820278,7728552.00879808,1330.0,6.6084448966599744e-09,1367.0,BID
914,1712182465.0526671,7728635.23731577,1329.0,-7.315147270300561e-09,1367.0,ASK
915,1712182465.060624,7728649.20879808,1329.0,-1.2279859537849e-09,1367.0,ASK
916,1712182470.372053,7728649.20879808,1329.0,-0.0,1367.0,ASK
917,1712182471.972319,7728664.24639206,1330.0,1.321558761986907e-09,1367.0,BID
918,1712182473.542674,7728794.64639206,1329.0,-1.1460028964016496e-08,1367.0,ASK
919,1712182500.4326377,7728794.64639206,1329.0,-0.0,1367.0,ASK
920,1712182520.3420093,7728885.23307379,1329.0,-7.986332728938953e-09,1367.0,ASK
921,1712182520.3502536,7728891.74639206,1329.0,-5.74229300425875e-10,1367.0,ASK
922,1712182530.3906698,7728891.74639206,1329.0,-0.0,1367.0,ASK
923,1712182560.5584514,7728891.74639206,1329.0,-0.0,1367.0,ASK
924,1712182564.2306778,7728966.2387171,1329.0,-6.567342062172345e-09,1367.0,ASK
925,1712182564.2407506,7729477.18195686,1328.0,-4.50454329097579e-08,1367.0,ASK
926,1712182564.2465518,7729614.28974466,1329.0,-1.2087604211468072e-08,1367.0,ASK
927,1712182585.8103757,7729717.44012059,1330.0,9.093873794539417e-09,1367.0,BID
928,1712182590.554498,7729717.44012059,1330.0,0.0,1367.0,BID
929,1712182597.310141,7729762.26131901,1330.0,3.951114128543972e-09,1367.0,BID
930,1712182614.3102396,7731512.26131901,1330.0,1.542673995507861e-07,1367.0,BID
931,1712182614.3190126,7734160.33204973,1330.0,2.334348488313281e-07,1367.0,BID
932,1712182614.9126978,7734252.61204973,1330.0,-8.134740360253197e-09,1367.0,ASK
933,1712182615.524328,7734317.61204973,1330.0,-5.7299319833149114e-09,1367.0,ASK
934,1712182616.539842,7734324.61204973,1330.0,-6.170695982031442e-10,1367.0,ASK
935,1712182620.3684108,7734324.61204973,1330.0,-0.0,1367.0,ASK
936,1712182636.019711,7735574.36083536,1330.0,-1.1010937778190216e-07,1367.0,ASK
937,1712182637.609563,7735679.56083536,1330.0,-9.268667972121606e-09,1367.0,ASK
938,1712182637.7095416,7735831.43845486,1330.0,-1.3381209387397458e-08,1367.0,ASK
939,1712182650.3975344,7735831.43845486,1330.0,-0.0,1367.0,ASK
940,1712182658.9792366,7736287.13845486,1330.0,-4.014245573226264e-08,1367.0,ASK
941,1712182680.5430791,7736287.13845486,1330.0,-0.0,1367.0,ASK
942,1712182680.7024653,7737281.47013565,1330.0,-8.758565845294514e-08,1367.0,ASK
943,1712182680.713076,7737431.84607486,1330.0,-1.3245857399137005e-08,1367.0,ASK
944,1712182710.5486426,7737431.84607486,1330.0,-0.0,1367.0,ASK
945,1712182740.3780763,7737431.84607486,1330.0,-0.0,1367.0,ASK
946,1712182761.5805695,7737507.09061964,1329.0,-6.627023398177546e-09,1367.0,ASK
947,1712182761.5897434,7737675.1146979,1329.0,-1.4798408327472049e-08,1367.0,ASK
948,1712182761.5946076,7737742.83443689,1328.0,-5.964290117150071e-09,1367.0,ASK
949,1712182761.5986247,7737742.83443753,1330.0,-5.635083451164215e-17,1367.0,ASK
950,1712182761.6026726,7739413.49262848,1328.0,-1.4714011433039798e-07,1367.0,ASK
951,1712182770.3897674,7739413.49262848,1328.0,-0.0,1367.0,ASK
952,1712182800.454044,7739413.49262848,1328.0,-0.0,1367.0,ASK
953,1712182830.370314,7739413.49262848,1328.0,-0.0,1367.0,ASK
954,1712182841.7777283,7739593.5364437,1328.0,-1.5936310325460082e-08,1367.0,ASK
955,1712182841.7858777,7739608.06656418,1328.0,-1.286111987523398e-09,1367.0,ASK
956,1712182841.7919986,7739653.59262848,1328.0,-4.029671820138246e-09,1367.0,ASK
957,1712182845.706938,7739654.4679196,1328.0,-7.747509071928457e-11,1367.0,ASK
958,1712182845.7133808,7740749.89262848,1328.0,-9.6959887667188e-08,1367.0,ASK
959,1712182855.191697,7740867.90417918,1328.0,-1.044561676085866e-08,1367.0,ASK
960,1712182860.406861,7740867.90417918,1328.0,-0.0,1367.0,ASK
961,1712182875.937203,7741606.40962945,1328.0,-6.535653736773178e-08,1367.0,ASK
962,1712182875.9766328,7741764.20962945,1328.0,-1.3965044662626937e-08,1367.0,ASK
963,1712182876.056447,7742318.87557984,1328.0,-4.9087039100367744e-08,1367.0,ASK
964,1712182876.196437,7743036.92527036,1328.0,-6.354623572949647e-08,1367.0,ASK
965,1712182876.297669,7743071.88762823,1328.0,-3.094112098669869e-09,1367.0,ASK
966,1712182876.3053727,7743498.96451636,1328.0,-3.779561354321209e-08,1367.0,ASK
967,1712182876.3563166,7743965.49815288,1328.0,-4.128747193043636e-08,1367.0,ASK
968,1712182876.6166372,7744217.01420667,1328.0,-2.225876378043307e-08,1367.0,ASK
969,1712182890.393591,7744217.01420667,1328.0,-0.0,1367.0,ASK
970,1712182899.8164306,7744220.7764339,1329.0,3.3282002185453224e-10,1367.0,BID
971,1712182920.548774,7744220.7764339,1329.0,0.0,1367.0,BID
972,1712182950.539176,7744220.7764339,1329.0,0.0,1367.0,BID
973,1712182961.425603,7744521.60419909,1329.0,-2.661228389054801e-08,1367.0,ASK
1173,1712182961.425603,7744521.60419909,1329.0,-2.6612283890548012e-08,1367.0,ASK
974,1712182980.34994,7744521.60419909,1329.0,-0.0,1367.0,ASK
975,1712183010.3797364,7744521.60419909,1329.0,-0.0,1367.0,ASK
976,1712183027.175301,7744529.12865356,1329.0,6.65616208859794e-10,1367.0,BID
977,1712183030.6051464,7744536.65310803,1329.0,6.65616208859794e-10,1367.0,BID
978,1712183032.2351046,7744544.1775625,1329.0,6.65616208942179e-10,1367.0,BID
979,1712183040.5401518,7744544.1775625,1329.0,0.0,1367.0,BID
980,1712183070.5346863,7744544.1775625,1329.0,0.0,1367.0,BID
981,1712183100.3815532,7744544.1775625,1329.0,0.0,1367.0,BID
982,1712183113.1917863,7744596.99915776,1329.0,4.686558589963699e-09,1367.0,BID
983,1712183113.1982543,7744644.1775625,1329.0,4.185870511998329e-09,1367.0,BID
984,1712183130.3896458,7744644.1775625,1329.0,0.0,1367.0,BID
985,1712183160.444764,7744644.1775625,1329.0,0.0,1367.0,BID
986,1712183190.3351371,7744644.1775625,1329.0,0.0,1367.0,BID
1187,1712183203.8147264,7745070.55024792,1329.0,3.782916816290944e-08,1367.0,BID
987,1712183203.8147264,7745070.55024792,1329.0,3.7829168162909444e-08,1367.0,BID
988,1712183203.8839765,7745190.0694625,1329.0,1.0604132538631384e-08,1367.0,BID
989,1712183203.8910773,7745713.83585204,1329.0,4.64702536198213e-08,1367.0,BID
990,1712183204.9485204,7745713.83585205,1329.0,9.089295689714945e-19,1367.0,BID
991,1712183216.8241754,7745818.07231821,1330.0,9.248197508705497e-09,1367.0,BID
992,1712183220.5423348,7745818.07231821,1330.0,0.0,1367.0,BID
993,1712183243.3133051,7746569.20051351,1330.0,6.663330693632378e-08,1367.0,BID
994,1712183250.5475504,7746569.20051351,1330.0,0.0,1367.0,BID
995,1712183262.8036344,7746784.44666012,1330.0,1.9093001281866864e-08,1367.0,BID
996,1712183262.8107991,7747538.59447306,1330.0,6.689525171975624e-08,1367.0,BID
997,1712183277.077887,7747910.07808014,1332.0,3.295174895288023e-08,1367.0,BID
998,1712183277.0860715,7747913.96984843,1332.0,3.4521192650743765e-10,1367.0,BID
999,1712183280.3878088,7747913.96984843,1332.0,0.0,1367.0,BID
1000,1712183310.35716,7747913.96984843,1332.0,0.0,1367.0,BID
1201,1712183320.7828712,7747929.00744241,1330.0,-1.333669584892571e-09,1367.0,ASK
1202,1712183320.7854085,7748183.49784763,1330.0,-2.2570506527345242e-08,1367.0,ASK
1203,1712183336.4528258,7748426.07304691,1330.0,-2.151375850101403e-08,1367.0,ASK
1204,1712183340.542871,7748426.07304691,1330.0,-0.0,1367.0,ASK
1205,1712183366.4626205,7748433.89447548,1330.0,-6.9363299343395e-10,1367.0,ASK
1206,1712183369.7925894,7748441.70213889,1331.0,6.924122485218694e-10,1367.0,BID
1207,1712183370.5227566,7748441.70213889,1331.0,0.0,1367.0,BID
1208,1712183371.862895,7748456.7284349,1331.0,1.3325846253922106e-09,1367.0,BID
1209,1712183374.1027076,7748474.58559537,1331.0,1.583635613185261e-09,1367.0,BID
1210,1712183398.6124363,7748692.90327473,1330.0,-1.9361177416417412e-08,1367.0,ASK
1211,1712183400.6225398,7748692.90327473,1330.0,-0.0,1367.0,ASK
1212,1712183430.5229738,7748692.90327473,1330.0,-0.0,1367.0,ASK
1213,1712183432.3837895,7748946.65369375,1330.0,-2.253582736097404e-08,1367.0,ASK
1214,1712183432.3869612,7749643.61172173,1330.0,-6.189753639456269e-08,1367.0,ASK
1215,1712183432.5023174,7750443.94422845,1330.0,-7.10783267767342e-08,1367.0,ASK
1216,1712183432.512439,7751765.58950829,1330.0,-1.1737663320515897e-07,1367.0,ASK
1217,1712183449.5423715,7751765.5895083,1328.0,-8.271168512742877e-19,1367.0,ASK
1218,1712183449.545586,7751918.49588471,1328.0,-1.3579767530970162e-08,1367.0,ASK
1219,1712183449.5518522,7752127.38745097,1328.0,-1.85518679834304e-08,1367.0,ASK
1220,1712183460.392099,7752127.38745097,1328.0,-0.0,1367.0,ASK
1221,1712183490.3850346,7752127.38745097,1328.0,-0.0,1367.0,ASK
1222,1712183520.53659,7752127.38745097,1328.0,-0.0,1367.0,ASK
1223,1712183550.534356,7752127.38745097,1328.0,-0.0,1367.0,ASK
1224,1712183580.4025598,7752127.38745097,1328.0,-0.0,1367.0,ASK
1225,1712183610.3537283,7752127.38745097,1328.0,-0.0,1367.0,ASK
1226,1712183621.8810737,7752220.43673008,1328.0,-8.260448583364399e-09,1367.0,ASK
1227,1712183623.5610988,7752242.76238664,1329.0,-1.981959880410058e-09,1367.0,ASK
1228,1712183640.526679,7752242.76238664,1329.0,-0.0,1367.0,ASK
1229,1712183656.669817,7752329.91755905,1328.0,-7.737094080498628e-09,1367.0,ASK
1230,1712183660.3307598,7752456.03993546,1328.0,-1.1196360066242052e-08,1367.0,ASK
1231,1712183670.5208669,7752456.03993546,1328.0,-0.0,1367.0,ASK
1232,1712183688.7915394,7752827.08526482,1328.0,-3.2938268161954314e-08,1367.0,ASK
1233,1712183688.7951398,7752834.6153853,1328.0,-6.68460449525578e-10,1367.0,ASK
1234,1712183700.3651776,7752834.6153853,1328.0,-0.0,1367.0,ASK
1235,1712183730.3913906,7752834.6153853,1328.0,-0.0,1367.0,ASK
1236,1712183730.6116364,7752844.6153853,1328.0,-8.90025107247526e-10,1367.0,ASK
1237,1712183760.530594,7752844.6153853,1328.0,-0.0,1367.0,ASK
1238,1712183763.400733,7753090.98087271,1327.0,-2.1927121018644605e-08,1367.0,ASK
1239,1712183773.5008547,7753185.42646104,1327.0,-8.405884552865873e-09,1367.0,ASK
1240,1712183779.2210689,7753189.61259517,1327.0,-3.7257600741199607e-10,1367.0,ASK
1241,1712183779.2239463,7753264.97054543,1327.0,-6.707038848797936e-09,1367.0,ASK
1242,1712183779.2267442,7753280.04213548,1327.0,-1.341407769593807e-09,1367.0,ASK
1243,1712183779.2295222,7754368.45295917,1327.0,-9.68711815111692e-08,1367.0,ASK
1244,1712183790.5277915,7754368.45295917,1327.0,-0.0,1367.0,ASK
1245,1712183792.120715,7754750.58149557,1327.0,3.4004239059417e-08,1367.0,BID
1246,1712183793.7103808,7755449.45323307,1327.0,-6.219007315619755e-08,1367.0,ASK
1247,1712183797.9403925,7756201.71264553,1328.0,6.694084963386584e-08,1367.0,BID
1248,1712183799.0404992,7756381.68507434,1327.0,-1.6015096781314145e-08,1367.0,ASK
1249,1712183812.5728345,7757103.50723072,1327.0,-6.42323480866903e-08,1367.0,ASK
1250,1712183820.3928928,7757103.50723072,1327.0,-0.0,1367.0,ASK
1251,1712183820.5441608,7757194.6928086,1327.0,-8.111655063087543e-09,1367.0,ASK
1252,1712183834.7500803,7757418.76069539,1327.0,-1.9932553487105904e-08,1367.0,ASK
1253,1712183835.0303252,7757434.5729914,1327.0,-1.4066247532417555e-09,1367.0,ASK
1254,1712183835.033435,7757524.46257509,1327.0,-7.996366460641427e-09,1367.0,ASK
1255,1712183836.330151,7757694.85884849,1327.0,-1.5158052687497987e-08,1367.0,ASK
1256,1712183836.4299903,7757876.22220625,1327.0,-1.6133658780548184e-08,1367.0,ASK
1257,1712183845.490368,7757984.95062809,1327.0,-9.672225301614845e-09,1367.0,ASK
1258,1712183850.371444,7757984.95062809,1327.0,-0.0,1367.0,ASK
1259,1712183870.01063,7759150.13028209,1328.0,1.0364086420874394e-07,1367.0,BID
1260,1712183870.0302565,7759652.89012424,1328.0,4.471968279824949e-08,1367.0,BID
1261,1712183880.5498,7759652.89012424,1328.0,0.0,1367.0,BID
1262,1712183899.7302508,7759952.89012424,1328.0,-2.6679263132016184e-08,1367.0,ASK
1263,1712183910.533489,7759952.89012424,1328.0,-0.0,1367.0,ASK
1264,1712183921.3897588,7760254.04343701,1328.0,2.678087940000309e-08,1367.0,BID
1265,1712183921.490976,7760360.54567471,1328.0,-9.471001854305269e-09,1367.0,ASK
1266,1712183922.690121,7760523.40473077,1328.0,-1.4482685577766558e-08,1367.0,ASK
1267,1712183940.400961,7760523.40473077,1328.0,-0.0,1367.0,ASK
1268,1712183944.219803,7761002.02187097,1328.0,-4.255946662463765e-08,1367.0,ASK
1269,1712183944.3602307,7761362.59631133,1328.0,-3.206290492185368e-08,1367.0,ASK
1270,1712183964.639698,7761661.21709433,1329.0,2.6553878204637524e-08,1367.0,BID
1271,1712183964.6495037,7761661.21709507,1329.0,6.57549666097588e-17,1367.0,BID
1272,1712183970.3800066,7761661.21709507,1329.0,0.0,1367.0,BID
1273,1712184000.3950982,7761661.21709507,1329.0,0.0,1367.0,BID
1274,1712184030.3605273,7761661.21709507,1329.0,0.0,1367.0,BID
1275,1712184057.0123167,7761665.73176775,1329.0,4.030723513478591e-10,1367.0,BID
1276,1712184060.5441368,7761665.73176775,1329.0,0.0,1367.0,BID
1277,1712184090.5317965,7761665.73176775,1329.0,0.0,1367.0,BID
1278,1712184109.479324,7763532.38867114,1329.0,1.666560207939897e-07,1367.0,BID
1279,1712184109.4825516,7763666.17924905,1329.0,1.1944886761837408e-08,1367.0,BID
1280,1712184120.3523264,7763666.17924905,1329.0,0.0,1367.0,BID
1281,1712184150.3820574,7763666.17924905,1329.0,0.0,1367.0,BID
1282,1712184156.0192575,7764630.3408367,1329.0,8.606038017255659e-08,1367.0,BID
1283,1712184161.5387566,7765353.34158914,1329.0,6.453453489229535e-08,1367.0,BID
1284,1712184165.9928613,7765567.41985884,1329.0,1.910847467177735e-08,1367.0,BID
1285,1712184180.5387914,7765567.41985884,1329.0,0.0,1367.0,BID
1286,1712184190.859403,7765833.45381435,1329.0,-2.3740648008592763e-08,1367.0,ASK
1287,1712184190.8619006,7766099.00218444,1329.0,-2.3697314771301903e-08,1367.0,ASK
1288,1712184191.0788553,7766194.8300026,1329.0,-8.551594460967629e-09,1367.0,ASK
1289,1712184191.0814593,7766388.73293713,1329.0,-1.7303735937334126e-08,1367.0,ASK
1290,1712184191.138825,7766425.93171647,1329.0,-3.319588001334971e-09,1367.0,ASK
1291,1712184191.141163,7766675.8627857,1329.0,-2.2303639885459043e-08,1367.0,ASK
1292,1712184191.1585424,7766890.65202397,1329.0,-1.9167612239721483e-08,1367.0,ASK
1293,1712184210.5236423,7766890.65202397,1329.0,-0.0,1367.0,ASK
1294,1712184240.3753817,7766890.65202397,1329.0,-0.0,1367.0,ASK
1295,1712184270.3727982,7766890.65202397,1329.0,-0.0,1367.0,ASK
1296,1712184271.4384627,7766905.68961795,1330.0,1.3417317648313e-09,1367.0,BID
1297,1712184274.7298934,7767253.26143376,1329.0,-3.101215170936268e-08,1367.0,ASK
1298,1712184274.7332711,7767328.50597853,1329.0,-6.713706726443244e-09,1367.0,ASK
1299,1712184274.736493,7767584.46386116,1328.0,-2.2837883643750722e-08,1367.0,ASK
1300,1712184300.3910718,7767584.46386116,1328.0,-0.0,1367.0,ASK
1301,1712184330.4042175,7767584.46386116,1328.0,-0.0,1367.0,ASK
1302,1712184360.5414734,7767584.46386116,1328.0,-0.0,1367.0,ASK
1303,1712184390.5418186,7767584.46386116,1328.0,-0.0,1367.0,ASK
1304,1712184420.3819635,7767584.46386116,1328.0,-0.0,1367.0,ASK
1305,1712184450.3812408,7767584.46386116,1328.0,-0.0,1367.0,ASK
1306,1712184480.525771,7767584.46386116,1328.0,-0.0,1367.0,ASK
1307,1712184510.5153449,7767584.46386116,1328.0,-0.0,1367.0,ASK
1308,1712184514.5004785,7767830.28513141,1328.0,-2.193856423031003e-08,1367.0,ASK
1309,1712184514.504445,7770784.79196851,1328.0,-2.63677906914814e-07,1367.0,ASK
1310,1712184514.5083532,7773732.32344872,1328.0,-2.6305538423814645e-07,1367.0,ASK
1311,1712184540.3789625,7773732.32344872,1328.0,-0.0,1367.0,ASK
1312,1712184570.387542,7773732.32344872,1328.0,-0.0,1367.0,ASK
1313,1712184600.420992,7773732.32344872,1328.0,-0.0,1367.0,ASK
1314,1712184611.8102844,7773739.84224571,1330.0,6.71392007485937e-10,1367.0,BID
1315,1712184611.9902384,7774314.52742222,1330.0,5.131659158487192e-08,1367.0,BID
1316,1712184626.5103042,7774322.04057022,1331.0,6.70887580135373e-10,1367.0,BID
1317,1712184630.363376,7774322.04057022,1331.0,0.0,1367.0,BID
1318,1712184660.566089,7774322.04057022,1331.0,0.0,1367.0,BID
1319,1712184683.2605736,7774326.17280162,1331.0,3.6896232812517206e-10,1367.0,BID
1320,1712184690.5209265,7774326.17280162,1331.0,0.0,1367.0,BID
1321,1712184720.3537223,7774326.17280162,1331.0,0.0,1367.0,BID
1322,1712184750.367962,7774326.17280162,1331.0,0.0,1367.0,BID
1323,1712184760.691351,7774862.86563684,1331.0,4.79206805091168e-08,1367.0,BID
1324,1712184760.6946917,7776184.66023497,1331.0,1.180215059320909e-07,1367.0,BID
1325,1712184780.5317798,7776184.66023497,1331.0,0.0,1367.0,BID
1326,1712184794.5014656,7776514.19603887,1331.0,-2.9417372168680173e-08,1367.0,ASK
1327,1712184795.8713038,7777016.95588087,1331.0,-4.48809301099906e-08,1367.0,ASK
1328,1712184807.5913334,7777370.79823495,1331.0,-3.158719658322845e-08,1367.0,ASK
1329,1712184810.5390625,7777370.79823495,1331.0,-0.0,1367.0,ASK
1330,1712184813.2117836,7778082.74680612,1331.0,-6.354606870126698e-08,1367.0,ASK
1331,1712184813.2185433,7781212.14027295,1331.0,-2.7931884449147565e-07,1367.0,ASK
1332,1712184813.311658,7782125.82521431,1331.0,-8.155235982785512e-08,1367.0,ASK
1333,1712184813.315159,7785537.27948831,1331.0,-3.044946172315379e-07,1367.0,ASK
1334,1712184813.7714064,7785689.80413143,1330.0,1.3613822462454598e-08,1367.0,BID
1335,1712184833.0215302,7787677.01476525,1330.0,-1.773715526293268e-07,1367.0,ASK
1336,1712184840.3822243,7787677.01476525,1330.0,-0.0,1367.0,ASK
1337,1712184842.0131323,7787829.53940836,1330.0,-1.3597176902699988e-08,1367.0,ASK
1338,1712184842.3114965,7788342.34753936,1330.0,-4.57155167333617e-08,1367.0,ASK
1339,1712184842.4327705,7791698.77516736,1330.0,-2.99216830070418e-07,1367.0,ASK
1340,1712184842.554932,7792403.55495836,1330.0,-6.282929302618183e-08,1367.0,ASK
1341,1712184842.6114745,7792403.55495849,1330.0,-1.1540474367818661e-17,1367.0,ASK
1342,1712184842.6917005,7792674.20633139,1330.0,2.4127868921655723e-08,1367.0,BID
1343,1712184842.6950908,7793378.98612251,1330.0,6.282929303689206e-08,1367.0,BID
1344,1712184849.5915692,7794290.59192742,1331.0,8.1267296498051e-08,1367.0,BID
1345,1712184869.8217835,7795041.90672832,1331.0,6.697776863553767e-08,1367.0,BID
1346,1712184870.3644662,7795041.90672832,1331.0,0.0,1367.0,BID
1347,1712184900.5046096,7795041.90672832,1331.0,0.0,1367.0,BID
1348,1712184922.6618826,7798275.18742397,1331.0,2.8829201936311335e-07,1367.0,BID
1349,1712184922.6722696,7799185.55766768,1331.0,8.11721903020964e-08,1367.0,BID
1350,1712184930.541697,7799185.55766768,1331.0,0.0,1367.0,BID
1351,1712184960.368204,7799185.55766768,1331.0,0.0,1367.0,BID
1352,1712184990.3927467,7799185.55766768,1331.0,0.0,1367.0,BID
1353,1712185013.0622635,7799189.31424168,1331.0,3.3478627442417635e-10,1367.0,BID
1354,1712185020.5174844,7799189.31424168,1331.0,0.0,1367.0,BID
1355,1712185050.5635507,7799189.31424168,1331.0,0.0,1367.0,BID
1356,1712185080.373362,7799189.31424168,1331.0,0.0,1367.0,BID
1357,1712185089.7827184,7799715.23460231,1330.0,-4.687005758726485e-08,1367.0,ASK
1358,1712185108.3234563,7799920.9843383,1329.0,-1.8336430182887963e-08,1367.0,ASK
1359,1712185110.3505356,7799920.9843383,1329.0,-0.0,1367.0,ASK
1360,1712185112.223037,7800583.84652254,1329.0,-5.9069200362013294e-08,1367.0,ASK
1361,1712185123.6430666,7800850.70098684,1329.0,-2.3780025764053103e-08,1367.0,ASK
1362,1712185129.0130675,7801682.16128974,1329.0,-7.409337324233609e-08,1367.0,ASK
1363,1712185132.2930624,7809729.76268577,1329.0,-7.171405921142589e-07,1367.0,ASK
1364,1712185140.5233874,7809729.76268577,1329.0,-0.0,1367.0,ASK
1365,1712185140.8353355,7809820.12125866,1329.0,-8.042720993347941e-09,1367.0,ASK
1366,1712185140.8437085,7809910.46421193,1329.0,-8.041330707433282e-09,1367.0,ASK
1367,1712185141.8032825,7810984.95661583,1329.0,-9.563943229334677e-08,1367.0,ASK
1368,1712185141.807223,7811135.44570537,1329.0,-1.3394874675450982e-08,1367.0,ASK
1369,1712185154.8832088,7811240.78806804,1329.0,9.376412272111073e-09,1367.0,BID
1370,1712185170.5359223,7811240.78806804,1329.0,0.0,1367.0,BID
1371,1712185171.553126,7811255.83697699,1329.0,1.339248085214205e-09,1367.0,BID
1372,1712185200.5095778,7811255.83697699,1329.0,0.0,1367.0,BID
1373,1712185230.3691337,7811255.83697699,1329.0,0.0,1367.0,BID
1374,1712185239.7535431,7811264.53050108,1328.0,-7.75169056981562e-10,1367.0,ASK
1375,1712185239.7635894,7811627.89618751,1328.0,-3.2399960428644384e-08,1367.0,ASK
1376,1712185260.5288284,7811627.89618751,1328.0,-0.0,1367.0,ASK
1377,1712185263.222875,7811640.84836624,1328.0,-1.154846498852674e-09,1367.0,ASK
1378,1712185263.226643,7811786.88872768,1328.0,-1.3021299629940662e-08,1367.0,ASK
1379,1712185272.0065725,7811928.16152345,1327.0,-1.259621234259196e-08,1367.0,ASK
1380,1712185272.0083492,7811941.72951202,1327.0,-1.209753542115273e-09,1367.0,ASK
1381,1712185272.1525476,7812003.51947371,1327.0,-5.509337263731292e-09,1367.0,ASK
1382,1712185290.546417,7812003.51947371,1327.0,-0.0,1367.0,ASK
1383,1712185294.3627758,7812007.70876481,1326.0,-3.735103711907792e-10,1367.0,ASK
1384,1712185305.7251997,7812083.1235461,1326.0,6.7238590683803065e-09,1367.0,BID
1385,1712185320.3497026,7812083.1235461,1326.0,0.0,1367.0,BID
1386,1712185329.6729674,7812091.83119137,1326.0,7.76352163406467e-10,1367.0,BID
1387,1712185350.373764,7812091.83119137,1326.0,0.0,1367.0,BID
1388,1712185373.48283,7812099.37266949,1328.0,6.723788860008317e-10,1367.0,BID
1389,1712185380.54782,7812099.37266949,1328.0,0.0,1367.0,BID
1390,1712185394.9131522,7812435.56549574,1325.0,-2.9974065105185814e-08,1367.0,ASK
1391,1712185394.917035,7812854.08965063,1325.0,-3.731450907718213e-08,1367.0,ASK
1392,1712185410.547777,7812854.08965063,1325.0,-0.0,1367.0,ASK
1393,1712185440.3616672,7812854.08965063,1325.0,-0.0,1367.0,ASK
1394,1712185468.4534917,7812947.66419605,1326.0,-8.342115745793816e-09,1367.0,ASK
1395,1712185468.4574416,7812951.43778095,1326.0,-3.364128767572225e-10,1367.0,ASK
1396,1712185470.3734655,7812951.43778095,1326.0,-0.0,1367.0,ASK
1397,1712185475.8201275,7813202.13778095,1326.0,-2.2349500512841016e-08,1367.0,ASK
1398,1712185480.1329966,7813217.22073721,1326.0,-1.344621215191593e-09,1367.0,ASK
1399,1712185484.202854,7813357.69952467,1326.0,-1.2523457249247568e-08,1367.0,ASK
1400,1712185488.570622,7813612.0110485,1326.0,-2.2671462035370253e-08,1367.0,ASK
1401,1712185488.574052,7813685.48336211,1326.0,-6.549938215807657e-09,1367.0,ASK
1402,1712185495.816961,7813723.21921116,1325.0,-3.3640900586039714e-09,1367.0,ASK
1403,1712185495.8189645,7813779.84490829,1325.0,-5.048089537426007e-09,1367.0,ASK
1404,1712185497.9328225,7817133.94619529,1326.0,2.990127181248093e-07,1367.0,BID
1405,1712185498.0128503,7817133.94619603,1326.0,6.592256849232162e-17,1367.0,BID
1406,1712185500.5349953,7817133.94619603,1326.0,0.0,1367.0,BID
1407,1712185530.5430834,7817133.94619603,1326.0,0.0,1367.0,BID
1408,1712185560.3633833,7817133.94619603,1326.0,0.0,1367.0,BID
1409,1712185590.3737218,7817133.94619603,1326.0,0.0,1367.0,BID
1410,1712185620.5533414,7817133.94619603,1326.0,0.0,1367.0,BID
1411,1712185650.5446892,7817133.94619603,1326.0,0.0,1367.0,BID
1412,1712185680.3935206,7817133.94619603,1326.0,0.0,1367.0,BID
1413,1712185710.374208,7817133.94619603,1326.0,0.0,1367.0,BID
1414,1712185720.9838736,7817134.92319603,1326.0,-8.724097019539573e-11,1367.0,ASK
1415,1712185720.988601,7817142.92319603,1326.0,-7.14357995491402e-10,1367.0,ASK
1416,1712185723.8535433,7817150.4476505,1329.0,6.718942765259158e-10,1367.0,BID
1417,1712185740.531144,7817150.4476505,1329.0,0.0,1367.0,BID
1418,1712185770.5261607,7817150.4476505,1329.0,0.0,1367.0,BID
1419,1712185800.421187,7817150.4476505,1329.0,0.0,1367.0,BID
1420,1712185830.3774471,7817150.4476505,1329.0,0.0,1367.0,BID
1421,1712185860.5435493,7817150.4476505,1329.0,0.0,1367.0,BID
1422,1712185866.6834135,7817180.61356301,1326.0,-2.6991025234980244e-09,1367.0,ASK
1423,1712185866.6872904,7819501.1652789,1326.0,-2.076319418553654e-07,1367.0,ASK
1424,1712185866.763635,7819815.88994664,1326.0,2.8160067911855032e-08,1367.0,BID
1425,1712185866.7677124,7820929.47674482,1326.0,9.963845569458392e-08,1367.0,BID
1426,1712185874.2635176,7820959.57456272,1329.0,2.6930097413133027e-09,1367.0,BID
1427,1712185890.5435095,7820959.57456272,1329.0,0.0,1367.0,BID
1428,1712185892.4533892,7821009.57456272,1329.0,4.4717414804714335e-09,1367.0,BID
1429,1712185899.9134612,7821011.09865142,1329.0,1.3630661322116004e-10,1367.0,BID
1430,1712185899.9933274,7821047.1968351,1329.0,-3.228434906576498e-09,1367.0,ASK
1431,1712185920.3585515,7821047.1968351,1329.0,-0.0,1367.0,ASK
1432,1712185950.3851388,7821047.1968351,1329.0,-0.0,1367.0,ASK
1433,1712185970.5834272,7821104.2683373,1329.0,5.104126916961779e-09,1367.0,BID
1434,1712185970.6432705,7821423.41955895,1329.0,-2.8542937862151108e-08,1367.0,ASK
1435,1712185971.4234664,7821489.41955895,1326.0,-5.902637280108993e-09,1367.0,ASK
1436,1712185980.5485168,7821489.41955895,1326.0,-0.0,1367.0,ASK
1437,1712186010.5244122,7821489.41955895,1326.0,-0.0,1367.0,ASK
1438,1712186027.7234635,7822507.49156604,1326.0,-9.10453643518996e-08,1367.0,ASK
1439,1712186040.3973048,7822507.49156604,1326.0,-0.0,1367.0,ASK
1440,1712186048.1336312,7822515.01036303,1330.0,6.72318827574232e-10,1367.0,BID
1441,1712186070.398606,7822515.01036303,1330.0,0.0,1367.0,BID
1442,1712186100.398463,7822515.01036303,1330.0,0.0,1367.0,BID
1443,1712186130.42325,7822515.01036303,1330.0,0.0,1367.0,BID
1444,1712186160.5341518,7822515.01036303,1330.0,0.0,1367.0,BID
1445,1712186183.919422,7822530.04795701,1330.0,1.350443964942168e-09,1367.0,BID
1446,1712186190.557006,7822530.04795701,1330.0,0.0,1367.0,BID
1447,1712186204.1686468,7822730.04795701,1329.0,1.7960872481036383e-08,1367.0,BID
1448,1712186220.3632364,7822730.04795701,1329.0,0.0,1367.0,BID
1449,1712186250.363436,7822730.04795701,1329.0,0.0,1367.0,BID
1450,1712186263.713436,7822859.02633301,1329.0,1.1582544345424677e-08,1367.0,BID
1451,1712186263.8334231,7822859.02633392,1329.0,8.171123246965649e-17,1367.0,BID
1452,1712186263.8368,7822864.02633301,1330.0,4.490110124200725e-10,1367.0,BID
1453,1712186280.518784,7822864.02633301,1330.0,0.0,1367.0,BID
1454,1712186310.5542538,7822864.02633301,1330.0,0.0,1367.0,BID
1455,1712186340.404401,7822864.02633301,1330.0,0.0,1367.0,BID
1456,1712186370.3842611,7822864.02633301,1330.0,0.0,1367.0,BID
1457,1712186400.4669466,7822864.02633301,1330.0,0.0,1367.0,BID
1458,1712186410.4550266,7822871.54513,1330.0,6.778033056545121e-10,1367.0,BID
1459,1712186417.598986,7822909.15810062,1328.0,-3.3907280450774032e-09,1367.0,ASK
1460,1712186417.6024106,7823002.45853361,1328.0,-8.410832474752667e-09,1367.0,ASK
1461,1712186430.384007,7823002.45853361,1328.0,-0.0,1367.0,ASK
1462,1712186460.5456429,7823002.45853361,1328.0,-0.0,1367.0,ASK
1463,1712186470.53485,7823755.47058181,1328.0,-6.788128433286384e-08,1367.0,ASK
1464,1712186490.5453289,7823755.47058181,1328.0,-0.0,1367.0,ASK
1465,1712186493.740489,7823759.2299803,1330.0,3.3886548803389204e-10,1367.0,BID
1466,1712186520.387914,7823759.2299803,1330.0,0.0,1367.0,BID
1467,1712186550.3930311,7823759.2299803,1330.0,0.0,1367.0,BID
1468,1712186580.5725994,7823759.2299803,1330.0,0.0,1367.0,BID
1469,1712186610.5431852,7823759.2299803,1330.0,0.0,1367.0,BID
1470,1712186640.3814795,7823759.2299803,1330.0,0.0,1367.0,BID
1471,1712186652.6684637,7823984.96361461,1329.0,-2.0347218811949293e-08,1367.0,ASK
1472,1712186662.5187645,7824152.42722758,1329.0,-1.5094865178409435e-08,1367.0,ASK
1473,1712186668.325445,7824491.72662209,1329.0,-3.0583829671460043e-08,1367.0,ASK
1474,1712186670.395719,7824491.72662209,1329.0,-0.0,1367.0,ASK
1475,1712186673.0193875,7824723.50029059,1329.0,-2.088982344763663e-08,1367.0,ASK
1476,1712186681.2892523,7825065.77030155,1328.0,-3.0848888687902334e-08,1367.0,ASK
1477,1712186681.2927537,7825749.66730311,1328.0,-6.163982177689265e-08,1367.0,ASK
1478,1712186682.0487783,7825882.60170011,1328.0,-1.1981413166690366e-08,1367.0,ASK
1479,1712186683.8090434,7828362.10570011,1328.0,-2.234783663424223e-07,1367.0,ASK
1480,1712186686.0395415,7828796.39506673,1328.0,-3.914261810912909e-08,1367.0,ASK
1481,1712186686.0416317,7830841.60970011,1328.0,-1.843357482332932e-07,1367.0,ASK
1482,1712186688.2720263,7831240.04425649,1328.0,-3.59110143618082e-08,1367.0,ASK
1483,1712186688.276383,7833321.11370011,1328.0,-1.87567351980698e-07,1367.0,ASK
1484,1712186688.3713334,7835782.47063352,1328.0,-2.218427663209967e-07,1367.0,ASK
1485,1712186700.550049,7835782.47063352,1328.0,-0.0,1367.0,ASK
1486,1712186707.439499,7836151.74984933,1328.0,3.35673611240471e-08,1367.0,BID
1487,1712186730.5550652,7836151.74984933,1328.0,0.0,1367.0,BID
1488,1712186750.3401227,7836205.12259029,1328.0,4.8513486074978845e-09,1367.0,BID
1489,1712186760.4012363,7836205.12259029,1328.0,0.0,1367.0,BID
1490,1712186775.1100452,7836220.18283125,1328.0,1.3689011841054006e-09,1367.0,BID
1491,1712186779.840139,7836235.24307221,1328.0,1.3689011841054006e-09,1367.0,BID
1492,1712186790.394801,7836235.24307221,1328.0,0.0,1367.0,BID
1493,1712186820.5767584,7836235.24307221,1328.0,0.0,1367.0,BID
1494,1712186827.267937,7836310.50664524,1328.0,6.841060506715187e-09,1367.0,BID
1495,1712186831.9408298,7836402.37730506,1326.0,-8.350556814098219e-09,1367.0,ASK
1496,1712186850.5490437,7836402.37730506,1326.0,-0.0,1367.0,ASK
1497,1712186864.2945588,7836772.19979026,1326.0,-3.361422928075575e-08,1367.0,ASK
1498,1712186880.3974328,7836772.19979026,1326.0,-0.0,1367.0,ASK
1499,1712186882.3313985,7836991.00701917,1328.0,1.9887131901592232e-08,1367.0,BID
1500,1712186894.7415142,7837365.87140317,1326.0,-3.4070983335262244e-08,1367.0,ASK
1501,1712186910.3905053,7837365.87140317,1326.0,-0.0,1367.0,ASK
1502,1712186916.21215,7837399.87140317,1326.0,-3.08999883691659e-09,1367.0,ASK
1503,1712186940.423763,7837399.87140317,1326.0,-0.0,1367.0,ASK
1504,1712186953.5826018,7837507.30562665,1326.0,-9.763831335450493e-09,1367.0,ASK
1505,1712186961.6224132,7837894.88051352,1326.0,-3.5223560078483966e-08,1367.0,ASK
1506,1712186969.4926467,7838087.39959782,1326.0,-1.7496509092379918e-08,1367.0,ASK
1507,1712186970.429565,7838087.39959782,1326.0,-0.0,1367.0,ASK
1508,1712186970.8027802,7838231.05419646,1326.0,-1.3054527912499449e-08,1367.0,ASK
1509,1712186974.035498,7838238.59567458,1327.0,6.85327428068188e-10,1367.0,BID
1510,1712186975.092675,7838246.1314696,1327.0,6.848109796820122e-10,1367.0,BID
1511,1712186988.28297,7838353.4044696,1326.0,-9.748371343578361e-09,1367.0,ASK
1512,1712186997.353148,7838428.76241986,1327.0,6.848109802321298e-09,1367.0,BID
1513,1712187000.4774847,7838428.76241986,1327.0,0.0,1367.0,BID
1514,1712187018.2630396,7838655.00676376,1326.0,-2.084455928718212e-08,1367.0,ASK
1515,1712187019.5530102,7838746.01930078,1326.0,-8.385253708853567e-09,1367.0,ASK
1516,1712187021.663136,7842439.49526478,1326.0,-3.402908438734615e-07,1367.0,ASK
1517,1712187024.2733312,7842880.20841994,1326.0,-4.0604203990367624e-08,1367.0,ASK
1518,1712187030.4131317,7842880.20841994,1326.0,-0.0,1367.0,ASK
1519,1712187033.483329,7842977.57332029,1326.0,-8.965639950640639e-09,1367.0,ASK
