,time,acc_trade_volume,trade_price,dev,high,ask_bid
0,1712173460.313424,73462214.43902987,1298.0,0.0,1374.0,ASK
1,1712173469.3723607,73462251.2869333,1298.0,-3.641636120730927e-10,1374.0,ASK
2,1712173470.9624364,73462251.2869333,1298.0,-0.0,1374.0,ASK
3,1712173500.712654,73462251.2869333,1298.0,-0.0,1374.0,ASK
4,1712173530.6733532,73462251.2869333,1298.0,-0.0,1374.0,ASK
5,1712173560.9822276,73462251.2869333,1298.0,-0.0,1374.0,ASK
6,1712173590.9735296,73462251.2869333,1298.0,-0.0,1374.0,ASK
7,1712173595.9924564,73462279.97457378,1302.0,2.83696184573331e-10,1374.0,BID
8,1712173595.9940372,73463240.80997477,1302.0,9.501838867525335e-09,1374.0,BID
9,1712173605.902347,73467739.7296183,1302.0,4.4490460578634144e-08,1374.0,BID
10,1712173605.982254,73467837.89541829,1302.0,-9.70775652978759e-10,1374.0,ASK
11,1712173620.6834922,73467837.89541829,1302.0,-0.0,1374.0,ASK
12,1712173621.1620133,73467841.73655413,1303.0,3.798281024670549e-11,1374.0,BID
13,1712173621.5222366,73468516.55889718,1302.0,-6.672934788930169e-09,1374.0,ASK
14,1712173621.5234182,73468516.5589355,1302.0,-3.788345818848479e-16,1374.0,ASK
15,1712173639.422152,73468588.02246077,1299.0,-7.066622036053936e-10,1374.0,ASK
16,1712173650.6821854,73468588.02246077,1299.0,-0.0,1374.0,ASK
17,1712173651.9221168,73468606.87527592,1299.0,-1.8642297886055755e-10,1374.0,ASK
18,1712173680.5837731,73468611.33292823,1300.0,-4.4078765634543976e-11,1374.0,ASK
19,1712173680.9619296,73468611.33292823,1300.0,-0.0,1374.0,ASK
20,1712173688.633348,73468621.33292823,1305.0,9.888333468397108e-11,1374.0,BID
21,1712173688.635004,73474380.22797485,1304.0,5.694587463049431e-08,1374.0,BID
22,1712173688.6435244,73476298.87724575,1305.0,1.897224379962584e-08,1374.0,BID
23,1712173688.6448858,73476395.03610992,1303.0,9.508509148583564e-10,1374.0,BID
24,1712173688.646185,73489373.43008083,1305.0,1.2833468746856033e-07,1374.0,BID
25,1712173688.6474743,73489473.43008083,1304.0,9.88833346839711e-10,1374.0,BID
26,1712173688.6487503,73490048.43008083,1305.0,5.685791744328338e-09,1374.0,BID
27,1712173688.6500323,73495427.43008083,1304.0,5.3189345726508055e-08,1374.0,BID
28,1712173688.6513278,73500446.23653954,1305.0,4.962763187708573e-08,1374.0,BID
29,1712173710.982205,73500446.23653954,1305.0,0.0,1374.0,BID
30,1712173720.4322665,73501978.80358934,1305.0,1.5148312740100277e-08,1374.0,BID
31,1712173726.7527082,73502360.47849973,1305.0,3.7725794171662295e-09,1374.0,BID
32,1712173726.754602,73502745.08711424,1305.0,3.801576952883908e-09,1374.0,BID
33,1712173728.031979,73502751.80329637,1305.0,6.638458480590955e-11,1374.0,BID
34,1712173740.6523426,73502751.80329637,1305.0,0.0,1374.0,BID
35,1712173747.6848476,73504751.80329637,1302.0,-1.97679602375766e-08,1374.0,ASK
36,1712173765.642031,73506377.05386811,1302.0,-1.6063944339153705e-08,1374.0,ASK
37,1712173770.683808,73506377.05386811,1302.0,-0.0,1374.0,ASK
38,1712173794.341885,73506382.4302122,1303.0,-5.3137199028159466e-11,1374.0,ASK
39,1712173800.6937065,73506382.4302122,1303.0,-0.0,1374.0,ASK
40,1712173802.1170204,73506612.84495875,1303.0,-2.2788935366123023e-09,1374.0,ASK
41,1712173829.0722132,73507097.84495875,1302.0,-4.796843005029391e-09,1374.0,ASK
42,1712173830.6219912,73507097.84495875,1302.0,-0.0,1374.0,ASK
43,1712173835.2119174,73507582.84495875,1302.0,-4.796798803066282e-09,1374.0,ASK
44,1712173838.362156,73507598.20594186,1302.0,-1.5192483580382678e-10,1374.0,ASK
45,1712173838.363966,73509438.87528767,1302.0,-1.8204784566653703e-08,1374.0,ASK
46,1712173856.9519389,73510496.68432476,1302.0,1.0462055923676041e-08,1374.0,BID
47,1712173860.9918258,73510496.68432476,1302.0,0.0,1374.0,BID
48,1712173882.3621652,73510981.68432476,1301.0,-4.7965888685332764e-09,1374.0,ASK
49,1712173886.3147445,73510988.40050688,1301.0,-6.642219470569909e-11,1374.0,ASK
50,1712173890.9722924,73510988.40050688,1301.0,-0.0,1374.0,ASK
51,1712173891.2516022,73511288.40050688,1301.0,-2.966943415531084e-09,1374.0,ASK
52,1712173896.8166106,73511450.28976646,1301.0,-1.601054242488606e-09,1374.0,ASK
53,1712173901.4119794,73511935.28976646,1300.0,-4.796558521775254e-09,1374.0,ASK
54,1712173920.6524274,73511935.28976646,1300.0,-0.0,1374.0,ASK
55,1712173928.4026148,73513156.3092567,1300.0,-1.2075505394594642e-08,1374.0,ASK
56,1712173930.2720227,73513193.24536364,1300.0,-3.652866822480029e-10,1374.0,ASK
57,1712173949.161887,73514142.03660508,1301.0,9.383252147800056e-09,1374.0,BID
58,1712173950.6618023,73514142.03660508,1301.0,0.0,1374.0,BID
59,1712173977.382002,73514853.44781081,1302.0,7.035437288345948e-09,1374.0,BID
60,1712173980.963905,73514853.44781081,1302.0,0.0,1374.0,BID
61,1712173988.7518167,73514884.14619915,1303.0,3.0358617618923985e-10,1374.0,BID
62,1712173988.7533178,73515391.8898676,1303.0,5.021239457002932e-09,1374.0,BID
63,1712174003.6819265,73515525.31381235,1303.0,1.319472043615243e-09,1374.0,BID
64,1712174010.9815066,73515525.31381235,1303.0,0.0,1374.0,BID
65,1712174040.651592,73515525.31381235,1303.0,0.0,1374.0,BID
66,1712174041.9218464,73515540.6630065,1303.0,1.5179177380695926e-10,1374.0,BID
67,1712174052.8219633,73515726.51094721,1303.0,1.837893787512437e-09,1374.0,BID
68,1712174052.8239996,73518246.02179392,1303.0,2.4916032510011332e-08,1374.0,BID
69,1712174065.5514553,73518455.62125668,1303.0,2.0727781486244075e-09,1374.0,BID
70,1712174070.6818988,73518455.62125668,1303.0,0.0,1374.0,BID
71,1712174087.3520665,73518644.25026666,1302.0,1.8653259996245834e-09,1374.0,BID
72,1712174097.972378,73518679.96402529,1301.0,-3.5316838343012005e-10,1374.0,ASK
73,1712174097.9746227,73518779.83722474,1301.0,-9.876321548777603e-10,1374.0,ASK
74,1712174097.9764314,73519089.56610063,1300.0,-3.0628657018520562e-09,1374.0,ASK
75,1712174097.9781227,73519129.25026666,1301.0,-3.9243118901235455e-10,1374.0,ASK
76,1712174100.9822218,73519129.25026666,1301.0,-0.0,1374.0,ASK
77,1712174104.511946,73519614.25026666,1300.0,-4.798080546474872e-09,1374.0,ASK
78,1712174110.4718966,73519780.11239076,1300.0,-1.640865631016046e-09,1374.0,ASK
79,1712174110.4739306,73520092.18931381,1300.0,-3.087361265001285e-09,1374.0,ASK
80,1712174114.7719417,73520875.31021021,1299.0,-7.747375543402281e-09,1374.0,ASK
81,1712174130.9617743,73520875.31021021,1299.0,-0.0,1374.0,ASK
82,1712174131.7020917,73520882.99660529,1301.0,7.603941203446285e-11,1374.0,BID
83,1712174154.8219264,73521367.99660529,1300.0,-4.797972841386181e-09,1374.0,ASK
84,1712174160.704626,73521367.99660529,1300.0,-0.0,1374.0,ASK
85,1712174174.9319725,73521906.43866208,1300.0,-5.32662679561475e-09,1374.0,ASK
86,1712174190.7134888,73521906.43866208,1300.0,-0.0,1374.0,ASK
87,1712174220.71353,73521906.43866208,1300.0,-0.0,1374.0,ASK
88,1712174250.7039795,73521906.43866208,1300.0,-0.0,1374.0,ASK
89,1712174256.202271,73522166.26278166,1300.0,-2.5703351299542954e-09,1374.0,ASK
90,1712174280.9725342,73522166.26278166,1300.0,-0.0,1374.0,ASK
91,1712174310.982589,73522166.26278166,1300.0,-0.0,1374.0,ASK
92,1712174330.582751,73522915.44435741,1301.0,-7.4113261368440215e-09,1374.0,ASK
93,1712174340.615931,73522915.44435741,1301.0,-0.0,1374.0,ASK
94,1712174354.3418815,73523448.6923488,1301.0,5.275138628379738e-09,1374.0,BID
95,1712174369.7530286,73523601.88234879,1302.0,-1.515427154958361e-09,1374.0,ASK
96,1712174369.859661,73523789.27935176,1302.0,-1.853818833185681e-09,1374.0,ASK
97,1712174370.6627157,73523789.27935176,1302.0,-0.0,1374.0,ASK
98,1712174376.9326432,73523835.6149849,1303.0,4.5836860619329854e-10,1374.0,BID
99,1712174391.8429954,73524320.6149849,1301.0,-4.797792949411324e-09,1374.0,ASK
100,1712174391.9848585,73524439.35328113,1303.0,1.1746015679517904e-09,1374.0,BID
101,1712174393.5527947,73524539.88028114,1301.0,-9.944489316979696e-10,1374.0,ASK
102,1712174395.2324955,73524693.07028113,1301.0,-1.515410107028622e-09,1374.0,ASK
103,1712174396.7625396,73524772.29428113,1301.0,-7.837120589398818e-10,1374.0,ASK
104,1712174397.0826037,73524872.46308114,1301.0,-9.90905489577523e-10,1374.0,ASK
105,1712174397.932755,73524887.6876651,1301.0,-1.5060701365337467e-10,1374.0,ASK
106,1712174397.934947,73525357.46308114,1301.0,-4.647185935757949e-09,1374.0,ASK
107,1712174400.742839,73525357.46308114,1301.0,-0.0,1374.0,ASK
108,1712174415.3131907,73530663.558153,1301.0,-5.253315701293632e-08,1374.0,ASK
109,1712174415.3155377,73530737.01040992,1301.0,-7.27216322618131e-10,1374.0,ASK
110,1712174422.153013,73534771.67090651,1301.0,-3.994528000170272e-08,1374.0,ASK
111,1712174426.6844506,73535256.67090651,1301.0,-4.801757376410656e-09,1374.0,ASK
112,1712174430.6465633,73535256.67090651,1301.0,-0.0,1374.0,ASK
113,1712174432.723204,73535610.31526144,1301.0,-3.5008204019158273e-09,1374.0,ASK
114,1712174432.72515,73535741.67090651,1301.0,-1.300324791795455e-09,1374.0,ASK
115,1712174433.552961,73535784.02322781,1301.0,-4.1925699760262455e-10,1374.0,ASK
116,1712174433.5552297,73539477.63903242,1301.0,-3.6564094366457706e-08,1374.0,ASK
117,1712174434.1932902,73539732.44250625,1301.0,2.5223679870534307e-09,1374.0,BID
118,1712174460.9629834,73539732.44250625,1301.0,0.0,1374.0,BID
119,1712174462.8929656,73541793.66165142,1301.0,2.04033855159078e-08,1374.0,BID
120,1712174464.2406473,73541816.52972691,1302.0,2.2636416963428158e-10,1374.0,BID
121,1712174464.8732328,73542040.99543954,1301.0,-2.221918266563353e-09,1374.0,ASK
122,1712174468.5934207,73542094.11715493,1300.0,-5.258358097163029e-10,1374.0,ASK
123,1712174468.594434,73542400.96523184,1300.0,-3.037396398483077e-09,1374.0,ASK
124,1712174468.5953822,73542777.93151914,1300.0,-3.731475376758449e-09,1374.0,ASK
125,1712174476.1329625,73543267.22672935,1300.0,-4.8433854442286165e-09,1374.0,ASK
126,1712174490.965139,73543267.22672935,1300.0,-0.0,1374.0,ASK
127,1712174513.7630198,73543858.9255,1300.0,-5.856780806869601e-09,1374.0,ASK
128,1712174513.8629923,73543905.0006556,1300.0,-4.5606328824580247e-10,1374.0,ASK
129,1712174513.882994,73544390.0006556,1300.0,-4.8006499796794525e-09,1374.0,ASK
130,1712174517.096905,73544964.0006556,1300.0,-5.6815939965690844e-09,1374.0,ASK
131,1712174519.9630258,73545449.0006556,1300.0,-4.8006499796794525e-09,1374.0,ASK
132,1712174520.6731355,73545449.0006556,1300.0,-0.0,1374.0,ASK
133,1712174521.0138235,73547200.51447368,1300.0,-1.7336430351207228e-08,1374.0,ASK
134,1712174521.0164738,73551500.9914005,1300.0,-4.2565989459850434e-08,1374.0,ASK
135,1712174521.113347,73552219.61866572,1300.0,-7.112950753572264e-09,1374.0,ASK
136,1712174529.6234398,73552773.69960654,1299.0,-5.484276253050624e-09,1374.0,ASK
137,1712174538.3041055,73553816.26057655,1299.0,-1.0319236683699316e-08,1374.0,ASK
138,1712174538.572938,73555306.76869775,1299.0,-1.4753003924164905e-08,1374.0,ASK
139,1712174538.6930923,73556079.42180471,1299.0,-7.64769688724089e-09,1374.0,ASK
140,1712174540.683921,73558784.78059211,1299.0,-2.6777558765995308e-08,1374.0,ASK
141,1712174542.9430628,73559084.78059211,1299.0,-2.96939085019165e-09,1374.0,ASK
142,1712174543.003404,73559569.78059211,1299.0,-4.800515207809833e-09,1374.0,ASK
143,1712174543.083678,73560741.85609213,1299.0,-1.1601167551559284e-08,1374.0,ASK
144,1712174547.143042,73561480.41222563,1299.0,-7.310206083978679e-09,1374.0,ASK
145,1712174548.0031383,73561814.0213882,1299.0,-3.3020533162420797e-09,1374.0,ASK
146,1712174548.1512053,73562152.92550687,1299.0,-3.354462630256471e-09,1374.0,ASK
147,1712174548.1521986,73563527.24344221,1299.0,-1.3602957008103562e-08,1374.0,ASK
148,1712174548.1632051,73563958.16226426,1299.0,-4.265221357903049e-09,1374.0,ASK
149,1712174548.1643682,73564744.09339415,1299.0,-7.779122353231073e-09,1374.0,ASK
150,1712174548.1653745,73565038.9099598,1299.0,-2.9180853750642314e-09,1374.0,ASK
151,1712174549.193384,73565485.38915856,1298.0,-4.419237492082601e-09,1374.0,ASK
152,1712174549.1956902,73565523.9099598,1298.0,-3.8127771572723244e-10,1374.0,ASK
153,1712174550.6548808,73565523.9099598,1298.0,-0.0,1374.0,ASK
154,1712174560.0631917,73565629.76489899,1298.0,-1.04747852726356e-09,1374.0,ASK
155,1712174571.1231787,73566014.06160536,1298.0,-3.802775298915287e-09,1374.0,ASK
156,1712174571.8533,73566234.13029876,1298.0,-2.177670995961517e-09,1374.0,ASK
157,1712174571.855652,73566499.06160536,1298.0,-2.621605160617302e-09,1374.0,ASK
158,1712174573.9036062,73567505.0649393,1298.0,-9.954820235097589e-09,1374.0,ASK
159,1712174580.9532783,73567505.0649393,1298.0,-0.0,1374.0,ASK
160,1712174611.0032394,73567505.0649393,1298.0,-0.0,1374.0,ASK
161,1712174629.5092356,73568289.85744289,1298.0,7.765649712006241e-09,1374.0,BID
162,1712174631.0132,73568366.89904535,1298.0,7.623392109967e-10,1374.0,BID
163,1712174640.6033845,73568366.89904535,1298.0,0.0,1374.0,BID
164,1712174642.9734888,73568840.31066851,1298.0,4.684433304412046e-09,1374.0,BID
165,1712174642.976294,73569906.6852549,1298.0,1.0551833506030313e-08,1374.0,BID
166,1712174651.4431496,73569922.09357539,1298.0,1.5246615444224062e-10,1374.0,BID
167,1712174661.7632773,73570057.78843983,1298.0,1.3427079334398255e-09,1374.0,BID
168,1712174668.0236712,73570081.10783072,1297.0,-2.3074661878256056e-10,1374.0,ASK
169,1712174668.0264094,73570542.78843983,1297.0,-4.568354293549572e-09,1374.0,ASK
170,1712174668.4243054,73570862.11785385,1297.0,-3.159781612745605e-09,1374.0,ASK
171,1712174668.426485,73571267.78843983,1297.0,-4.014132122183872e-09,1374.0,ASK
172,1712174670.6546156,73571267.78843983,1297.0,-0.0,1374.0,ASK
173,1712174673.1388547,73571407.78843983,1297.0,-1.385255884039446e-09,1374.0,ASK
174,1712174673.2432315,73572789.64291167,1297.0,-1.3673014557234664e-08,1374.0,ASK
175,1712174673.2450075,73573333.82850145,1297.0,-5.384544930327921e-09,1374.0,ASK
176,1712174673.363408,73574100.27903539,1297.0,-7.583786514053451e-09,1374.0,ASK
177,1712174673.3683157,73574504.48104002,1297.0,-3.9994514660660775e-09,1374.0,ASK
178,1712174673.3699574,73574597.00224277,1297.0,-9.154681465633092e-10,1374.0,ASK
179,1712174679.7635334,73574674.1627366,1296.0,-7.63478772005706e-10,1374.0,ASK
180,1712174679.765964,73575082.00224277,1296.0,-4.035443397702375e-09,1374.0,ASK
181,1712174694.593413,73575318.14981872,1296.0,-2.336605850564251e-09,1374.0,ASK
182,1712174700.924485,73575550.37875722,1296.0,-2.297832167916858e-09,1374.0,ASK
183,1712174700.9258533,73578612.76808724,1296.0,-3.030137741873088e-08,1374.0,ASK
184,1712174700.9632282,73578612.76808724,1296.0,-0.0,1374.0,ASK
185,1712174708.0136445,73578689.98816445,1295.0,-7.64404361916427e-10,1374.0,ASK
186,1712174708.0235257,73580253.4988854,1295.0,-1.5477249674792242e-08,1374.0,ASK
187,1712174708.0258238,73580266.22089311,1295.0,-1.2593561862794395e-10,1374.0,ASK
188,1712174718.8337302,73580812.27271287,1296.0,-5.405386887705711e-09,1374.0,ASK
189,1712174718.8357906,73581040.29865026,1296.0,-2.257237074298075e-09,1374.0,ASK
190,1712174719.8235068,73581673.92409098,1295.0,-6.272281356911402e-09,1374.0,ASK
191,1712174719.8260703,73582445.89815357,1296.0,-7.641799412814671e-09,1374.0,ASK
192,1712174719.903427,73582723.89815357,1295.0,2.7519321434583504e-09,1374.0,BID
193,1712174722.3868554,73582761.98309566,1295.0,3.77004231339664e-10,1374.0,BID
194,1712174722.7333145,73583123.58070979,1295.0,3.5794679759238607e-09,1374.0,BID
195,1712174725.964492,73583146.74673295,1295.0,2.2932130857492816e-10,1374.0,BID
196,1712174727.683363,73583726.00827889,1295.0,5.734131178939053e-09,1374.0,BID
197,1712174731.0042038,73583726.00827889,1295.0,0.0,1374.0,BID
198,1712174733.1433272,73583764.6183175,1295.0,3.821771241952416e-10,1374.0,BID
199,1712174736.9933774,73583919.09546088,1295.0,1.5290746276806976e-09,1374.0,BID
200,1712174739.2835605,73583922.95348556,1296.0,3.8188223398254095e-11,1374.0,BID
201,1712174739.6033936,73584016.32075974,1295.0,-9.241854612494359e-10,1374.0,ASK
202,1712174746.4735231,73584094.38828968,1295.0,7.72742663766359e-10,1374.0,BID
203,1712174760.6535947,73584094.38828968,1295.0,0.0,1374.0,BID
204,1712174776.4137096,73584171.66804238,1294.0,-7.64941327347377e-10,1374.0,ASK
205,1712174776.4168198,73584394.38828968,1294.0,-2.204560905540808e-09,1374.0,ASK
206,1712174781.6332276,73587274.38442162,1294.0,-2.8507183148367152e-08,1374.0,ASK
207,1712174783.233808,73587759.38442162,1294.0,-4.8006952765025665e-09,1374.0,ASK
208,1712174785.043295,73587899.38442162,1294.0,-1.3857677086811532e-09,1374.0,ASK
209,1712174785.0836358,73587907.40688297,1294.0,-7.940905635379125e-11,1374.0,ASK
210,1712174785.0866945,73588990.73455317,1294.0,-1.0723146452044607e-08,1374.0,ASK
211,1712174785.0899525,73589006.19050372,1294.0,-1.529882654989748e-10,1374.0,ASK
212,1712174788.675798,73589083.47020371,1294.0,-7.649408056512962e-10,1374.0,ASK
213,1712174790.0887256,73589083.4702564,1294.0,-5.215485838797005e-16,1374.0,ASK
214,1712174790.091391,73589202.7542037,1294.0,-1.180713159555405e-09,1374.0,ASK
215,1712174790.6734097,73589202.7542037,1294.0,-0.0,1374.0,ASK
216,1712174805.393883,73589286.27885595,1294.0,-8.26701379829324e-10,1374.0,ASK
217,1712174805.396626,73589531.2314062,1294.0,-2.424465182971878e-09,1374.0,ASK
218,1712174805.3998308,73589687.7542037,1294.0,-1.549214623490473e-09,1374.0,ASK
219,1712174820.9935105,73589687.7542037,1294.0,-0.0,1374.0,ASK
220,1712174822.5580678,73589978.46820371,1294.0,-2.87738009814186e-09,1374.0,ASK
221,1712174824.0579045,73591060.34030494,1294.0,-1.0707971589962836e-08,1374.0,ASK
222,1712174826.347232,73591389.46030495,1294.0,-3.257508540727729e-09,1374.0,ASK
223,1712174832.023505,73591550.46030495,1294.0,-1.593518701536114e-09,1374.0,ASK
224,1712174833.233324,73591705.93943392,1294.0,-1.538875153508962e-09,1374.0,ASK
225,1712174833.513377,73591866.93943392,1294.0,-1.593518701536114e-09,1374.0,ASK
226,1712174835.0137844,73592027.93943392,1294.0,-1.593518701536114e-09,1374.0,ASK
227,1712174836.1441076,73593594.86098789,1294.0,-1.5508812422920758e-08,1374.0,ASK
228,1712174836.503818,73593672.33371317,1294.0,-7.66796500645537e-10,1374.0,ASK
229,1712174836.5071237,73593894.86098789,1294.0,-2.202493005322377e-09,1374.0,ASK
230,1712174841.6239738,73594115.86098789,1294.0,-2.187376602729697e-09,1374.0,ASK
231,1712174850.975716,73594115.86098789,1294.0,-0.0,1374.0,ASK
232,1712174851.773266,73595858.81658506,1294.0,-1.7250154236571443e-08,1374.0,ASK
233,1712174880.6434972,73595858.81658506,1294.0,-0.0,1374.0,ASK
234,1712174893.7038355,73596199.56270859,1294.0,-3.372313094774166e-09,1374.0,ASK
235,1712174893.706689,73596317.68365139,1294.0,-1.1690251911240174e-09,1374.0,ASK
236,1712174893.709532,73597860.68572067,1294.0,-1.5270859224173e-08,1374.0,ASK
237,1712174894.9435313,73597899.32559702,1294.0,3.8241304009878814e-10,1374.0,BID
238,1712174908.2436118,73597976.66511752,1293.0,-7.6541759309396e-10,1374.0,ASK
239,1712174908.2465696,73598611.9566698,1293.0,-6.287384867773741e-09,1374.0,ASK
240,1712174910.6336625,73598611.9566698,1293.0,-0.0,1374.0,ASK
241,1712174914.3447745,73598616.59345496,1294.0,4.588794708738121e-11,1374.0,BID
242,1712174940.9889464,73598616.59345496,1294.0,0.0,1374.0,BID
243,1712174942.0936823,73599535.51345496,1294.0,-9.094091805749233e-09,1374.0,ASK
244,1712174943.6036737,73599981.85835496,1294.0,-4.417252315319968e-09,1374.0,ASK
245,1712174950.9237168,73600982.34411904,1294.0,-9.901307392295072e-09,1374.0,ASK
246,1712174950.9332025,73601909.70105496,1294.0,-9.177587942283548e-09,1374.0,ASK
247,1712174953.0735152,73601932.86707813,1295.0,2.2926254890099277e-10,1374.0,BID
248,1712174970.96337,73601932.86707813,1295.0,0.0,1374.0,BID
249,1712174977.9336555,73601932.86717466,1294.0,-9.552658297269756e-16,1374.0,ASK
250,1712174977.9371653,73602049.57897773,1293.0,-1.154989311582043e-09,1374.0,ASK
251,1712174987.3335085,73602740.32410961,1293.0,-6.835668915260831e-09,1374.0,ASK
252,1712175000.7234032,73602740.32410961,1293.0,-0.0,1374.0,ASK
253,1712175001.7534397,73607530.67433077,1293.0,-4.7443366526674175e-08,1374.0,ASK
254,1712175005.3834608,73607805.35804154,1293.0,-2.720452444448678e-09,1374.0,ASK
255,1712175014.7861552,73607925.35267258,1293.0,-1.1884202612960184e-09,1374.0,ASK
256,1712175018.8187084,73609164.47170039,1293.0,-1.2272167063452395e-08,1374.0,ASK
257,1712175030.7236109,73609164.47170039,1293.0,-0.0,1374.0,ASK
258,1712175035.6035757,73609241.75145309,1294.0,7.653114836570933e-10,1374.0,BID
259,1712175060.9635646,73609241.75145309,1294.0,0.0,1374.0,BID
260,1712175064.1417985,73624343.80679095,1293.0,-1.495574782145628e-07,1374.0,ASK
261,1712175076.7054777,73627222.60360156,1293.0,-2.8509072550401963e-08,1374.0,ASK
262,1712175090.9751942,73627222.60360156,1293.0,-0.0,1374.0,ASK
263,1712175112.363634,73627259.80024238,1293.0,-3.6827803472787157e-10,1374.0,ASK
264,1712175120.6565745,73627259.80024238,1293.0,-0.0,1374.0,ASK
265,1712175129.2734385,73627607.07564855,1294.0,3.438317019345946e-09,1374.0,BID
266,1712175144.5535316,73629392.22563024,1295.0,1.7674478109135467e-08,1374.0,BID
267,1712175145.413906,73629862.71474628,1295.0,4.6582358162433715e-09,1374.0,BID
268,1712175150.6635883,73629862.71474628,1295.0,0.0,1374.0,BID
269,1712175165.3636692,73635153.43358439,1296.0,-5.238079427086042e-08,1374.0,ASK
270,1712175165.367486,73635707.63082477,1296.0,-5.4868331737541e-09,1374.0,ASK
271,1712175180.9737136,73635707.63082477,1296.0,-0.0,1374.0,ASK
272,1712175210.985861,73635707.63082477,1296.0,-0.0,1374.0,ASK
273,1712175221.1135485,73635900.53205933,1296.0,-1.909676635555356e-09,1374.0,ASK
274,1712175221.1168647,73636001.59952477,1296.0,-1.000544023538647e-09,1374.0,ASK
275,1712175221.1933749,73636001.59958111,1296.0,-5.577654610912598e-16,1374.0,ASK
276,1712175223.8636734,73636387.6999672,1295.0,-3.822302578942463e-09,1374.0,ASK
277,1712175223.8667898,73636395.56174327,1295.0,-7.782972518250308e-11,1374.0,ASK
278,1712175240.653545,73636395.56174327,1295.0,-0.0,1374.0,ASK
279,1712175247.173796,73636399.4265037,1294.0,-3.8259877380963956e-11,1374.0,ASK
280,1712175247.181889,73636766.44875132,1294.0,-3.633401461467098e-09,1374.0,ASK
281,1712175263.233454,73637153.2541134,1295.0,3.829247891824646e-09,1374.0,BID
282,1712175263.3334444,73637472.36853714,1295.0,3.159129510877034e-09,1374.0,BID
283,1712175263.4135883,73637834.9985641,1295.0,3.5899198985026272e-09,1374.0,BID
284,1712175263.7935207,73638161.36558837,1295.0,3.230927908814633e-09,1374.0,BID
285,1712175263.873282,73638538.5008164,1295.0,3.733516694525342e-09,1374.0,BID
286,1712175263.9534135,73638864.86784066,1295.0,3.230927908667116e-09,1374.0,BID
287,1712175266.173308,73639242.00306872,1295.0,3.733516694672858e-09,1374.0,BID
288,1712175270.023491,73639257.45017141,1295.0,-1.5292131710027042e-10,1374.0,ASK
289,1712175270.6735363,73639257.45017141,1295.0,-0.0,1374.0,ASK
290,1712175275.5835648,73641225.99187025,1295.0,1.9487210775935323e-08,1374.0,BID
291,1712175279.5038185,73641271.92367025,1295.0,4.5469327284562316e-10,1374.0,BID
292,1712175289.3834815,73641499.02435155,1294.0,-2.248140766613313e-09,1374.0,ASK
293,1712175300.693623,73641499.02435155,1294.0,-0.0,1374.0,ASK
294,1712175300.803397,73641730.68458322,1295.0,2.2942385460793923e-09,1374.0,BID
295,1712175302.0435724,73642563.68458322,1295.0,8.24958472652132e-09,1374.0,BID
296,1712175302.9741457,73644178.68458322,1295.0,1.5994092837133174e-08,1374.0,BID
297,1712175306.2434895,73644197.99384749,1295.0,1.912285853810071e-10,1374.0,BID
298,1712175306.563378,73644216.48504966,1295.0,1.831269376266382e-10,1374.0,BID
299,1712175310.6515915,73644732.79226182,1294.0,-5.1132294017046815e-09,1374.0,ASK
300,1712175310.6546595,73644736.65663567,1294.0,-3.8270683640729386e-11,1374.0,ASK
301,1712175310.6568687,73644795.38551071,1295.0,-5.81619244350634e-10,1374.0,ASK
302,1712175310.6585803,73645093.73698358,1294.0,-2.954712789579225e-09,1374.0,ASK
303,1712175314.41348,73645413.99647234,1294.0,-3.171678015617981e-09,1374.0,ASK
304,1712175315.7843325,73655844.15884891,1294.0,-1.0329472777535465e-07,1374.0,ASK
305,1712175315.8832996,73656313.4928515,1294.0,4.648031956009473e-09,1374.0,BID
306,1712175315.903434,73660313.99647234,1294.0,3.9618839818657136e-08,1374.0,BID
307,1712175330.6641877,73660313.99647234,1294.0,0.0,1374.0,BID
308,1712175333.03345,73660437.64407668,1294.0,-1.224244263789304e-09,1374.0,ASK
309,1712175338.913755,73660568.17560545,1297.0,1.292402519285233e-09,1374.0,BID
310,1712175360.9897254,73660568.17560545,1297.0,0.0,1374.0,BID
311,1712175369.2739084,73660572.80166557,1296.0,4.580282118243248e-11,1374.0,BID
312,1712175381.6438124,73660580.52964085,1294.0,-7.651501709887124e-11,1374.0,ASK
313,1712175381.6468508,73661123.66379248,1294.0,-5.377594699457532e-09,1374.0,ASK
314,1712175381.6498766,73661261.38056217,1294.0,-1.3635396863320232e-09,1374.0,ASK
315,1712175390.9933972,73661261.38056217,1294.0,-0.0,1374.0,ASK
316,1712175420.6734884,73661261.38056217,1294.0,-0.0,1374.0,ASK
317,1712175445.4540148,73665541.15034938,1296.0,4.237380921716471e-08,1374.0,BID
318,1712175445.4578545,73666062.86386827,1295.0,5.165462212814814e-09,1374.0,BID
319,1712175445.4616978,73670701.93112022,1295.0,4.5931197343215443e-08,1374.0,BID
320,1712175450.67524,73670701.93112022,1295.0,0.0,1374.0,BID
321,1712175453.1235864,73670837.05274184,1295.0,1.3376711572370215e-09,1374.0,BID
322,1712175459.0432267,73670977.05274184,1294.0,-1.3859659154684483e-09,1374.0,ASK
323,1712175460.2535863,73671210.45285775,1294.0,-2.310604323669669e-09,1374.0,ASK
324,1712175460.257008,73671408.61939561,1294.0,-1.9618004790618474e-09,1374.0,ASK
325,1712175460.260424,73671447.25927196,1294.0,-3.8252536857192414e-10,1374.0,ASK
326,1712175477.0876987,73671587.25927196,1293.0,-1.3859659154684483e-09,1374.0,ASK
327,1712175478.5633178,73671727.25927196,1293.0,-1.3859659154684483e-09,1374.0,ASK
328,1712175480.9539657,73671727.25927196,1293.0,-0.0,1374.0,ASK
329,1712175486.2833123,73672687.82587565,1293.0,-9.509250628135852e-09,1374.0,ASK
330,1712175501.0935063,73672766.82587565,1293.0,-7.82070495410303e-10,1374.0,ASK
331,1712175510.963178,73672766.82587565,1293.0,-0.0,1374.0,ASK
332,1712175520.413387,73673066.82587565,1293.0,-2.969848438436805e-09,1374.0,ASK
333,1712175520.493368,73674163.39690442,1293.0,-1.085549919141568e-08,1374.0,ASK
334,1712175530.9733827,73675656.33289386,1293.0,-1.4779312056409894e-08,1374.0,ASK
335,1712175534.113745,73675996.91989683,1293.0,-3.371639263003417e-09,1374.0,ASK
336,1712175540.6438563,73675996.91989683,1293.0,-0.0,1374.0,ASK
337,1712175558.2635105,73676285.90677689,1293.0,-2.860705838058974e-09,1374.0,ASK
338,1712175570.7136557,73676285.90677689,1293.0,-0.0,1374.0,ASK
339,1712175580.4133887,73679601.52585027,1293.0,-3.2821475334723025e-08,1374.0,ASK
340,1712175584.853513,73680276.3481933,1293.0,-6.6800993712287735e-09,1374.0,ASK
341,1712175585.6180944,73680411.35605797,1293.0,-1.336449453982099e-09,1374.0,ASK
342,1712175600.716248,73680411.35605797,1293.0,-0.0,1374.0,ASK
343,1712175606.629738,73680551.35605797,1293.0,-1.387256794050544e-09,1374.0,ASK
344,1712175607.2632444,73682483.34987558,1293.0,-1.9144082496761628e-08,1374.0,ASK
345,1712175607.384414,73684415.3436932,1293.0,-1.9144082496761628e-08,1374.0,ASK
346,1712175607.6034043,73685369.32236336,1293.0,-9.452952796897284e-09,1374.0,ASK
347,1712175608.223318,73685617.32236336,1293.0,-2.457426320889535e-09,1374.0,ASK
348,1712175613.953282,73686200.32236336,1293.0,-5.776933649510479e-09,1374.0,ASK
349,1712175619.355386,73687200.32236336,1294.0,9.908977100361029e-09,1374.0,BID
350,1712175629.6532104,73687483.32236336,1293.0,-2.804240519402171e-09,1374.0,ASK
351,1712175630.6235774,73687483.32236336,1293.0,-0.0,1374.0,ASK
352,1712175631.1538773,73687596.32236336,1293.0,-1.1196129551251175e-09,1374.0,ASK
353,1712175631.762992,73689091.1488222,1293.0,-1.4810859017547053e-08,1374.0,ASK
354,1712175631.9231665,73691023.14263982,1293.0,-1.914234785327984e-08,1374.0,ASK
355,1712175632.0457065,73692955.13645741,1293.0,-1.9142347853132192e-08,1374.0,ASK
356,1712175632.563163,73693853.08664028,1293.0,-8.896961573435882e-09,1374.0,ASK
357,1712175632.6433744,73693993.08664028,1293.0,-1.3871310948452787e-09,1374.0,ASK
358,1712175634.15889,73694355.08654028,1293.0,-3.5867236972752383e-09,1374.0,ASK
359,1712175635.6632383,73694725.08654028,1293.0,-3.665989322091093e-09,1374.0,ASK
360,1712175638.8731234,73695025.08654028,1293.0,-2.972423774668454e-09,1374.0,ASK
361,1712175639.0930665,73695326.16484028,1293.0,-2.983107656514978e-09,1374.0,ASK
362,1712175639.4931476,73697612.09597017,1293.0,-2.2649186792443083e-08,1374.0,ASK
363,1712175640.1634104,73699544.08978778,1293.0,-1.914234785327984e-08,1374.0,ASK
364,1712175640.2335525,73700975.655298,1293.0,-1.4184064525178708e-08,1374.0,ASK
365,1712175640.2372415,73701476.0836054,1293.0,-4.958283328101127e-09,1374.0,ASK
366,1712175640.353197,73701803.0836054,1293.0,-3.2399419143886153e-09,1374.0,ASK
367,1712175643.1040573,73701815.34965333,1293.0,-1.2153297505687646e-10,1374.0,ASK
368,1712175643.1133125,73703047.31469642,1293.0,-1.2206407278732868e-08,1374.0,ASK
369,1712175643.1162217,73706803.0836054,1293.0,-3.721245599068449e-08,1374.0,ASK
370,1712175643.9131944,73706943.0836054,1293.0,-1.3871310948452787e-09,1374.0,ASK
371,1712175643.9940383,73707594.4014113,1293.0,-6.453308437085102e-09,1374.0,ASK
372,1712175643.999493,73708797.7379025,1293.0,-1.192275331801802e-08,1374.0,ASK
373,1712175644.0022714,73708875.077423,1293.0,-7.662860981767115e-10,1374.0,ASK
374,1712175644.1132605,73710807.0712406,1293.0,-1.9142347853132192e-08,1374.0,ASK
375,1712175644.2142863,73712739.06505822,1293.0,-1.914234785327984e-08,1374.0,ASK
376,1712175645.0733998,73713236.13725035,1293.0,-4.925030672070429e-09,1374.0,ASK
377,1712175645.0932562,73715942.66113839,1293.0,-2.6816453171693723e-08,1374.0,ASK
378,1712175645.097544,73716052.87967238,1293.0,-1.092053969497349e-09,1374.0,ASK
379,1712175645.1579857,73716867.52576502,1293.0,-8.071578045663537e-09,1374.0,ASK
380,1712175645.193811,73717806.43990567,1293.0,-9.302835713533502e-09,1374.0,ASK
381,1712175645.2844286,73718869.62209441,1293.0,-1.0534093381994037e-08,1374.0,ASK
382,1712175645.333261,73719808.53623506,1293.0,-9.302835713533502e-09,1374.0,ASK
383,1712175653.0836153,73719885.93561587,1292.0,-7.668791988125868e-10,1374.0,ASK
384,1712175653.0882409,73720008.53623506,1292.0,-1.2147366509663828e-09,1374.0,ASK
385,1712175660.984018,73720008.53623506,1292.0,-0.0,1374.0,ASK
386,1712175668.8039534,73720018.53623506,1292.0,-9.903952437337704e-11,1374.0,ASK
387,1712175668.8079505,73720838.06586428,1292.0,-8.116582468740289e-09,1374.0,ASK
388,1712175668.8132198,73720992.86462589,1292.0,-1.5331195723067455e-09,1374.0,ASK
389,1712175668.8152032,73721266.49529979,1291.0,-2.710025179704706e-09,1374.0,ASK
390,1712175675.0735412,73721296.74175236,1291.0,-2.9955942765108995e-10,1374.0,ASK
391,1712175681.313342,73721303.1609474,1292.0,6.357540237265673e-11,1374.0,BID
392,1712175685.413468,73721310.90088546,1292.0,7.665597846775689e-11,1374.0,BID
393,1712175690.9945595,73721310.90088546,1292.0,0.0,1374.0,BID
394,1712175692.6034813,73721388.30026627,1292.0,7.66547014003156e-10,1374.0,BID
395,1712175692.8636906,73721438.30026627,1291.0,-4.951893710578451e-10,1374.0,ASK
396,1712175692.8678014,73721515.7596001,1291.0,-7.67140776106393e-10,1374.0,ASK
397,1712175692.871694,73721683.87500265,1291.0,-1.6649792090725187e-09,1374.0,ASK
398,1712175720.657132,73721683.87500265,1291.0,-0.0,1374.0,ASK
399,1712175724.2476094,73721761.27438346,1292.0,7.665433579476883e-10,1374.0,BID
400,1712175734.5233543,73721838.67376424,1292.0,7.66543357800111e-10,1374.0,BID
401,1712175738.1435764,73721916.07314505,1292.0,7.665433579476883e-10,1374.0,BID
402,1712175749.7632186,73721920.18289025,1291.0,-4.070184873108192e-11,1374.0,ASK
403,1712175750.638429,73721920.18289025,1291.0,-0.0,1374.0,ASK
404,1712175766.853206,73722037.09134799,1291.0,-1.157827490001898e-09,1374.0,ASK
405,1712175766.856961,73722420.18289025,1291.0,-3.7940276296916634e-09,1374.0,ASK
406,1712175770.813297,73723416.21056981,1291.0,-9.864369528796808e-09,1374.0,ASK
407,1712175775.08347,73724420.78021619,1291.0,-9.948966692965656e-09,1374.0,ASK
408,1712175775.0937672,73724625.44063444,1291.0,-2.0268974798902638e-09,1374.0,ASK
409,1712175775.097507,73724934.22504935,1291.0,-3.058111371631362e-09,1374.0,ASK
410,1712175780.9631526,73724934.22504935,1291.0,-0.0,1374.0,ASK
411,1712175789.8343537,73724941.97698733,1290.0,-7.676998914628791e-11,1374.0,ASK
412,1712175789.839115,73725259.76768483,1290.0,-3.1471857029506604e-09,1374.0,ASK
413,1712175789.84187,73729269.35041843,1290.0,-3.970821535448999e-08,1374.0,ASK
414,1712175797.683507,73729277.09635182,1291.0,-7.671052360238024e-11,1374.0,ASK
415,1712175797.6889026,73729353.81026892,1290.0,-7.5972312919729e-10,1374.0,ASK
416,1712175800.3939266,73729663.8877883,1289.0,-3.0707995654088032e-09,1374.0,ASK
417,1712175800.3987596,73729671.63972627,1290.0,-7.676998899871682e-11,1374.0,ASK
418,1712175800.4036188,73729743.51909012,1289.0,-7.118449596690046e-10,1374.0,ASK
419,1712175800.4063382,73730143.51909012,1289.0,-3.961331439476229e-09,1374.0,ASK
420,1712175800.4085057,73730226.85911193,1290.0,-8.25343621494373e-10,1374.0,ASK
421,1712175800.4106534,73731631.12268072,1289.0,-1.3906883560885082e-08,1374.0,ASK
422,1712175810.9532225,73731631.12268072,1289.0,-0.0,1374.0,ASK
423,1712175811.4934866,73731638.87461871,1290.0,-7.676342332034594e-11,1374.0,ASK
424,1712175811.5762515,73737068.67195293,1290.0,5.376846823267341e-08,1374.0,BID
425,1712175811.581442,73737335.71116608,1290.0,2.644350896611448e-09,1374.0,BID
426,1712175812.0937996,73737346.6201052,1293.0,1.0802556902048471e-10,1374.0,BID
427,1712175824.1833422,73737478.2271555,1293.0,1.3032363949627255e-09,1374.0,BID
428,1712175840.677423,73737478.2271555,1293.0,0.0,1374.0,BID
429,1712175870.6933362,73737478.2271555,1293.0,0.0,1374.0,BID
430,1712175873.0846324,73737622.08887507,1293.0,1.424481628410588e-09,1374.0,BID
431,1712175873.0898323,73740005.77774327,1293.0,2.3602672141626507e-08,1374.0,BID
432,1712175873.0947297,73740944.59296718,1293.0,9.295906117340742e-09,1374.0,BID
433,1712175880.913525,73741144.59296718,1293.0,1.9803483966849203e-09,1374.0,BID
434,1712175891.1934686,73742660.51528741,1293.0,1.50102716818496e-08,1374.0,BID
435,1712175900.9832647,73742660.51528741,1293.0,0.0,1374.0,BID
436,1712175916.27314,73743620.12133124,1293.0,-9.503716625920668e-09,1374.0,ASK
437,1712175916.2761283,73743673.36848956,1293.0,-5.273475579384623e-10,1374.0,ASK
438,1712175916.278943,73744064.50523204,1293.0,-3.8737279598692315e-09,1374.0,ASK
439,1712175916.3933702,73744179.11296268,1293.0,1.135048494289619e-09,1374.0,BID
440,1712175916.3975043,73744196.62175304,1293.0,1.7340301585578227e-10,1374.0,BID
441,1712175930.983269,73744196.62175304,1293.0,0.0,1374.0,BID
442,1712175939.9830809,73744235.20199995,1296.0,3.8208233900813157e-10,1374.0,BID
443,1712175960.6443176,73744235.20199995,1296.0,0.0,1374.0,BID
444,1712175990.6629555,73744235.20199995,1296.0,0.0,1374.0,BID
445,1712176020.983197,73744235.20199995,1296.0,0.0,1374.0,BID
446,1712176022.9230957,73744352.38139808,1295.0,1.160494292751368e-09,1374.0,BID
447,1712176032.0336049,73744461.38699654,1295.0,1.079544500994209e-09,1374.0,BID
448,1712176050.9831522,73744461.38699654,1295.0,0.0,1374.0,BID
449,1712176070.7129889,73744491.82066448,1295.0,3.0140106593221477e-10,1374.0,BID
450,1712176074.2830637,73744944.26564614,1295.0,4.480807242993975e-09,1374.0,BID
451,1712176074.382893,73745424.26554614,1295.0,-4.753698495310196e-09,1374.0,ASK
452,1712176074.3932664,73746409.12292492,1295.0,-9.753575031207592e-09,1374.0,ASK
453,1712176074.4231322,73746602.97281042,1295.0,-1.919800210353866e-09,1374.0,ASK
454,1712176080.6776829,73746602.97281042,1295.0,-0.0,1374.0,ASK
455,1712176090.9630206,73747369.1866147,1295.0,7.588021102620488e-09,1374.0,BID
456,1712176110.703159,73747369.1866147,1295.0,0.0,1374.0,BID
457,1712176140.9829535,73747369.1866147,1295.0,0.0,1374.0,BID
458,1712176148.7935767,73748142.58181964,1293.0,-7.659065180334562e-09,1374.0,ASK
459,1712176148.798162,73751431.88994977,1293.0,-3.25745818001326e-08,1374.0,ASK
460,1712176170.983511,73751431.88994977,1293.0,-0.0,1374.0,ASK
461,1712176171.6136994,73753705.88994977,1292.0,2.2518640020027468e-08,1374.0,BID
462,1712176201.0762331,73753705.88994977,1292.0,0.0,1374.0,BID
463,1712176208.0445557,73754406.85390878,1292.0,-6.9436813638422804e-09,1374.0,ASK
464,1712176218.964779,73754441.68363015,1292.0,-3.4501986032282606e-10,1374.0,ASK
465,1712176223.525061,73754705.88994977,1292.0,-2.617202317101732e-09,1374.0,ASK
466,1712176223.529381,73756278.05341518,1292.0,-1.5573699639459928e-08,1374.0,ASK
467,1712176230.967448,73756278.05341518,1292.0,-0.0,1374.0,ASK
468,1712176230.9695337,73756578.05341518,1292.0,-2.971673235945205e-09,1374.0,ASK
469,1712176231.044927,73758093.97573541,1292.0,-1.5016085956015943e-08,1374.0,ASK
470,1712176231.1051462,73760027.46374778,1292.0,-1.9152315261303562e-08,1374.0,ASK
471,1712176231.2250264,73761960.95176014,1292.0,-1.9152315261155947e-08,1374.0,ASK
472,1712176231.3375192,73762148.74881814,1292.0,-1.8602383035043278e-09,1374.0,ASK
473,1712176232.217315,73764082.23683052,1292.0,-1.9152315261303562e-08,1374.0,ASK
474,1712176232.295655,73764566.17430083,1292.0,-4.7936800947057334e-09,1374.0,ASK
475,1712176232.3034043,73766015.72484289,1292.0,-1.4358635166597816e-08,1374.0,ASK
476,1712176232.4017062,73766201.63102582,1292.0,-1.8415080940314607e-09,1374.0,ASK
477,1712176238.120775,73766385.27362582,1291.0,-1.819085997997025e-09,1374.0,ASK
478,1712176240.2253811,73766690.43362582,1291.0,-3.022786015568037e-09,1374.0,ASK
479,1712176254.7757242,73766975.45015807,1291.0,-2.823253335702108e-09,1374.0,ASK
480,1712176260.6781328,73766975.45015807,1291.0,-0.0,1374.0,ASK
481,1712176272.1073935,73767549.79899529,1290.0,-5.688478152647105e-09,1374.0,ASK
482,1712176272.1099648,73767554.45015807,1290.0,-4.6066146897649965e-11,1374.0,ASK
483,1712176275.0559657,73767701.45015807,1290.0,-1.455920573459549e-09,1374.0,ASK
484,1712176275.6562214,73768001.45015807,1290.0,-2.9712664764480594e-09,1374.0,ASK
485,1712176278.945967,73769271.06634593,1290.0,-1.2574560056437101e-08,1374.0,ASK
486,1712176279.5062733,73769571.06634593,1290.0,-2.9712664764480594e-09,1374.0,ASK
487,1712176280.1321924,73769980.10132086,1290.0,-4.051173029040721e-09,1374.0,ASK
488,1712176280.1364882,73770833.72784594,1290.0,-8.454506257866497e-09,1374.0,ASK
489,1712176280.2321289,73770950.90724407,1290.0,-1.160570724689856e-09,1374.0,ASK
490,1712176281.6161735,73771440.88374239,1290.0,-4.8528358123590034e-09,1374.0,ASK
491,1712176281.6206665,73771448.63568036,1290.0,-7.677691139769369e-11,1374.0,ASK
492,1712176290.6862907,73771448.63568036,1290.0,-0.0,1374.0,ASK
493,1712176298.0967958,73772756.32521525,1290.0,1.2950906759429932e-08,1374.0,BID
494,1712176316.1166418,73773360.2573577,1290.0,5.981135932683564e-09,1374.0,BID
495,1712176320.9770036,73773360.2573577,1290.0,0.0,1374.0,BID
496,1712176324.3072417,73773389.44495459,1290.0,2.8905684734442547e-10,1374.0,BID
497,1712176333.13738,73773447.5714092,1289.0,-5.756503278003572e-10,1374.0,ASK
498,1712176333.1422305,73773689.44495459,1289.0,-2.395373786929376e-09,1374.0,ASK
499,1712176333.1774168,73775425.84914386,1289.0,-1.7196329064166474e-08,1374.0,ASK
500,1712176333.1869402,73775433.60709576,1289.0,-7.683020725630585e-11,1374.0,ASK
501,1712176339.8271265,73775483.60709576,1289.0,4.951706857882892e-10,1374.0,BID
502,1712176346.1673,73775635.52507211,1288.0,-1.5045065706519331e-09,1374.0,ASK
503,1712176350.990593,73775635.52507211,1288.0,-0.0,1374.0,ASK
504,1712176351.4477215,73775790.8045752,1288.0,-1.537752498654678e-09,1374.0,ASK
505,1712176351.452418,73775953.13137883,1288.0,-1.6075428044372039e-09,1374.0,ASK
506,1712176351.4561076,73777492.70610452,1288.0,-1.52466026368353e-08,1374.0,ASK
507,1712176352.072163,73777503.96159443,1288.0,1.1146453586367524e-10,1374.0,BID
508,1712176380.71145,73777503.96159443,1288.0,0.0,1374.0,BID
509,1712176398.1691775,73778700.41810374,1288.0,1.184837730104331e-08,1374.0,BID
510,1712176398.1750224,73778749.21241622,1288.0,4.832047131480558e-10,1374.0,BID
511,1712176400.6985765,73779059.28993559,1287.0,-3.0706635916253742e-09,1374.0,ASK
512,1712176400.7039793,73779082.59218836,1287.0,-2.3075964786791517e-10,1374.0,ASK
513,1712176400.709102,73779489.6406517,1287.0,-4.030956191052656e-09,1374.0,ASK
514,1712176410.6833973,73779489.6406517,1287.0,-0.0,1374.0,ASK
515,1712176418.4805558,73779553.46093144,1287.0,-6.31989213398933e-10,1374.0,ASK
516,1712176418.4836075,73779880.11487678,1287.0,-3.234736212939701e-09,1374.0,ASK
517,1712176418.4863586,73779892.54688922,1287.0,-1.2310973557460648e-10,1374.0,ASK
518,1712176418.4890757,73780098.1390738,1286.0,-2.0359052571354022e-09,1374.0,ASK
519,1712176418.491779,73780398.1390738,1287.0,-2.9707918049689322e-09,1374.0,ASK
520,1712176418.4944837,73782489.50599296,1286.0,-2.0710052348744407e-08,1374.0,ASK
521,1712176418.497334,73783453.07649371,1287.0,-9.541891157090416e-09,1374.0,ASK
522,1712176418.4995418,73783750.83699137,1286.0,-2.948614820967165e-09,1374.0,ASK
523,1712176440.9889534,73783750.83699137,1286.0,-0.0,1374.0,ASK
524,1712176446.6393275,73787299.03274766,1286.0,-3.5134595742582426e-08,1374.0,ASK
525,1712176446.643229,73792464.8803935,1286.0,-5.1152749501802313e-08,1374.0,ASK
526,1712176446.64708,73792503.56834435,1286.0,-3.8309202946285586e-10,1374.0,ASK
527,1712176452.6090672,73794502.27882998,1286.0,-1.979143478608336e-08,1374.0,ASK
528,1712176465.8493958,73794506.34082998,1286.0,-4.0222337755657584e-11,1374.0,ASK
529,1712176467.0491476,73795341.84820998,1286.0,-8.27327916843856e-09,1374.0,ASK
530,1712176470.9692063,73795341.84820998,1286.0,-0.0,1374.0,ASK
531,1712176476.3116446,73795349.44699416,1286.0,-7.52328303781983e-11,1374.0,ASK
532,1712176488.7494988,73795460.18055524,1286.0,-1.096333179426011e-09,1374.0,ASK
533,1712176500.659691,73795460.18055524,1286.0,-0.0,1374.0,ASK
534,1712176506.034195,73795760.18055524,1286.0,-2.9724655127828637e-09,1374.0,ASK
535,1712176506.3300917,73796283.7172763,1286.0,-5.1873161601434605e-09,1374.0,ASK
536,1712176510.610087,73796291.48728406,1287.0,7.698693366223858e-11,1374.0,BID
537,1712176511.349687,73796665.84975493,1287.0,3.7092651130904467e-09,1374.0,BID
538,1712176513.4996848,73796677.41842917,1287.0,1.1462495065574319e-10,1374.0,BID
539,1712176515.590011,73796880.35346316,1287.0,2.010724632921462e-09,1374.0,BID
540,1712176515.689693,73797051.40616316,1287.0,-1.694827505375037e-09,1374.0,ASK
541,1712176530.384261,73797051.40626042,1287.0,-9.636721214619154e-16,1374.0,ASK
542,1712176530.3878372,73799017.87699,1286.0,-1.9484221418672112e-08,1374.0,ASK
543,1712176530.684437,73799017.87699,1286.0,-0.0,1374.0,ASK
544,1712176534.6999571,73799317.87699,1286.0,-2.9723307483068846e-09,1374.0,ASK
545,1712176538.1001155,73799470.79379,1286.0,-1.515064355166251e-09,1374.0,ASK
546,1712176538.760136,73799920.44808865,1286.0,-4.455070993268417e-09,1374.0,ASK
547,1712176541.9703665,73800220.44808865,1286.0,-2.9723307483068846e-09,1374.0,ASK
548,1712176548.602748,73800571.54908866,1286.0,-3.478627660312979e-09,1374.0,ASK
549,1712176550.0703044,73800724.54908866,1286.0,-1.515888681636511e-09,1374.0,ASK
550,1712176551.5702798,73801060.09408864,1286.0,-3.324502403005524e-09,1374.0,ASK
551,1712176552.1604643,73801252.8935708,1287.0,1.9102127635254517e-09,1374.0,BID
552,1712176554.6104631,73801480.8935708,1286.0,-2.2589713687132323e-09,1374.0,ASK
553,1712176560.586244,73802472.8935708,1286.0,-9.828507007734764e-09,1374.0,ASK
554,1712176560.9888952,73802472.8935708,1286.0,-0.0,1374.0,ASK
555,1712176567.3904223,73802612.8935708,1286.0,-1.3870266205994247e-09,1374.0,ASK
556,1712176570.400785,73802912.8935708,1286.0,-2.972199901284482e-09,1374.0,ASK
557,1712176571.8909347,73803145.1755708,1286.0,-2.301295124952506e-09,1374.0,ASK
558,1712176573.3906076,73803586.1755708,1286.0,-4.369133854888189e-09,1374.0,ASK
559,1712176574.4606116,73805528.6775133,1286.0,-1.924501360581605e-08,1374.0,ASK
560,1712176574.5607831,73806927.14290969,1286.0,-1.3855062376994118e-08,1374.0,ASK
561,1712176574.56616,73807471.1794558,1286.0,-5.389951228821941e-09,1374.0,ASK
562,1712176582.1116204,73807576.51166329,1286.0,-1.043561255640217e-09,1374.0,ASK
563,1712176582.1175532,73807772.46346857,1286.0,-1.9413597876858197e-09,1374.0,ASK
564,1712176582.123348,73807864.2208558,1286.0,-9.090709909474995e-10,1374.0,ASK
565,1712176586.271442,73807868.88648567,1286.0,-4.622394873478343e-11,1374.0,ASK
566,1712176586.274042,73807995.78421383,1286.0,-1.2572180503681582e-09,1374.0,ASK
567,1712176586.2806954,73808180.34875502,1286.0,-1.828542370360325e-09,1374.0,ASK
568,1712176586.284116,73808263.5931596,1285.0,-8.24730036958512e-10,1374.0,ASK
569,1712176586.286477,73808268.25878946,1286.0,-4.622394873478343e-11,1374.0,ASK
570,1712176586.2889547,73808770.31326415,1285.0,-4.9740208669604364e-09,1374.0,ASK
571,1712176586.3164628,73808920.53189456,1285.0,-1.4882659950000295e-09,1374.0,ASK
572,1712176586.3234012,73810504.53758983,1285.0,-1.569327190370376e-08,1374.0,ASK
573,1712176586.327882,73814796.27783763,1285.0,-4.2519699802842034e-08,1374.0,ASK
574,1712176586.330306,73814804.06599963,1284.0,-7.715991435620537e-11,1374.0,ASK
575,1712176586.3326793,73814809.51347044,1284.0,-5.3969907385300335e-11,1374.0,ASK
576,1712176586.3350585,73817341.17560218,1284.0,-2.5082019793493912e-08,1374.0,ASK
577,1712176586.3374236,73817348.95770335,1284.0,-7.709986775655653e-11,1374.0,ASK
578,1712176586.3398342,73818824.2745005,1284.0,-1.4616454796196644e-08,1374.0,ASK
579,1712176591.0109975,73818824.2745005,1284.0,-0.0,1374.0,ASK
580,1712176592.9833431,73818832.0626625,1284.0,-7.714385416397966e-11,1374.0,ASK
581,1712176592.9886708,73821844.91751233,1284.0,-2.984314339643286e-08,1374.0,ASK
582,1712176592.9922938,73822102.85020284,1284.0,-2.5548931672343182e-09,1374.0,ASK
583,1712176595.236087,73822850.28341936,1284.0,7.403528470974076e-09,1374.0,BID
584,1712176597.2406583,73823126.28341936,1284.0,2.733854761665497e-09,1374.0,BID
585,1712176600.96146,73823350.47594272,1284.0,2.2206876721674972e-09,1374.0,BID
586,1712176601.360907,73824518.70024177,1284.0,1.1571578125630149e-08,1374.0,BID
587,1712176616.3313315,73824847.82525793,1284.0,3.260072436930169e-09,1374.0,BID
588,1712176616.3365376,73825756.10986786,1284.0,8.996805093482391e-09,1374.0,BID
589,1712176618.0944996,73825831.857232,1284.0,-7.502981600035523e-10,1374.0,ASK
590,1712176620.72601,73825831.857232,1284.0,-0.0,1374.0,ASK
591,1712176622.3912382,73825931.857232,1284.0,-9.90438814686145e-10,1374.0,ASK
592,1712176628.9170864,73826526.63194777,1284.0,-5.890879644888737e-09,1374.0,ASK
593,1712176647.3315823,73826737.98662078,1285.0,2.0933387181746376e-09,1374.0,BID
594,1712176647.3713942,73827883.127294,1285.0,1.1341917710330674e-08,1374.0,BID
595,1712176647.3755584,73828415.13727443,1285.0,5.269233344135727e-09,1374.0,BID
596,1712176647.4714282,73828985.32812895,1285.0,5.647391540952785e-09,1374.0,BID
597,1712176647.512127,73830849.26102734,1285.0,1.846111490533241e-08,1374.0,BID
598,1712176647.544827,73849261.68232735,1285.0,1.8236376727882745e-07,1374.0,BID
599,1712176647.5742595,73849975.132186,1285.0,7.0662843233986365e-09,1374.0,BID
600,1712176647.578869,73850312.92614026,1285.0,3.345642436734408e-09,1374.0,BID
601,1712176647.5912807,73852578.92614026,1285.0,2.244334354078805e-08,1374.0,BID
602,1712176647.6117022,73853021.92614026,1285.0,4.387643949059624e-09,1374.0,BID
603,1712176647.6169565,73856672.92614026,1285.0,3.6160921124191163e-08,1374.0,BID
604,1712176647.63818,73857810.41923833,1285.0,1.1266173157614243e-08,1374.0,BID
605,1712176647.6716514,73864272.04676902,1285.0,6.399846712443937e-08,1374.0,BID
606,1712176647.677001,73865439.36194412,1285.0,1.156154258392344e-08,1374.0,BID
607,1712176650.665987,73865439.36194412,1285.0,0.0,1374.0,BID
608,1712176666.8248658,73865478.24219295,1286.0,-3.848910584906625e-10,1374.0,ASK
609,1712176666.830453,73866199.55647954,1285.0,-7.140577224333033e-09,1374.0,ASK
610,1712176669.1319246,73866207.30493452,1288.0,7.670503986035346e-11,1374.0,BID
611,1712176680.985006,73866207.30493452,1288.0,0.0,1374.0,BID
612,1712176681.8823588,73866226.8303448,1285.0,-1.9328791965813527e-10,1374.0,ASK
613,1712176681.8923516,73866409.32061715,1285.0,-1.8065261931387914e-09,1374.0,ASK
614,1712176697.0717702,73867606.0505312,1284.0,-1.1846790011814996e-08,1374.0,ASK
615,1712176701.7722404,73867622.94363678,1284.0,-1.6722994229733455e-10,1374.0,ASK
616,1712176701.7763758,73867926.21372274,1284.0,-3.002161960766714e-09,1374.0,ASK
617,1712176710.9967809,73867926.21372274,1284.0,-0.0,1374.0,ASK
618,1712176728.2922657,73867930.88661993,1284.0,-4.6257406547399087e-11,1374.0,ASK
619,1712176728.3031583,73868182.88622417,1283.0,-2.4945655060466677e-09,1374.0,ASK
620,1712176728.3076055,73874060.53288148,1283.0,-5.818332394724e-08,1374.0,ASK
621,1712176737.6127038,73874557.68224585,1284.0,4.921323822881286e-09,1374.0,BID
622,1712176737.742296,73875037.07627577,1284.0,4.745562257678288e-09,1374.0,BID
623,1712176737.8847544,73876050.07627577,1284.0,1.0027773119905414e-08,1374.0,BID
624,1712176737.9026089,73876333.21568999,1284.0,2.8028211323905167e-09,1374.0,BID
625,1712176740.675982,73876333.21568999,1284.0,0.0,1374.0,BID
626,1712176765.1904128,73878605.89849848,1285.0,2.2495077950805543e-08,1374.0,BID
627,1712176770.6794057,73878605.89849848,1285.0,0.0,1374.0,BID
628,1712176775.6640515,73878963.2689999,1285.0,-3.5371609644229554e-09,1374.0,ASK
629,1712176779.3693106,73880080.62680122,1285.0,-1.10593190605102e-08,1374.0,ASK
630,1712176785.8527918,73880371.90609492,1285.0,2.8830072524304307e-09,1374.0,BID
631,1712176800.7129142,73880371.90609492,1285.0,0.0,1374.0,BID
632,1712176808.6733377,73880756.1575713,1285.0,-3.804347147532798e-09,1374.0,ASK
633,1712176808.6816232,73881486.14822625,1285.0,-7.227396735206046e-09,1374.0,ASK
634,1712176816.3629544,73881950.76104777,1285.0,-4.599978323880433e-09,1374.0,ASK
635,1712176816.3730054,73882036.3641606,1285.0,-8.47528189589887e-10,1374.0,ASK
636,1712176816.5931804,73882048.25575317,1285.0,1.1773473644613023e-10,1374.0,BID
637,1712176823.9028563,73882052.92501388,1285.0,4.62288104458798e-11,1374.0,BID
638,1712176826.5933154,73882060.70711504,1285.0,7.704801711473669e-11,1374.0,BID
639,1712176828.1230266,73882142.81392156,1285.0,8.129124137911301e-10,1374.0,BID
640,1712176828.2032642,73882153.53010657,1285.0,1.0609741383852368e-10,1374.0,BID
641,1712176830.657797,73882153.53010657,1285.0,0.0,1374.0,BID
642,1712176840.7478733,73882226.98792312,1285.0,7.2726513181559e-10,1374.0,BID
643,1712176841.610072,73882704.95820576,1285.0,-4.7321188809921775e-09,1374.0,ASK
644,1712176841.703138,73883278.5225449,1285.0,-5.678542656925061e-09,1374.0,ASK
645,1712176841.803613,73883756.49282755,1285.0,-4.7321188809921775e-09,1374.0,ASK
646,1712176844.694637,73883814.12968601,1286.0,5.70630593739906e-10,1374.0,BID
647,1712176858.173387,73883829.71815056,1284.0,-1.5433274843491002e-10,1374.0,ASK
648,1712176858.1792786,73884374.88949011,1284.0,-5.397439303172689e-09,1374.0,ASK
649,1712176858.1838589,73884981.57185984,1284.0,-6.006425923918175e-09,1374.0,ASK
650,1712176860.9835231,73884981.57185984,1284.0,-0.0,1374.0,ASK
651,1712176861.6535606,73885906.71134101,1284.0,-9.158963872240918e-09,1374.0,ASK
652,1712176866.2944615,73885917.26717237,1286.0,1.0450367757024015e-10,1374.0,BID
653,1712176866.3002408,73886051.24298802,1286.0,1.3263725960248819e-09,1374.0,BID
654,1712176869.9533858,73886098.59408107,1284.0,-4.687800698351351e-10,1374.0,ASK
655,1712176869.9579885,73886513.81272861,1284.0,-4.110701866359085e-09,1374.0,ASK
656,1712176871.8934147,73887263.11626774,1284.0,-7.418172269022214e-09,1374.0,ASK
657,1712176871.9032483,73887899.77534436,1284.0,-6.302981983078776e-09,1374.0,ASK
658,1712176876.073485,73888322.95674396,1284.0,-4.189533826206415e-09,1374.0,ASK
659,1712176887.7335744,73888622.95674396,1284.0,-2.970026917661655e-09,1374.0,ASK
660,1712176890.1237504,73891495.57675692,1284.0,-2.8439195875769483e-08,1374.0,ASK
661,1712176890.2039535,73893396.1044049,1284.0,-1.881539424079117e-08,1374.0,ASK
662,1712176890.2085023,73894553.52709328,1284.0,-1.1458588465335241e-08,1374.0,ASK
663,1712176891.0038347,73894553.52709328,1284.0,-0.0,1374.0,ASK
664,1712176920.6488657,73894553.52709328,1284.0,-0.0,1374.0,ASK
665,1712176929.9043858,73895088.82433745,1283.0,5.2988459897948525e-09,1374.0,BID
666,1712176929.9104784,73896481.4970158,1283.0,1.3785907020939494e-08,1374.0,BID
667,1712176929.9186192,73898445.6620227,1283.0,1.9443043997125443e-08,1374.0,BID
668,1712176930.4837663,73898450.33856206,1283.0,4.629252646314712e-11,1374.0,BID
669,1712176948.723969,73898464.02677499,1282.0,-1.3549804895657336e-10,1374.0,ASK
670,1712176948.7511003,73898471.827087,1282.0,-7.721439345318967e-11,1374.0,ASK
671,1712176948.7548668,73898549.83020712,1282.0,-7.721439345318967e-10,1374.0,ASK
672,1712176948.7582295,73907560.9478815,1282.0,-8.920001974965835e-08,1374.0,ASK
673,1712176950.7049315,73907560.9478815,1282.0,-0.0,1374.0,ASK
674,1712176955.1341298,73908135.6456194,1282.0,5.687927835686769e-09,1374.0,BID
675,1712176964.9554012,73908164.44567631,1282.0,2.8504139573383327e-10,1374.0,BID
676,1712176964.9638832,73908407.2014505,1282.0,2.402614860292683e-09,1374.0,BID
677,1712176967.7741964,73908497.88287036,1282.0,8.97496785194109e-10,1374.0,BID
678,1712176967.7797596,73909187.23265173,1282.0,6.8226679023607165e-09,1374.0,BID
679,1712176971.9543712,73909355.69987498,1282.0,1.6673624156949267e-09,1374.0,BID
680,1712176971.9600878,73909590.73292968,1282.0,2.326181166090748e-09,1374.0,BID
681,1712176980.718797,73909590.73292968,1282.0,0.0,1374.0,BID
682,1712176984.484075,73909747.98018098,1282.0,1.556275454536057e-09,1374.0,BID
683,1712176984.4946237,73911380.99775027,1282.0,1.6161968739466393e-08,1374.0,BID
684,1712176987.9860866,73911442.56625143,1281.0,-6.093432243413688e-10,1374.0,ASK
685,1712176987.9888606,73911670.63026392,1281.0,-2.257148673660761e-09,1374.0,ASK
686,1712176987.9915688,73913369.60314883,1281.0,-1.6814728250015752e-08,1374.0,ASK
687,1712176989.0143042,73922635.5593824,1281.0,-9.17051339829217e-08,1374.0,ASK
688,1712176989.0200317,73922715.41553728,1281.0,-7.903360644981377e-10,1374.0,ASK
689,1712176992.744375,73923346.31072864,1281.0,-6.24396733528467e-09,1374.0,ASK
690,1712176992.7503982,73928271.44749565,1281.0,-4.874406005366293e-08,1374.0,ASK
691,1712176992.7556973,73932235.27441256,1281.0,-3.922998008377439e-08,1374.0,ASK
692,1712176992.7583292,73942240.68918256,1281.0,-9.902355233611772e-08,1374.0,ASK
693,1712177002.0762024,73942318.81418256,1280.0,-7.73202831076005e-10,1374.0,ASK
694,1712177002.0823102,73943991.31418256,1280.0,-1.6552726207675132e-08,1374.0,ASK
695,1712177002.0870583,73953620.76798435,1280.0,-9.530266804803365e-08,1374.0,ASK
696,1712177002.0916955,73954956.60943861,1280.0,-1.3220817847146509e-08,1374.0,ASK
697,1712177002.0959358,73954965.420658,1280.0,-8.720460519465806e-11,1374.0,ASK
698,1712177002.0986838,73956345.81740177,1280.0,-1.3661781379621825e-08,1374.0,ASK
699,1712177002.1014245,73958069.2928321,1280.0,-1.7057229849964755e-08,1374.0,ASK
700,1712177002.1041763,73961972.49345662,1281.0,3.86299618960546e-08,1374.0,BID
701,1712177002.1069396,73971430.0111958,1280.0,-9.36010174833025e-08,1374.0,ASK
702,1712177002.1145003,73975970.78641835,1280.0,-4.4940035294197166e-08,1374.0,ASK
703,1712177002.119221,73977820.77845936,1280.0,-1.830936426975291e-08,1374.0,ASK
704,1712177005.814468,73979181.255289,1280.0,-1.3464634064603598e-08,1374.0,ASK
705,1712177005.974126,73981181.255289,1280.0,-1.9793992475545743e-08,1374.0,ASK
706,1712177009.944379,73985107.19665964,1280.0,-3.88550269749036e-08,1374.0,ASK
707,1712177010.2073069,73985111.88050038,1281.0,4.635595414991028e-11,1374.0,BID
708,1712177010.6844344,73985111.88050038,1281.0,0.0,1374.0,BID
709,1712177011.840396,73985316.21873616,1281.0,2.020401038762932e-09,1374.0,BID
710,1712177011.846852,73985641.93321072,1281.0,3.220512598755008e-09,1374.0,BID
711,1712177011.9542398,73986337.62739305,1281.0,6.878699149398841e-09,1374.0,BID
712,1712177012.021481,73986898.2375882,1281.0,5.543051775333099e-09,1374.0,BID
713,1712177012.0270827,73986952.57135779,1281.0,5.372269369924941e-10,1374.0,BID
714,1712177012.0945015,73987411.6032281,1281.0,4.538692741854301e-09,1374.0,BID
715,1712177012.1005385,73987517.43465874,1281.0,1.046411757249261e-09,1374.0,BID
716,1712177012.1944878,73987978.99121445,1281.0,4.563655651907164e-09,1374.0,BID
717,1712177012.200584,73988120.13749221,1281.0,1.395588471757816e-09,1374.0,BID
718,1712177012.2742798,73988136.90289214,1281.0,1.6576844421814014e-10,1374.0,BID
719,1712177012.2841134,73988728.87293473,1281.0,5.8531233001450874e-09,1374.0,BID
720,1712177012.3542483,73988877.8360173,1281.0,1.4728773868761451e-09,1374.0,BID
721,1712177012.3641686,73989327.24855031,1281.0,4.4435812273115075e-09,1374.0,BID
722,1712177012.4343123,73989697.8165127,1281.0,3.664002937537873e-09,1374.0,BID
723,1712177012.4440527,73991126.81564587,1281.0,1.4129276011501351e-08,1374.0,BID
724,1712177012.45413,73991636.53480744,1281.0,5.0398650041165445e-09,1374.0,BID
725,1712177012.4641566,73991642.5015412,1281.0,5.899627657989219e-11,1374.0,BID
726,1712177013.7642505,73992539.08680952,1281.0,8.865016380955557e-09,1374.0,BID
727,1712177017.8451278,73993319.46146592,1280.0,-7.715980126822529e-09,1374.0,ASK
728,1712177017.848657,73994319.46146592,1280.0,-9.887532947736169e-09,1374.0,ASK
729,1712177017.8515377,74047748.9250764,1280.0,-5.282855818283957e-07,1374.0,ASK
730,1712177018.004203,74048053.9250764,1280.0,3.0156975490595315e-09,1374.0,BID
731,1712177022.394196,74048132.11115927,1279.0,-7.73067470429263e-10,1374.0,ASK
732,1712177022.3993845,74048142.21960336,1279.0,-9.994757403627908e-11,1374.0,ASK
733,1712177022.4022496,74059320.6541539,1279.0,-1.1052713992256337e-07,1374.0,ASK
734,1712177023.0043638,74059466.42543045,1280.0,1.441318299706902e-09,1374.0,BID
735,1712177023.0241525,74059612.10651599,1280.0,1.4404265331569574e-09,1374.0,BID
736,1712177023.454046,74059742.519002,1280.0,1.289457752286801e-09,1374.0,BID
737,1712177023.85419,74059838.68859746,1280.0,9.50880043583944e-10,1374.0,BID
738,1712177023.8744123,74059934.0807601,1280.0,9.431931511658258e-10,1374.0,BID
739,1712177023.9949875,74060339.0807601,1280.0,4.004450843833148e-09,1374.0,BID
740,1712177024.0749831,74060354.0807601,1280.0,1.4831299421604248e-10,1374.0,BID
741,1712177025.885128,74063566.8437076,1280.0,3.1766299496669773e-08,1374.0,BID
742,1712177025.9244456,74064484.96927258,1280.0,9.07799677387418e-09,1374.0,BID
743,1712177025.927542,74064581.40042786,1280.0,9.53466225012131e-10,1374.0,BID
744,1712177026.004392,74064810.68374714,1280.0,2.267046373742877e-09,1374.0,BID
745,1712177026.0094562,74065765.04993483,1280.0,9.436327125006932e-09,1374.0,BID
746,1712177027.7613137,74065790.73293483,1281.0,2.539415086802064e-10,1374.0,BID
747,1712177031.784368,74065955.29544291,1279.0,-1.627117220567794e-09,1374.0,ASK
748,1712177034.4845943,74066033.3594554,1281.0,7.71860495603135e-10,1374.0,BID
749,1712177035.365037,74066193.51934592,1279.0,-1.5835861943985127e-09,1374.0,ASK
750,1712177035.3715982,74066227.13936155,1279.0,-3.3241901215787435e-10,1374.0,ASK
751,1712177035.3763957,74068704.81776176,1279.0,-2.4498126816054533e-08,1374.0,ASK
752,1712177036.5444374,74068709.5016025,1281.0,4.631162960653272e-11,1374.0,BID
753,1712177039.124448,74069313.5016025,1279.0,5.9720699004326465e-09,1374.0,BID
754,1712177039.26459,74069682.6287753,1279.0,3.6497570829441193e-09,1374.0,BID
755,1712177040.0530324,74069903.6287753,1279.0,2.185144781449693e-09,1374.0,BID
756,1712177040.9744508,74069903.6287753,1279.0,0.0,1374.0,BID
757,1712177042.094838,74069904.10507897,1279.0,4.704420115247675e-12,1374.0,BID
758,1712177042.1016922,74070131.2410753,1279.0,2.2434073564837347e-09,1374.0,BID
759,1712177042.9544806,74070131.24113946,1279.0,6.336003986754568e-16,1374.0,BID
760,1712177054.6744506,74071250.67191277,1279.0,-1.105654441560808e-08,1374.0,ASK
761,1712177070.989961,74071250.67191277,1279.0,-0.0,1374.0,ASK
762,1712177071.2845812,74071375.97732282,1279.0,-1.2376122663723291e-09,1374.0,ASK
763,1712177071.2949858,74072370.1026861,1279.0,-9.818744007170722e-09,1374.0,ASK
764,1712177075.404624,74072374.01199025,1281.0,3.861128388215578e-11,1374.0,BID
765,1712177099.1948884,74072397.41949023,1281.0,2.3119040985851623e-10,1374.0,BID
766,1712177100.70838,74072397.41949023,1281.0,0.0,1374.0,BID
767,1712177100.88524,74072685.20583247,1279.0,-2.844554310318896e-09,1374.0,ASK
768,1712177104.358961,74072697.44042198,1281.0,1.2092983313874183e-10,1374.0,BID
769,1712177109.3850515,74072991.12042199,1281.0,2.902808741344742e-09,1374.0,BID
770,1712177109.72557,74073153.4993394,1279.0,-1.604995031528122e-09,1374.0,ASK
771,1712177109.7309337,74074593.90747073,1279.0,-1.4237364868668057e-08,1374.0,ASK
772,1712177109.735891,74077412.86803763,1279.0,-2.7863332112791052e-08,1374.0,ASK
773,1712177109.7852302,74077477.23384045,1279.0,6.36208169020948e-10,1374.0,BID
774,1712177109.7917292,74080969.2533816,1279.0,3.4516020323936464e-08,1374.0,BID
775,1712177113.0950785,74081065.0587816,1281.0,9.46965243048279e-10,1374.0,BID
776,1712177115.5353189,74081188.95067681,1280.0,-1.2245793939550043e-09,1374.0,ASK
777,1712177117.8693185,74081756.95067681,1280.0,5.6142582574354995e-09,1374.0,BID
778,1712177118.8854375,74082672.87425348,1279.0,9.053224477971198e-09,1374.0,BID
779,1712177121.1827426,74082931.88196148,1279.0,-2.5600988791691776e-09,1374.0,ASK
780,1712177121.215561,74083327.66896148,1280.0,3.9120606213702475e-09,1374.0,BID
781,1712177122.074937,74083423.47756147,1280.0,9.46996872618535e-10,1374.0,BID
782,1712177122.0984871,74083558.47756147,1280.0,1.334374761890479e-09,1374.0,BID
783,1712177123.2850077,74083708.48426148,1280.0,1.482704848937996e-09,1374.0,BID
784,1712177125.934976,74083712.77664652,1280.0,4.242703902206662e-11,1374.0,BID
785,1712177130.4973085,74083852.77664652,1280.0,1.3837960493679047e-09,1374.0,BID
786,1712177130.532539,74086005.07527652,1280.0,2.1273873866091372e-08,1374.0,BID
787,1712177130.679062,74086005.07527652,1280.0,0.0,1374.0,BID
788,1712177130.70856,74086205.07527652,1280.0,1.976511395505392e-09,1374.0,BID
789,1712177130.7951438,74086351.17570408,1280.0,1.4438457997341415e-09,1374.0,BID
790,1712177130.9224224,74087970.70740604,1280.0,1.600511432160127e-08,1374.0,BID
791,1712177131.0156684,74088495.65720123,1280.0,5.1878462612718865e-09,1374.0,BID
792,1712177131.025137,74089509.85793896,1280.0,1.0022896577263324e-08,1374.0,BID
793,1712177131.154968,74089658.15395734,1280.0,1.465543851150558e-09,1374.0,BID
794,1712177131.2858343,74089939.27433147,1280.0,2.778188114865853e-09,1374.0,BID
795,1712177131.2925932,74093282.97257382,1280.0,3.3044288395694585e-08,1374.0,BID
796,1712177131.299229,74098545.29675405,1280.0,5.2005218545345743e-08,1374.0,BID
797,1712177131.585293,74100055.3169902,1281.0,1.4922861020965454e-08,1374.0,BID
798,1712177131.592082,74100305.12183017,1281.0,2.468710564252496e-09,1374.0,BID
799,1712177134.0752025,74100860.19021758,1281.0,5.48549496509213e-09,1374.0,BID
800,1712177134.0805645,74101025.17381847,1281.0,1.630459836100377e-09,1374.0,BID
801,1712177134.0850108,74102064.94690628,1281.0,1.0275616784025446e-08,1374.0,BID
802,1712177134.777212,74103855.21172687,1281.0,1.769239409434883e-08,1374.0,BID
803,1712177136.6651278,74104408.53946646,1281.0,-5.468292913660033e-09,1374.0,ASK
804,1712177138.855038,74104642.73150393,1281.0,-2.3144161540603463e-09,1374.0,ASK
805,1712177141.505318,74104720.61312386,1284.0,7.69669546462965e-10,1374.0,BID
806,1712177145.3140862,74104725.28602105,1284.0,4.618017272887333e-11,1374.0,BID
807,1712177148.9850802,74104733.07418305,1284.0,7.696695464629659e-11,1374.0,BID
808,1712177150.2885664,74105041.15534495,1284.0,3.044629636192846e-09,1374.0,BID
809,1712177156.0758474,74105288.13305333,1284.0,2.440771275287817e-09,1374.0,BID
810,1712177156.0833173,74106491.92529307,1284.0,1.1896545398340192e-08,1374.0,BID
811,1712177156.0889022,74108210.17986695,1284.0,1.6980748728281473e-08,1374.0,BID
812,1712177160.695363,74108210.17986695,1284.0,0.0,1374.0,BID
813,1712177166.095391,74108270.5730812,1282.0,-5.96671663192459e-10,1374.0,ASK
814,1712177171.8858066,74108327.06760094,1282.0,-5.58153419693789e-10,1374.0,ASK
815,1712177171.9854226,74108697.9353679,1282.0,3.664091903695125e-09,1374.0,BID
816,1712177171.9936378,74109097.9353679,1282.0,3.951911953648901e-09,1374.0,BID
817,1712177172.0250793,74109300.9352679,1282.0,2.005594328482104e-09,1374.0,BID
818,1712177172.065494,74109746.31976444,1282.0,4.400300789614141e-09,1374.0,BID
819,1712177173.3556302,74109834.82026684,1282.0,8.74365483420833e-10,1374.0,BID
820,1712177173.5154464,74110058.82026684,1282.0,2.2130706940433846e-09,1374.0,BID
821,1712177174.1982498,74110149.82712616,1282.0,8.99127738001408e-10,1374.0,BID
822,1712177174.2186673,74110241.10103664,1282.0,9.017661446833231e-10,1374.0,BID
823,1712177176.3853526,74111331.23311825,1282.0,1.0770265010955888e-08,1374.0,BID
824,1712177176.4452329,74112136.44431488,1282.0,7.955309382946871e-09,1374.0,BID
825,1712177176.5151303,74112436.44431488,1282.0,2.9639339652366757e-09,1374.0,BID
826,1712177176.5454328,74112907.1831683,1282.0,4.650796254740989e-09,1374.0,BID
827,1712177176.5655935,74113412.39436494,1282.0,4.991375417710194e-09,1374.0,BID
828,1712177176.5729754,74113738.1088395,1282.0,3.21798731371378e-09,1374.0,BID
829,1712177183.795381,74113743.1088395,1284.0,4.9398899420611257e-11,1374.0,BID
830,1712177190.665624,74113743.1088395,1284.0,0.0,1374.0,BID
831,1712177198.465513,74114224.87635925,1283.0,4.759423512494881e-09,1374.0,BID
832,1712177198.4711862,74114522.14254946,1283.0,2.936718722394988e-09,1374.0,BID
833,1712177205.9356148,74114954.69288942,1282.0,-4.273202683764138e-09,1374.0,ASK
834,1712177207.725388,74117105.71744414,1282.0,-2.1250159925316003e-08,1374.0,ASK
835,1712177220.98617,74117105.71744414,1282.0,-0.0,1374.0,ASK
836,1712177246.7055955,74117239.7969894,1284.0,1.324527149603032e-09,1374.0,BID
837,1712177250.9793456,74117239.7969894,1284.0,0.0,1374.0,BID
838,1712177252.674545,74117244.46988659,1284.0,4.6161915727521504e-11,1374.0,BID
839,1712177254.3057868,74117252.25804858,1284.0,7.693652631067139e-11,1374.0,BID
840,1712177254.8249362,74117520.94213,1284.0,2.654235995342722e-09,1374.0,BID
841,1712177254.83221,74118913.61480835,1284.0,1.3757725925073489e-08,1374.0,BID
842,1712177254.8357933,74123940.85734764,1284.0,4.9662369406319495e-08,1374.0,BID
843,1712177269.525781,74124784.14356112,1283.0,-8.330529335354067e-09,1374.0,ASK
844,1712177273.326049,74124940.85734764,1283.0,-1.548120643878244e-09,1374.0,ASK
845,1712177273.3332293,74125017.97052917,1283.0,-7.617741291339914e-10,1374.0,ASK
846,1712177280.716707,74125017.97052917,1283.0,-0.0,1374.0,ASK
847,1712177281.495582,74125405.00940774,1283.0,-3.823044469656007e-09,1374.0,ASK
848,1712177282.6664164,74125454.28538185,1283.0,-4.86732084902874e-10,1374.0,ASK
849,1712177296.4261425,74125701.26309025,1284.0,2.439565672835511e-09,1374.0,BID
850,1712177296.4325278,74126231.93394075,1284.0,5.241794487631782e-09,1374.0,BID
851,1712177302.1161156,74126615.11022215,1284.0,3.784890987889456e-09,1374.0,BID
852,1712177302.1233292,74126747.93394075,1284.0,1.3119895983858067e-09,1374.0,BID
853,1712177302.816164,74127184.73815475,1284.0,4.3146103068670615e-09,1374.0,BID
854,1712177302.8233235,74128509.61618374,1284.0,1.3086715320030705e-08,1374.0,BID
855,1712177309.0661972,74128711.7965254,1284.0,1.997071818485136e-09,1374.0,BID
856,1712177309.073665,74128712.61618374,1284.0,8.096319138658844e-12,1374.0,BID
857,1712177310.6967075,74128712.61618374,1284.0,0.0,1374.0,BID
858,1712177311.1418822,74129190.11848105,1284.0,4.716391784667732e-09,1374.0,BID
859,1712177311.145244,74129491.61618374,1284.0,2.97795695656013e-09,1374.0,BID
860,1712177318.0751605,74129712.22123207,1284.0,2.1789629986084314e-09,1374.0,BID
861,1712177318.0823865,74131185.0702125,1284.0,1.4547642745270343e-08,1374.0,BID
862,1712177318.0894475,74131510.78468707,1284.0,3.217151164873023e-09,1374.0,BID
863,1712177325.9164703,74131672.7049522,1284.0,1.599320909024834e-09,1374.0,BID
864,1712177325.925067,74131699.07761225,1284.0,2.6048837445807556e-10,1374.0,BID
865,1712177341.024618,74131699.07761225,1284.0,0.0,1374.0,BID
866,1712177342.29627,74132015.47930278,1284.0,3.1250484532303396e-09,1374.0,BID
867,1712177342.304906,74132477.50459813,1284.0,4.563349305020574e-09,1374.0,BID
868,1712177346.0064008,74132621.76335981,1284.0,1.4248205163800704e-09,1374.0,BID
869,1712177352.256157,74132835.45979819,1284.0,2.110645246811677e-09,1374.0,BID
1070,1712177352.2637837,74132837.94701739,1284.0,2.4565862778406678e-11,1374.0,BID
870,1712177352.2637837,74132837.94701739,1284.0,2.456586277840668e-11,1374.0,BID
871,1712177359.1661215,74132842.61991458,1284.0,4.615345168005558e-11,1374.0,BID
872,1712177359.2058506,74132935.15052205,1284.0,9.139098823700155e-10,1374.0,BID
873,1712177370.2594123,74132958.53321885,1283.0,-2.3094712396071875e-10,1374.0,ASK
874,1712177370.2645102,74133743.17599885,1282.0,-7.749790154109407e-09,1374.0,ASK
875,1712177370.2698593,74135521.48596157,1283.0,-1.7564080612499162e-08,1374.0,ASK
876,1712177370.2732222,74135529.28627358,1282.0,-7.70424233464372e-11,1374.0,ASK
877,1712177370.2766132,74135774.69669385,1283.0,-2.423879129685509e-09,1374.0,ASK
878,1712177370.2799542,74136294.88405333,1282.0,-5.1378066293755805e-09,1374.0,ASK
879,1712177371.0195875,74136294.88405333,1282.0,-0.0,1374.0,ASK
880,1712177373.0464191,74136745.21342921,1284.0,4.447571581044601e-09,1374.0,BID
881,1712177373.0541413,74137621.90590066,1284.0,8.6584458624554e-09,1374.0,BID
882,1712177380.0362897,74137693.71898477,1284.0,7.092449419157883e-10,1374.0,BID
883,1712177396.5836265,74137828.55642435,1284.0,1.3316900838978698e-09,1374.0,BID
884,1712177396.6033757,74137943.48427628,1284.0,1.1350577499390867e-09,1374.0,BID
885,1712177396.700684,74138025.2940915,1284.0,8.07975292490836e-10,1374.0,BID
886,1712177396.7105896,74138058.41212821,1284.0,3.2708245744825076e-10,1374.0,BID
887,1712177400.6995912,74138058.41212821,1284.0,0.0,1374.0,BID
888,1712177407.606347,74138279.9282932,1283.0,-2.188299352370409e-09,1374.0,ASK
889,1712177413.4474905,74138848.81276347,1284.0,5.619858568467398e-09,1374.0,BID
890,1712177413.4561193,74139062.67243513,1284.0,2.112662888653221e-09,1374.0,BID
891,1712177421.5064902,74139173.73127425,1283.0,-1.0971207709279202e-09,1374.0,ASK
892,1712177421.5152483,74139829.93914668,1283.0,-6.482503262670874e-09,1374.0,ASK
893,1712177430.6705256,74139829.93914668,1283.0,-0.0,1374.0,ASK
894,1712177445.7966192,74140309.6436399,1283.0,-4.738766827697563e-09,1374.0,ASK
895,1712177448.7926097,74140847.40726583,1283.0,-5.312304695169793e-09,1374.0,ASK
896,1712177456.4866447,74140925.34958851,1283.0,-7.699542081350884e-10,1374.0,ASK
897,1712177456.4937575,74142030.04117297,1283.0,-1.0912709614315105e-08,1374.0,ASK
898,1712177456.500707,74142853.9051568,1283.0,-8.138550654197191e-09,1374.0,ASK
899,1712177457.4472072,74144725.61701152,1282.0,-1.8489728933934373e-08,1374.0,ASK
900,1712177457.4557686,74146365.37701151,1282.0,-1.6198389640060492e-08,1374.0,ASK
901,1712177457.462446,74147693.77779014,1282.0,-1.312262368312208e-08,1374.0,ASK
1101,1712177457.462446,74147693.77779014,1282.0,-1.3122623683122081e-08,1374.0,ASK
902,1712177461.006616,74147693.77779014,1282.0,-0.0,1374.0,ASK
903,1712177467.9567478,74147838.31502463,1283.0,1.427670652234886e-09,1374.0,BID
904,1712177481.0637653,74148028.31502463,1283.0,1.876730414075406e-09,1374.0,BID
905,1712177484.686624,74148805.65329431,1283.0,7.678180909129431e-09,1374.0,BID
906,1712177487.3241534,74150661.56633545,1283.0,1.833183394839615e-08,1374.0,BID
907,1712177491.0105617,74150661.56633545,1283.0,0.0,1374.0,BID
908,1712177494.817953,74150853.22845829,1282.0,-1.893076880328109e-09,1374.0,ASK
909,1712177494.8248384,74151705.05334125,1282.0,-8.413608115262918e-09,1374.0,ASK
910,1712177494.830808,74152285.05334125,1280.0,-5.728751066583474e-09,1374.0,ASK
911,1712177494.835575,74152289.03460589,1281.0,-3.9323575912725456e-11,1374.0,ASK
912,1712177494.8390503,74152765.22508207,1281.0,-4.703408100531108e-09,1374.0,ASK
913,1712177494.8425229,74152844.44817099,1282.0,-7.82498888188197e-10,1374.0,ASK
914,1712177494.846198,74152861.10934286,1280.0,-1.6456501053771758e-10,1374.0,ASK
915,1712177494.8497024,74155257.2703568,1281.0,-2.36672585592216e-08,1374.0,ASK
916,1712177494.8532004,74162312.59839223,1280.0,-6.968658277251873e-08,1374.0,ASK
917,1712177512.0370965,74162361.2768611,1282.0,-4.808048800827359e-10,1374.0,ASK
918,1712177512.044821,74162608.08996648,1281.0,-2.437811794243748e-09,1374.0,ASK
919,1712177518.2512374,74162883.10001636,1281.0,-2.716317442359744e-09,1374.0,ASK
920,1712177518.926672,74163346.81792907,1281.0,-4.580214632898016e-09,1374.0,ASK
921,1712177520.691503,74163346.81792907,1281.0,-0.0,1374.0,ASK
922,1712177521.056718,74164482.172324,1281.0,-1.1212274748545733e-08,1374.0,ASK
923,1712177521.33673,74164494.71277827,1281.0,1.238441665066703e-10,1374.0,BID
924,1712177522.186952,74164544.71277827,1280.0,-4.93778629766986e-10,1374.0,ASK
925,1712177535.6667545,74164583.80583994,1280.0,-3.860663685027054e-10,1374.0,ASK
926,1712177542.8766804,74166213.20067678,1280.0,-1.6091206997714912e-08,1374.0,ASK
927,1712177550.212629,74166692.90517002,1280.0,-4.737356547297555e-09,1374.0,ASK
1127,1712177550.212629,74166692.90517002,1280.0,-4.7373565472975554e-09,1374.0,ASK
928,1712177550.711078,74166692.90517002,1280.0,-0.0,1374.0,ASK
929,1712177553.8712685,74166877.3651539,1281.0,1.8215708940223942e-09,1374.0,BID
930,1712177553.8760176,74166991.02592309,1281.0,1.122417689801662e-09,1374.0,BID
931,1712177553.9924622,74167105.12403835,1281.0,1.126736549951391e-09,1374.0,BID
932,1712177555.3775227,74167466.7529166,1281.0,3.571141150713438e-09,1374.0,BID
933,1712177555.3875203,74167807.4717304,1281.0,3.3646510274294e-09,1374.0,BID
934,1712177555.6968756,74168771.9947755,1281.0,9.524814372837716e-09,1374.0,BID
935,1712177555.7970808,74168994.57701668,1281.0,2.198034086028152e-09,1374.0,BID
936,1712177556.7170358,74169057.70328324,1283.0,6.233816537892601e-10,1374.0,BID
937,1712177572.367188,74169114.60242453,1281.0,-5.618878279521323e-10,1374.0,ASK
938,1712177572.375147,74169693.70101567,1281.0,-5.7186882284463315e-09,1374.0,ASK
939,1712177578.517158,74170145.02782139,1281.0,-4.456922069231548e-09,1374.0,ASK
940,1712177580.0870109,74170955.21518557,1281.0,-8.000725633395738e-09,1374.0,ASK
941,1712177580.9932606,74170955.21518557,1281.0,-0.0,1374.0,ASK
942,1712177587.476921,74171189.04215361,1283.0,2.308953006211062e-09,1374.0,BID
943,1712177592.3808286,74171392.08891901,1283.0,2.005010129062532e-09,1374.0,BID
944,1712177592.3888755,74171578.75610527,1283.0,1.843267970678732e-09,1374.0,BID
1144,1712177592.3888755,74171578.75610527,1283.0,1.8432679706787321e-09,1374.0,BID
945,1712177592.4968464,74172390.32537909,1283.0,8.013940095095018e-09,1374.0,BID
946,1712177599.5970814,74172852.43800575,1283.0,4.563187674428305e-09,1374.0,BID
947,1712177602.9072049,74172946.09047301,1283.0,9.247827470078187e-10,1374.0,BID
948,1712177602.9135778,74173035.84389038,1283.0,8.86281101764899e-10,1374.0,BID
949,1712177604.1971097,74173266.78465421,1283.0,2.2804528295647635e-09,1374.0,BID
950,1712177607.7070873,74173317.91123255,1283.0,5.048556534009285e-10,1374.0,BID
951,1712177611.0187497,74173317.91123255,1283.0,0.0,1374.0,BID
952,1712177611.0669749,74174432.15336387,1282.0,-1.1002390922386004e-08,1374.0,ASK
1153,1712177640.3471186,74174902.3580871,1283.0,4.6429550930033204e-09,1374.0,BID
953,1712177640.3471186,74174902.3580871,1283.0,4.64295509300332e-09,1374.0,BID
954,1712177640.353146,74176348.87655662,1283.0,1.42833960687701e-08,1374.0,BID
955,1712177640.6840572,74176348.87655662,1283.0,0.0,1374.0,BID
956,1712177644.6970737,74176439.73948956,1283.0,-8.97175852050575e-10,1374.0,ASK
957,1712177653.5379353,74176485.78675945,1282.0,-4.546683368964562e-10,1374.0,ASK
958,1712177653.5453513,74178824.05643988,1283.0,-2.308795264568741e-08,1374.0,ASK
959,1712177653.5525262,74179754.2426728,1282.0,-9.184610259977393e-09,1374.0,ASK
960,1712177653.5576513,74183126.00350651,1283.0,-3.329259029143429e-08,1374.0,ASK
961,1712177653.5618007,74186528.49378125,1282.0,-3.3596011186513365e-08,1374.0,ASK
962,1712177653.565978,74188477.05184829,1283.0,-1.9239960538244505e-08,1374.0,ASK
963,1712177653.5701544,74198645.51299067,1282.0,-1.0040285399927321e-07,1374.0,ASK
964,1712177670.7023883,74198645.51299067,1282.0,-0.0,1374.0,ASK
965,1712177700.9740598,74198645.51299067,1282.0,-0.0,1374.0,ASK
966,1712177727.1576483,74199113.1287541,1283.0,-4.618722466691068e-09,1374.0,ASK
967,1712177727.166541,74199429.80501454,1283.0,-3.127866665686225e-09,1374.0,ASK
968,1712177731.031932,74199429.80501454,1283.0,-0.0,1374.0,ASK
969,1712177760.6974576,74199429.80501454,1283.0,-0.0,1374.0,ASK
970,1712177764.4375432,74199529.80501454,1285.0,9.877076273926643e-10,1374.0,BID
971,1712177769.327495,74199805.16479678,1283.0,-2.7197495720425916e-09,1374.0,ASK
972,1712177769.333854,74200381.68066417,1283.0,-5.694291195263836e-09,1374.0,ASK
973,1712177769.8272862,74200981.68066417,1283.0,-5.926245764355986e-09,1374.0,ASK
974,1712177770.7676463,74201336.48302951,1284.0,3.504410024709245e-09,1374.0,BID
975,1712177771.8178957,74202277.85712507,1283.0,-9.298023744136138e-09,1374.0,ASK
976,1712177771.8258443,74203200.4159279,1283.0,-9.112183662716513e-09,1374.0,ASK
977,1712177771.9060156,74203213.24917495,1283.0,-1.2675495996134468e-10,1374.0,ASK
978,1712177771.9120722,74203292.10997836,1283.0,-7.789141703077622e-10,1374.0,ASK
979,1712177784.7379203,74203297.53067838,1282.0,-5.3540667492773205e-11,1374.0,ASK
980,1712177784.7462802,74203299.10997836,1282.0,-1.55988664247133e-11,1374.0,ASK
981,1712177786.5090475,74203332.37471779,1283.0,-3.2855836852304625e-10,1374.0,ASK
982,1712177790.6805058,74203332.37471779,1283.0,-0.0,1374.0,ASK
983,1712177799.397782,74203475.36099993,1283.0,-1.4122165667301912e-09,1374.0,ASK
984,1712177818.9676456,74205014.02389938,1283.0,-1.5196739188503784e-08,1374.0,ASK
985,1712177820.7426968,74205014.02389938,1283.0,-0.0,1374.0,ASK
986,1712177823.6979876,74205249.96566021,1282.0,-2.330249855647556e-09,1374.0,ASK
987,1712177823.707472,74207258.65874827,1282.0,-1.983861085826529e-08,1374.0,ASK
988,1712177823.7117476,74208038.68994951,1282.0,-7.703882465070728e-09,1374.0,ASK
989,1712177824.4976954,74209961.1213453,1282.0,-1.898665783711464e-08,1374.0,ASK
990,1712177824.5775657,74211717.18848567,1282.0,-1.7343581678044417e-08,1374.0,ASK
991,1712177824.6577744,74214046.86571497,1282.0,-2.30087713510316e-08,1374.0,ASK
992,1712177824.7376325,74215173.29036094,1282.0,-1.1124994826513692e-08,1374.0,ASK
993,1712177824.8177483,74217374.18670101,1282.0,-2.173688269737488e-08,1374.0,ASK
1194,1712177824.8271546,74217502.96759024,1282.0,-1.271888653656716e-09,1374.0,ASK
994,1712177824.8271546,74217502.96759024,1282.0,-1.2718886536567161e-09,1374.0,ASK
995,1712177850.6941998,74217502.96759024,1282.0,-0.0,1374.0,ASK
996,1712177852.4681163,74217602.96759024,1282.0,-9.874815825953154e-10,1374.0,ASK
997,1712177852.477877,74221698.5062692,1282.0,-4.044269016278772e-08,1374.0,ASK
1198,1712177852.627528,74224296.3375592,1282.0,2.565310553556669e-08,1374.0,BID
998,1712177852.627528,74224296.3375592,1282.0,2.5653105535566692e-08,1374.0,BID
999,1712177853.8075783,74228809.45597346,1282.0,4.4566213141613243e-08,1374.0,BID
1000,1712177861.0629952,74228866.79452723,1282.0,-5.66207658218855e-10,1374.0,ASK
1201,1712177871.5680082,74229145.70694625,1282.0,-2.754208769404728e-09,1374.0,ASK
1202,1712177871.5712094,74229573.14572534,1282.0,-4.2208792203432885e-09,1374.0,ASK
1203,1712177872.2477033,74229603.08979928,1282.0,-2.956922152884008e-10,1374.0,ASK
1204,1712177881.0007188,74229603.08979928,1282.0,-0.0,1374.0,ASK
1205,1712177882.1980808,74229613.08979928,1282.0,9.873303416895095e-11,1374.0,BID
1206,1712177883.831221,74229808.00014442,1282.0,1.9244089766305228e-09,1374.0,BID
1207,1712177890.7389536,74230048.88539033,1281.0,-2.378333121466802e-09,1374.0,ASK
1208,1712177890.741681,74230539.50954577,1281.0,-4.844081150385021e-09,1374.0,ASK
1209,1712177895.9414794,74230638.80954577,1282.0,9.804190292682583e-10,1374.0,BID
1210,1712177896.4079285,74231432.08161202,1281.0,-7.832215802237937e-09,1374.0,ASK
1211,1712177899.038099,74231830.33902231,1282.0,3.9321162497988924e-09,1374.0,BID
1212,1712177906.2080088,74231890.18332344,1282.0,5.908609428714564e-10,1374.0,BID
1213,1712177906.7080135,74233015.97443801,1283.0,1.1115277258181387e-08,1374.0,BID
1214,1712177906.7480583,74233733.96885286,1281.0,-7.0889767094606605e-09,1374.0,ASK
1215,1712177906.7507524,74233774.12455173,1282.0,-3.9646939881805325e-10,1374.0,ASK
1216,1712177910.9996586,74233774.12455173,1282.0,-0.0,1374.0,ASK
1217,1712177920.168068,74233813.93040197,1282.0,-3.92994493280436e-10,1374.0,ASK
1218,1712177938.2186472,74239658.26922199,1281.0,-5.769988480148225e-08,1374.0,ASK
1219,1712177938.2215865,74240479.76055688,1281.0,-8.110405102778708e-09,1374.0,ASK
1220,1712177938.2244718,74244860.40575594,1281.0,-4.324915634183892e-08,1374.0,ASK
1221,1712177940.647874,74244860.40575594,1281.0,-0.0,1374.0,ASK
1222,1712177943.737918,74245652.8846141,1281.0,7.822874399185252e-09,1374.0,BID
1223,1712177946.7981155,74246367.90961525,1281.0,7.058296532101035e-09,1374.0,BID
1224,1712177949.6125023,74254354.26363555,1281.0,7.883648095475145e-08,1374.0,BID
1225,1712177950.1700869,74255274.49804959,1281.0,9.08400036763594e-09,1374.0,BID
1226,1712177950.178085,74260181.14281857,1281.0,4.8435444496769053e-08,1374.0,BID
1227,1712177951.3468945,74260996.7004187,1281.0,-8.050693851837902e-09,1374.0,ASK
1228,1712177951.349834,74265553.82309309,1280.0,-4.4985172710222784e-08,1374.0,ASK
1229,1712177951.3779252,74265568.61942695,1282.0,1.460605039459592e-10,1374.0,BID
1230,1712177970.4083958,74265652.6874611,1282.0,-8.298690435854776e-10,1374.0,ASK
1231,1712177970.4110672,74265811.18699448,1282.0,-1.5646120136033056e-09,1374.0,ASK
1232,1712177970.658099,74265811.18699448,1282.0,-0.0,1374.0,ASK
1233,1712177972.5180094,74265889.1901146,1282.0,7.697959541671875e-10,1374.0,BID
1234,1712177974.6781132,74265967.43737595,1281.0,-7.722053311755355e-10,1374.0,ASK
1235,1712177976.728133,74266609.85137984,1281.0,-6.3398451281108094e-09,1374.0,ASK
1236,1712177982.0788078,74266930.64740168,1282.0,3.165866690038937e-09,1374.0,BID
1237,1712177992.138678,74267520.05403608,1282.0,5.8167268411983e-09,1374.0,BID
1238,1712177992.141597,74267798.40637203,1282.0,2.7469991162111086e-09,1374.0,BID
1239,1712178000.8497005,74267798.40637203,1282.0,0.0,1374.0,BID
1240,1712178002.2082622,74267958.56420264,1282.0,1.5810580942415635e-09,1374.0,BID
1241,1712178016.3595471,74268497.8984487,1281.0,-5.3242402946951955e-09,1374.0,ASK
1242,1712178016.3624954,74274209.37490912,1281.0,-5.638298204566102e-08,1374.0,ASK
1243,1712178016.365431,74274509.37490912,1280.0,-2.961562519068443e-09,1374.0,ASK
1244,1712178016.3683164,74280741.70622987,1280.0,-6.152479615314271e-08,1374.0,ASK
1245,1712178016.371067,74281099.0319776,1281.0,-3.527475138567936e-09,1374.0,ASK
1246,1712178016.3723495,74283559.1882276,1280.0,-2.4286355136839923e-08,1374.0,ASK
1247,1712178016.6944094,74283624.25140534,1282.0,6.422955619815e-10,1374.0,BID
1248,1712178018.4987848,74283718.61958006,1282.0,9.315908307808894e-10,1374.0,BID
1249,1712178025.4884858,74284199.5734325,1280.0,-4.747916342674508e-09,1374.0,ASK
1250,1712178025.5280907,74289578.5734325,1281.0,5.310081596689719e-08,1374.0,BID
1251,1712178025.6124306,74289645.99307981,1281.0,-6.65558335036223e-10,1374.0,ASK
1252,1712178029.3582673,74289747.42557979,1281.0,1.0013289671375676e-09,1374.0,BID
1253,1712178030.6738894,74289981.61761726,1281.0,2.311914534864605e-09,1374.0,BID
1254,1712178030.7175667,74289981.61761726,1281.0,0.0,1374.0,BID
1255,1712178030.79161,74290061.33161727,1280.0,-7.867060283894077e-10,1374.0,ASK
1256,1712178030.868554,74291175.69061527,1280.0,-1.0997728648669314e-08,1374.0,ASK
1257,1712178030.8701918,74291463.02073207,1280.0,-2.8356917859675566e-09,1374.0,ASK
1258,1712178030.8885336,74292304.85584962,1280.0,-8.308161199696363e-09,1374.0,ASK
1259,1712178030.8908925,74292412.98084962,1280.0,-1.067097239104185e-09,1374.0,ASK
1260,1712178030.8937678,74293265.19245109,1280.0,-8.410567834051895e-09,1374.0,ASK
1261,1712178033.3984394,74293281.06557263,1279.0,-1.5665354151523262e-10,1374.0,ASK
1262,1712178033.400874,74293698.78321888,1279.0,-4.1225003193440035e-09,1374.0,ASK
1263,1712178033.4199426,74294718.42629941,1279.0,-1.006296708539164e-08,1374.0,ASK
1264,1712178033.4352548,74294769.61568497,1279.0,-5.051935445628775e-10,1374.0,ASK
1265,1712178033.4383404,74295378.84049138,1279.0,-6.012505053569036e-09,1374.0,ASK
1266,1712178033.4414167,74295457.08775271,1278.0,-7.722306268968747e-10,1374.0,ASK
1267,1712178033.4438877,74295663.24299528,1278.0,-2.034568232740601e-09,1374.0,ASK
1268,1712178033.4454496,74295823.93689676,1279.0,-1.585905374422024e-09,1374.0,ASK
1269,1712178033.446858,74296610.78689677,1278.0,-7.765507168542599e-09,1374.0,ASK
1270,1712178033.4482882,74297004.7899876,1278.0,-3.8884588247100625e-09,1374.0,ASK
1271,1712178033.4497018,74298284.65911904,1278.0,-1.2631165933693178e-08,1374.0,ASK
1272,1712178033.4511604,74298400.8272973,1279.0,-1.1464762293027243e-09,1374.0,ASK
1273,1712178033.4527748,74298494.25394952,1278.0,-9.220376660880771e-10,1374.0,ASK
1274,1712178033.4542007,74299429.08601765,1279.0,-9.225958094131585e-09,1374.0,ASK
1275,1712178033.4556775,74299515.15800513,1278.0,-8.494536897483294e-10,1374.0,ASK
1276,1712178033.4571269,74299869.96037048,1278.0,-3.501582654244724e-09,1374.0,ASK
1277,1712178033.4601643,74299885.60982274,1278.0,-1.54446125261726e-10,1374.0,ASK
1278,1712178033.4616144,74300346.90744673,1278.0,-4.552595800852232e-09,1374.0,ASK
1279,1712178036.048297,74302167.44445129,1278.0,-1.7967075248584757e-08,1374.0,ASK
1280,1712178036.0582457,74305710.66428804,1278.0,-3.496841715923362e-08,1374.0,ASK
1281,1712178044.6483476,74309443.03213029,1278.0,-3.683513914245376e-08,1374.0,ASK
1282,1712178048.52906,74309574.69007863,1280.0,1.299346434081046e-09,1374.0,BID
1283,1712178048.5324178,74310694.98831183,1279.0,1.1056343598768988e-08,1374.0,BID
1284,1712178054.278883,74310743.09722503,1279.0,-4.747920319076046e-10,1374.0,ASK
1285,1712178054.458253,74310755.9636321,1279.0,1.269799535153106e-10,1374.0,BID
1286,1712178056.0880952,74310799.22542898,1279.0,4.2695532028584206e-10,1374.0,BID
1287,1712178056.108225,74311240.97335258,1278.0,-4.359657707755886e-09,1374.0,ASK
1288,1712178058.2487018,74311244.88265672,1279.0,3.858134249012653e-11,1374.0,BID
1289,1712178059.4984229,74311634.3603182,1279.0,3.8437968763311195e-09,1374.0,BID
1290,1712178060.9791925,74311634.3603182,1279.0,0.0,1374.0,BID
1291,1712178068.3026986,74312069.7305924,1279.0,4.295542372512197e-09,1374.0,BID
1292,1712178069.2682266,74312551.10357603,1278.0,-4.749424043658276e-09,1374.0,ASK
1293,1712178072.118734,74312570.10357603,1278.0,-1.8746182253142358e-10,1374.0,ASK
1294,1712178072.3989575,74313352.57618949,1278.0,-7.720196957841457e-09,1374.0,ASK
1295,1712178072.4028437,74317933.43518215,1278.0,-4.519664081708584e-08,1374.0,ASK
1296,1712178072.4067156,74318016.52322336,1278.0,-8.19780822849964e-10,1374.0,ASK
1297,1712178077.7821872,74318719.45940948,1278.0,-6.935457819648794e-09,1374.0,ASK
1298,1712178079.7685134,74318730.92899738,1278.0,-1.1316367646142991e-10,1374.0,ASK
1299,1712178081.4391446,74318825.08838706,1278.0,-9.290153050978388e-10,1374.0,ASK
1300,1712178081.443297,74321763.5751052,1278.0,-2.8992319772021293e-08,1374.0,ASK
1301,1712178081.4516754,74323138.74724916,1278.0,-1.3568014547342666e-08,1374.0,ASK
1302,1712178083.9315636,74324061.66593333,1277.0,-9.105895714881363e-09,1374.0,ASK
1303,1712178084.2947412,74324763.90010574,1278.0,6.928531463445159e-09,1374.0,BID
1304,1712178090.960842,74325564.00996488,1278.0,7.894213285237181e-09,1374.0,BID
1305,1712178090.998465,74325564.00996488,1278.0,0.0,1374.0,BID
1306,1712178093.3893151,74326266.24413732,1277.0,-6.927314764151049e-09,1374.0,ASK
1307,1712178095.358554,74326641.09128073,1277.0,-3.6977467813284894e-09,1374.0,ASK
1308,1712178095.3612266,74327006.98487805,1277.0,-3.6094229223241934e-09,1374.0,ASK
1309,1712178099.053378,74327707.96771996,1278.0,6.914970790076946e-09,1374.0,BID
1310,1712178100.4790063,74327742.9684288,1277.0,-3.4527076106236084e-10,1374.0,ASK
1311,1712178100.4824083,74327819.91988736,1277.0,-7.59101444960275e-10,1374.0,ASK
1312,1712178102.6584623,74327827.86661822,1278.0,7.839194975074872e-11,1374.0,BID
1313,1712178105.3783755,74328490.02693728,1278.0,6.5319990603185015e-09,1374.0,BID
1314,1712178105.3883154,74328916.8255384,1278.0,4.210231240408638e-09,1374.0,BID
1315,1712178107.512308,74329051.30712603,1277.0,-1.326617706870453e-09,1374.0,ASK
1316,1712178107.518459,74329617.8083803,1277.0,-5.588353083206493e-09,1374.0,ASK
1317,1712178108.098312,74330558.58270024,1277.0,-9.280436771701329e-09,1374.0,ASK
1318,1712178112.658357,74331258.31733996,1278.0,6.902657676022551e-09,1374.0,BID
1319,1712178120.6902926,74331258.31733996,1278.0,0.0,1374.0,BID
1320,1712178121.138531,74331509.83259816,1278.0,2.480939286377716e-09,1374.0,BID
1321,1712178126.6787117,74332104.41715252,1278.0,5.864964974665626e-09,1374.0,BID
1322,1712178133.1687744,74333097.24016656,1277.0,-9.793177708150144e-09,1374.0,ASK
1323,1712178141.1492033,74333488.7828447,1277.0,-3.862165736707721e-09,1374.0,ASK
1324,1712178141.1527488,74334990.34253757,1277.0,-1.4811341703083593e-08,1374.0,ASK
1325,1712178141.15619,74335208.3923125,1277.0,-2.150836720061591e-09,1374.0,ASK
1326,1712178141.6385398,74335381.88521571,1277.0,-1.7113290166461303e-09,1374.0,ASK
1327,1712178141.64137,74335773.42789388,1277.0,-3.8621657368547054e-09,1374.0,ASK
1328,1712178141.6441245,74339039.90510982,1277.0,-3.2220437482954864e-08,1374.0,ASK
1329,1712178143.179662,74341731.2624447,1277.0,-2.6547471486878764e-08,1374.0,ASK
1330,1712178144.6187358,74341753.2838868,1278.0,2.1721887267938688e-10,1374.0,BID
1331,1712178144.6284556,74342731.2624447,1278.0,9.646752418982077e-09,1374.0,BID
1332,1712178146.9787135,74344882.9499228,1278.0,2.1224183512559443e-08,1374.0,BID
1333,1712178146.9823596,74345861.15289854,1278.0,9.64896607006853e-09,1374.0,BID
1334,1712178147.298626,74346482.62277333,1278.0,6.130161003652262e-09,1374.0,BID
1335,1712178150.7114303,74346482.62277333,1278.0,0.0,1374.0,BID
1336,1712178154.2286842,74347454.18377334,1277.0,-9.58161181945543e-09,1374.0,ASK
1337,1712178156.2794342,74347741.43729445,1278.0,2.8329170613880437e-09,1374.0,BID
1338,1712178160.3385303,74348210.68623807,1278.0,4.6277703863772905e-09,1374.0,BID
1339,1712178160.358571,74349275.7104213,1278.0,1.0503353162573229e-08,1374.0,BID
1340,1712178160.3621953,74351343.82624082,1278.0,2.039592262380744e-08,1374.0,BID
1341,1712178160.4184947,74351602.33954285,1278.0,2.549478735960384e-09,1374.0,BID
1342,1712178163.7886956,74351834.9889951,1278.0,2.294407393358035e-09,1374.0,BID
1343,1712178163.989857,74352017.93880731,1278.0,1.8042655921446463e-09,1374.0,BID
1344,1712178166.9490914,74352177.33929744,1278.0,1.572020305773013e-09,1374.0,BID
1345,1712178166.952876,74352227.31126428,1278.0,4.928275095903888e-10,1374.0,BID
1346,1712178167.4688675,74353792.25649118,1277.0,-1.5433614238191317e-08,1374.0,ASK
1347,1712178168.5287886,74354575.34184748,1277.0,-7.722850037707995e-09,1374.0,ASK
1348,1712178168.5392869,74354785.04445507,1277.0,-2.068103787015852e-09,1374.0,ASK
1349,1712178168.547181,74356668.44805633,1277.0,-1.857427604293108e-08,1374.0,ASK
1350,1712178169.179588,74356856.87293895,1278.0,1.858261171854972e-09,1374.0,BID
1351,1712178169.4997077,74357344.502968,1277.0,-4.809046112256028e-09,1374.0,ASK
1352,1712178170.6586704,74357794.15726665,1277.0,-4.434526440004633e-09,1374.0,ASK
1353,1712178171.488766,74358094.15726665,1277.0,-2.9586238494789104e-09,1374.0,ASK
1354,1712178172.3943925,74358263.7300366,1278.0,1.6723401380349123e-09,1374.0,BID
1355,1712178172.9887085,74358573.4440366,1277.0,-3.05442408974032e-09,1374.0,ASK
1356,1712178173.188656,74359857.74505045,1277.0,-1.2665878698211836e-08,1374.0,ASK
1357,1712178174.4590588,74360584.4073449,1277.0,-7.166401316230696e-09,1374.0,ASK
1358,1712178174.4626918,74363263.23916474,1277.0,-2.641885236980998e-08,1374.0,ASK
1359,1712178174.4788234,74363342.95316474,1277.0,-7.86145805139822e-10,1374.0,ASK
1360,1712178174.9392378,74363495.56036349,1278.0,1.5050243260305376e-09,1374.0,BID
1361,1712178179.79905,74363575.27436347,1277.0,-7.86145804992866e-10,1374.0,ASK
1362,1712178181.001685,74363575.27436347,1277.0,-0.0,1374.0,ASK
1363,1712178181.2888694,74363710.27436347,1277.0,-1.331094127952967e-09,1374.0,ASK
1364,1712178182.0291512,74363718.46980074,1277.0,-8.080665498276474e-11,1374.0,ASK
1365,1712178182.44878,74363855.80861138,1278.0,1.354154699109222e-09,1374.0,BID
1366,1712178185.4490268,74363967.80861138,1277.0,-1.1043151283757955e-09,1374.0,ASK
1367,1712178185.888662,74365327.40327312,1277.0,-1.3405544226974627e-08,1374.0,ASK
1368,1712178185.9091182,74365523.1746122,1277.0,-1.930296887871068e-09,1374.0,ASK
1369,1712178185.9130442,74368701.92296423,1277.0,-3.134232048618617e-08,1374.0,ASK
1370,1712178185.917565,74368801.92296423,1277.0,-9.859956503355315e-10,1374.0,ASK
1371,1712178186.5766387,74368925.5207733,1278.0,1.2186690214024236e-09,1374.0,BID
1372,1712178190.60909,74369025.5207733,1276.0,-9.859956503355315e-10,1374.0,ASK
1373,1712178190.6261678,74369818.60776389,1276.0,-7.8198032304954e-09,1374.0,ASK
1374,1712178190.6297405,74370883.23416404,1276.0,-1.0497169997879752e-08,1374.0,ASK
1375,1712178190.669128,74370898.90814523,1276.0,-1.5454477276512535e-10,1374.0,ASK
1376,1712178190.6711917,74371454.04832911,1276.0,-5.473658066330594e-09,1374.0,ASK
1377,1712178190.6787665,74376964.25522506,1276.0,-5.433040031853043e-08,1374.0,ASK
1378,1712178191.38999,74376974.5482556,1276.0,1.014888333156214e-10,1374.0,BID
1379,1712178191.830307,74377366.70511834,1275.0,-3.866649609213684e-09,1374.0,ASK
1380,1712178191.8342328,74377464.32916068,1275.0,-9.625688110769379e-10,1374.0,ASK
1381,1712178191.838065,74378933.7959045,1275.0,-1.4488878177260073e-08,1374.0,ASK
1382,1712178191.8686874,74379138.02073418,1275.0,-2.0136479374884918e-09,1374.0,ASK
1383,1712178196.378582,74379182.03896987,1275.0,-4.3401788934009756e-10,1374.0,ASK
1384,1712178200.442965,74379558.55890852,1275.0,-3.712470217712798e-09,1374.0,ASK
1385,1712178200.44504,74380129.14714381,1275.0,-5.625975181274413e-09,1374.0,ASK
1386,1712178200.4471047,74387009.9329854,1275.0,-6.784424910692339e-08,1374.0,ASK
1387,1712178202.8682215,74388123.44552457,1276.0,1.0979185202237125e-08,1374.0,BID
1388,1712178206.079506,74388128.14771892,1276.0,4.636343174138272e-11,1374.0,BID
1389,1712178210.989227,74388128.14771892,1276.0,0.0,1374.0,BID
1390,1712178214.3311384,74388270.35196978,1275.0,-1.4016947956089823e-09,1374.0,ASK
1391,1712178214.3344843,74388321.72451879,1275.0,-5.063746980391324e-10,1374.0,ASK
1392,1712178214.337757,74388702.70781106,1275.0,-3.755318809142901e-09,1374.0,ASK
1393,1712178216.818995,74388729.56765603,1275.0,-2.647551298583845e-10,1374.0,ASK
1394,1712178216.8210833,74388733.49000897,1275.0,-3.8662288006008835e-11,1374.0,ASK
1395,1712178216.8231337,74389002.70781106,1275.0,-2.65365620087619e-09,1374.0,ASK
1396,1712178217.052832,74389288.31251694,1275.0,-2.815180470536176e-09,1374.0,ASK
1397,1712178217.0568907,74389568.3469495,1275.0,-2.760274776209242e-09,1374.0,ASK
1398,1712178217.0609028,74390595.55225605,1275.0,-1.0125072376714194e-08,1374.0,ASK
1399,1712178217.063543,74390903.03848483,1274.0,-3.0308647174942982e-09,1374.0,ASK
1400,1712178217.0653698,74391372.95471303,1275.0,-4.631922938143278e-09,1374.0,ASK
1401,1712178217.0672472,74393372.95471303,1274.0,-1.9713824124937225e-08,1374.0,ASK
1402,1712178217.069091,74394094.70781106,1275.0,-7.114256818055762e-09,1374.0,ASK
1403,1712178217.070963,74394124.70781106,1274.0,-2.9570736187405836e-10,1374.0,ASK
1404,1712178219.1270456,74394131.19332482,1274.0,-6.392713882841149e-11,1374.0,ASK
1405,1712178219.1289866,74394214.68626045,1274.0,-8.229825243195801e-10,1374.0,ASK
1406,1712178219.130893,74394557.25815104,1274.0,-3.376701000644631e-09,1374.0,ASK
1407,1712178219.236086,74394635.38315104,1274.0,-7.7007125488036e-10,1374.0,ASK
1408,1712178219.2379577,74394675.14548971,1274.0,-3.9193387564963576e-10,1374.0,ASK
1409,1712178219.2434514,74396518.04246476,1274.0,-1.8165273423309872e-08,1374.0,ASK
1410,1712178219.3442514,74398478.82677849,1274.0,-1.9327278553839865e-08,1374.0,ASK
1411,1712178222.4083097,74398714.30558538,1274.0,-2.321093892168592e-09,1374.0,ASK
1412,1712178222.4124649,74398723.59137815,1274.0,-9.152924274449836e-11,1374.0,ASK
1413,1712178222.4165287,74400251.84598789,1274.0,-1.5063871297208552e-08,1374.0,ASK
1414,1712178227.3081832,74400329.97098789,1273.0,-7.7007125488036e-10,1374.0,ASK
1415,1712178227.310226,74401135.15153755,1273.0,-7.936593872470718e-09,1374.0,ASK
1416,1712178227.3142316,74401785.0443019,1273.0,-6.4059358281814436e-09,1374.0,ASK
1417,1712178227.3281183,74409207.20923088,1273.0,-7.315962701816958e-08,1374.0,ASK
1418,1712178227.3323274,74417220.06091046,1273.0,-7.898197437520846e-08,1374.0,ASK
1419,1712178231.467588,74417653.56751636,1273.0,-4.273036492790221e-09,1374.0,ASK
1420,1712178231.4718606,74417740.90722391,1273.0,-8.60899816915458e-10,1374.0,ASK
1421,1712178233.0102696,74417875.9072239,1274.0,1.3306831282863832e-09,1374.0,BID
1422,1712178236.8272994,74417937.60847113,1273.0,-6.08183768092442e-10,1374.0,ASK
1423,1712178236.8309302,74417945.46393067,1273.0,-7.743057390672907e-11,1374.0,ASK
1424,1712178236.8330495,74418253.3193902,1273.0,-3.034504192500433e-09,1374.0,ASK
1425,1712178238.8177578,74418307.3193902,1273.0,5.322732513733051e-10,1374.0,BID
1426,1712178239.4578435,74418385.4443902,1272.0,-7.7007125488036e-10,1374.0,ASK
1427,1712178239.4621558,74421622.12636366,1272.0,-3.190368958669321e-08,1374.0,ASK
1428,1712178239.466339,74426452.53145401,1272.0,-4.761287820165047e-08,1374.0,ASK
1429,1712178239.47798,74426468.25472444,1272.0,-1.5498289397436618e-10,1374.0,ASK
1430,1712178239.48019,74426623.40900445,1272.0,-1.529342094143502e-09,1374.0,ASK
1431,1712178239.4821212,74427102.42421834,1272.0,-4.721610839916695e-09,1374.0,ASK
1432,1712178240.3814898,74428619.82271466,1272.0,-1.4956863541897906e-08,1374.0,ASK
1433,1712178240.7042658,74428619.82271466,1272.0,-0.0,1374.0,ASK
1434,1712178243.0377,74428698.39975867,1272.0,-7.741336456907459e-10,1374.0,ASK
1435,1712178243.0424037,74432493.7330898,1272.0,-3.7391266943885016e-08,1374.0,ASK
1436,1712178245.5937965,74432564.53522879,1272.0,-6.975360127756344e-10,1374.0,ASK
1437,1712178248.9471903,74435675.8200537,1272.0,-3.065208541029688e-08,1374.0,ASK
1438,1712178250.5368917,74439528.62482081,1272.0,-3.7957470124698984e-08,1374.0,ASK
1439,1712178250.717556,74440018.77072681,1272.0,-4.828871356933841e-09,1374.0,ASK
