,time,acc_trade_volume,trade_price,dev,high,ask_bid
0,1712173460.2920403,9736744.81316484,1707.0,0.0,1767.0,ASK
1,1712173470.7241602,9736744.81316484,1707.0,-0.0,1767.0,ASK
2,1712173500.533628,9736744.81316484,1707.0,-0.0,1767.0,ASK
3,1712173512.5524323,9736803.39547242,1707.0,-3.199608891602206e-09,1767.0,ASK
4,1712173512.5533175,9737389.21855384,1707.0,-3.199608922244093e-08,1767.0,ASK
5,1712173517.9525194,9739144.78105362,1708.0,9.58841263858906e-08,1767.0,BID
6,1712173530.5024848,9739144.78105362,1708.0,0.0,1767.0,BID
7,1712173544.202565,9739222.62063678,1708.0,-4.250438300155673e-09,1767.0,ASK
8,1712173544.2223191,9739704.3901453,1708.0,-2.6307072670760512e-08,1767.0,ASK
9,1712173545.0023508,9739997.21642927,1708.0,-1.5989808811256037e-08,1767.0,ASK
10,1712173545.2423165,9740692.36004282,1708.0,-3.79583872263322e-08,1767.0,ASK
11,1712173545.3420773,9743125.77271898,1708.0,-1.3287674495291358e-07,1767.0,ASK
12,1712173545.44217,9743898.60644306,1708.0,-4.220066355844924e-08,1767.0,ASK
13,1712173545.4621034,9744493.15464819,1708.0,-3.246536478961504e-08,1767.0,ASK
14,1712173545.572409,9746777.4078928,1708.0,-1.2473187912820502e-07,1767.0,ASK
15,1712173545.573388,9747163.25226441,1708.0,-2.1069070881449905e-08,1767.0,ASK
16,1712173545.6521726,9747359.05408741,1708.0,-1.0691778320586024e-08,1767.0,ASK
17,1712173545.75216,9747931.00971913,1708.0,-3.1231695036750453e-08,1767.0,ASK
18,1712173545.8120685,9747931.00971914,1708.0,-6.102595589892104e-19,1767.0,ASK
19,1712173560.7332578,9747931.00971914,1708.0,-0.0,1767.0,ASK
20,1712173590.7334633,9747931.00971914,1708.0,-0.0,1767.0,ASK
21,1712173620.5123734,9747931.00971914,1708.0,-0.0,1767.0,ASK
22,1712173650.512325,9747931.00971914,1708.0,-0.0,1767.0,ASK
23,1712173680.7359407,9747931.00971914,1708.0,-0.0,1767.0,ASK
24,1712173690.4922771,9748411.28635849,1708.0,2.620408140888461e-08,1767.0,BID
25,1712173690.6121309,9753405.43156031,1708.0,2.7248251677082485e-07,1767.0,BID
26,1712173690.672065,9755369.42567643,1708.0,1.0715628762426873e-07,1767.0,BID
27,1712173690.7120843,9755794.70131105,1708.0,2.3203205065093538e-08,1767.0,BID
28,1712173690.7724335,9756713.2111243,1708.0,5.0114254888235816e-08,1767.0,BID
29,1712173691.1532276,9756941.2111243,1710.0,1.2439769232404356e-08,1767.0,BID
30,1712173691.2325418,9757298.00644594,1710.0,1.946689238781413e-08,1767.0,BID
31,1712173691.2340207,9759786.00644594,1710.0,1.3574625372904406e-07,1767.0,BID
32,1712173710.7346263,9759786.00644594,1710.0,0.0,1767.0,BID
33,1712173721.552147,9760005.02266882,1710.0,1.1936419990229022e-08,1767.0,BID
34,1712173739.7220702,9760180.37354601,1710.0,9.556651504069598e-09,1767.0,BID
35,1712173740.4924622,9760180.37354601,1710.0,0.0,1767.0,BID
36,1712173770.5121653,9760180.37354601,1710.0,0.0,1767.0,BID
37,1712173800.5221272,9760180.37354601,1710.0,0.0,1767.0,BID
38,1712173830.4719384,9760180.37354601,1710.0,0.0,1767.0,BID
39,1712173835.672184,9760320.78506829,1710.0,7.652816882096015e-09,1767.0,BID
40,1712173835.674198,9760765.16886764,1710.0,2.42201479377374e-08,1767.0,BID
41,1712173837.7617202,9760773.94079746,1710.0,4.780944720076633e-10,1767.0,BID
42,1712173840.3320878,9761919.48463532,1707.0,-6.243531213947948e-08,1767.0,ASK
43,1712173860.7476454,9761919.48463532,1707.0,-0.0,1767.0,ASK
44,1712173890.73348,9761919.48463532,1707.0,-0.0,1767.0,ASK
45,1712173920.4918814,9761919.48463532,1707.0,-0.0,1767.0,ASK
46,1712173950.502091,9761919.48463532,1707.0,-0.0,1767.0,ASK
47,1712173973.6519933,9761923.40964997,1708.0,-2.1388954196375383e-10,1767.0,ASK
48,1712173976.4019108,9762471.21035131,1711.0,2.985182261262868e-08,1767.0,BID
49,1712173976.4037411,9762476.21035131,1710.0,2.72469737073819e-10,1767.0,BID
50,1712173980.7316372,9762476.21035131,1710.0,0.0,1767.0,BID
51,1712173987.861714,9762513.88974364,1711.0,2.0531922476505704e-09,1767.0,BID
52,1712174005.441923,9762513.88974365,1711.0,6.0898570983062745e-19,1767.0,BID
53,1712174010.741862,9762513.88974365,1711.0,0.0,1767.0,BID
54,1712174040.484091,9762513.88974365,1711.0,0.0,1767.0,BID
55,1712174057.8318012,9762806.11651162,1711.0,-1.5923707620600298e-08,1767.0,ASK
56,1712174057.911744,9764267.25035147,1711.0,7.961853810289998e-08,1767.0,BID
57,1712174057.9136257,9764267.25035148,1711.0,5.0748630872006265e-19,1767.0,BID
58,1712174070.511875,9764267.25035148,1711.0,0.0,1767.0,BID
59,1712174090.4718292,9764398.93877929,1711.0,-7.174651709291154e-09,1767.0,ASK
60,1712174090.4737222,9764691.16554726,1711.0,-1.5921104953172685e-08,1767.0,ASK
61,1712174094.9415066,9764991.16554726,1711.0,1.634460634512618e-08,1767.0,BID
62,1712174100.714447,9764991.16554726,1711.0,0.0,1767.0,BID
63,1712174130.722326,9764991.16554726,1711.0,0.0,1767.0,BID
64,1712174160.5337636,9764991.16554726,1711.0,0.0,1767.0,BID
65,1712174190.5437312,9764991.16554726,1711.0,0.0,1767.0,BID
66,1712174191.0626843,9764998.08691239,1713.0,3.774670561466335e-10,1767.0,BID
67,1712174191.0648782,9765278.41683991,1713.0,1.528821417350872e-08,1767.0,BID
68,1712174191.0666928,9765866.47899608,1714.0,3.20708540481293e-08,1767.0,BID
69,1712174214.7024434,9766643.61715406,1710.0,-4.2382398150227894e-08,1767.0,ASK
70,1712174214.7040904,9768783.61715406,1710.0,-1.167081182542597e-07,1767.0,ASK
71,1712174220.5423155,9768783.61715406,1710.0,-0.0,1767.0,ASK
72,1712174250.534017,9768783.61715406,1710.0,-0.0,1767.0,ASK
73,1712174280.7342284,9768783.61715406,1710.0,-0.0,1767.0,ASK
74,1712174310.7518628,9768783.61715406,1710.0,-0.0,1767.0,ASK
75,1712174340.4556844,9768783.61715406,1710.0,-0.0,1767.0,ASK
76,1712174370.4943583,9768783.61715406,1710.0,-0.0,1767.0,ASK
77,1712174400.5757277,9768783.61715406,1710.0,-0.0,1767.0,ASK
78,1712174430.4852624,9768783.61715406,1710.0,-0.0,1767.0,ASK
79,1712174434.232896,9769543.68978228,1713.0,-4.1463245721527137e-08,1767.0,ASK
80,1712174436.5832565,9770233.10715406,1713.0,-3.760888213763688e-08,1767.0,ASK
81,1712174436.5852575,9770849.19110826,1712.0,-3.360842033990299e-08,1767.0,ASK
82,1712174436.5872722,9772292.10392952,1712.0,-7.871333164922061e-08,1767.0,ASK
83,1712174457.3139882,9772487.38796597,1712.0,-1.065307404606629e-08,1767.0,ASK
84,1712174457.3150158,9775325.55956497,1712.0,-1.5482705473124764e-07,1767.0,ASK
85,1712174457.4130182,9775646.3366719,1712.0,1.7498933013283166e-08,1767.0,BID
86,1712174457.4340024,9775654.91307382,1714.0,-4.67857211240261e-10,1767.0,ASK
87,1712174457.440133,9776065.52307382,1714.0,-2.2399469068670005e-08,1767.0,ASK
88,1712174457.4418263,9776300.68033144,1714.0,-1.2828225611460265e-08,1767.0,ASK
89,1712174460.7233052,9776300.68033144,1714.0,-0.0,1767.0,ASK
90,1712174484.2365224,9776400.68033144,1710.0,-5.4513414308091335e-09,1767.0,ASK
91,1712174484.2384408,9776587.85495256,1710.0,-1.0203527669079774e-08,1767.0,ASK
92,1712174490.7245386,9776587.85495256,1710.0,-0.0,1767.0,ASK
93,1712174501.837112,9776605.22615109,1714.0,9.469379930946063e-10,1767.0,BID
94,1712174512.4149313,9776780.16780803,1714.0,9.536411736412668e-09,1767.0,BID
95,1712174520.4947176,9776780.16780803,1714.0,0.0,1767.0,BID
96,1712174522.1430762,9776809.35636611,1713.0,1.591096775922299e-09,1767.0,BID
97,1712174546.8963137,9777398.07054591,1712.0,3.2091384263515526e-08,1767.0,BID
98,1712174547.4377277,9778311.62230029,1710.0,-4.979859735045732e-08,1767.0,ASK
99,1712174550.477188,9778311.62230029,1710.0,-0.0,1767.0,ASK
100,1712174580.7132528,9778311.62230029,1710.0,-0.0,1767.0,ASK
101,1712174610.73587,9778311.62230029,1710.0,-0.0,1767.0,ASK
102,1712174631.3632703,9778328.16869982,1708.0,-9.018315792614452e-10,1767.0,ASK
103,1712174631.3653848,9778398.16869982,1708.0,-3.815223392482178e-09,1767.0,ASK
104,1712174640.456699,9778398.16869982,1708.0,-0.0,1767.0,ASK
105,1712174663.653653,9778838.2476176,1708.0,-2.398551220743393e-08,1767.0,ASK
106,1712174663.6555943,9778896.69297119,1708.0,-3.185432624376572e-09,1767.0,ASK
107,1712174670.49957,9778896.69297119,1708.0,-0.0,1767.0,ASK
108,1712174700.723379,9778896.69297119,1708.0,-0.0,1767.0,ASK
109,1712174730.7435465,9778896.69297119,1708.0,-0.0,1767.0,ASK
110,1712174733.2935214,9778910.62054779,1707.0,-7.60786904755078e-10,1767.0,ASK
111,1712174733.8331676,9780740.78160197,1707.0,-9.99716320819168e-08,1767.0,ASK
112,1712174733.9134257,9784934.2804984,1707.0,-2.290677795009631e-07,1767.0,ASK
113,1712174733.915418,9786944.64802976,1707.0,-1.0981532075308164e-07,1767.0,ASK
114,1712174733.9331734,9788098.91120548,1707.0,-6.305104857592981e-08,1767.0,ASK
115,1712174733.9935644,9789496.21552669,1707.0,-7.632704957172238e-08,1767.0,ASK
116,1712174733.9956212,9789814.03402633,1707.0,-1.736067656026687e-08,1767.0,ASK
117,1712174734.0132403,9790488.93626147,1707.0,-3.686619698770719e-08,1767.0,ASK
118,1712174746.2333164,9792374.93626147,1708.0,1.03021806565034e-07,1767.0,BID
119,1712174747.1033506,9792960.24426147,1708.0,-3.197215671102167e-08,1767.0,ASK
120,1712174748.1433854,9793341.03714311,1708.0,-2.0800620675304564e-08,1767.0,ASK
121,1712174756.2332528,9793926.51714311,1707.0,-3.198155212499584e-08,1767.0,ASK
122,1712174760.0234642,9798354.72426147,1707.0,-2.418885987156013e-07,1767.0,ASK
123,1712174760.499393,9798354.72426147,1707.0,-0.0,1767.0,ASK
124,1712174768.9968102,9798667.70506747,1707.0,-1.706545468274115e-08,1767.0,ASK
125,1712174769.155874,9799201.77014543,1707.0,-2.9120199101034145e-08,1767.0,ASK
126,1712174769.3732736,9799819.09542182,1707.0,-3.3660008303363216e-08,1767.0,ASK
127,1712174769.4770553,9800073.45056923,1707.0,-1.3868857636628669e-08,1767.0,ASK
128,1712174769.4933765,9800866.11014154,1707.0,-4.32202095168963e-08,1767.0,ASK
129,1712174769.7133908,9802356.26596748,1707.0,-8.1251585497463e-08,1767.0,ASK
130,1712174769.7331738,9802797.46596748,1707.0,-2.4056678434139863e-08,1767.0,ASK
131,1712174770.2441058,9806705.74881748,1707.0,-2.1310132310120562e-07,1767.0,ASK
132,1712174770.3489826,9808074.52022295,1707.0,-7.463303162132566e-08,1767.0,ASK
133,1712174772.2034354,9809088.92944485,1707.0,-5.5311234025126544e-08,1767.0,ASK
134,1712174772.363294,9809402.52678943,1707.0,-1.7099071796008433e-08,1767.0,ASK
135,1712174773.49382,9814894.40408644,1707.0,-2.994477020266375e-07,1767.0,ASK
136,1712174773.4960392,9815982.57713046,1707.0,-5.933324796168434e-08,1767.0,ASK
137,1712174773.575707,9816771.15869159,1707.0,-4.299785366106573e-08,1767.0,ASK
138,1712174773.5773864,9816774.58114159,1707.0,-1.866110133099748e-10,1767.0,ASK
139,1712174790.4937358,9816774.58114159,1707.0,-0.0,1767.0,ASK
140,1712174820.7537942,9816774.58114159,1707.0,-0.0,1767.0,ASK
141,1712174834.1635284,9816833.12915095,1707.0,3.186899459781833e-09,1767.0,BID
142,1712174850.73505,9816833.12915095,1707.0,0.0,1767.0,BID
143,1712174872.4135015,9816850.70384339,1707.0,9.566247216666607e-10,1767.0,BID
144,1712174880.485679,9816850.70384339,1707.0,0.0,1767.0,BID
145,1712174910.4746685,9816850.70384339,1707.0,0.0,1767.0,BID
146,1712174940.753462,9816850.70384339,1707.0,0.0,1767.0,BID
147,1712174953.6536696,9816853.77041339,1704.0,-1.6691910206030836e-10,1767.0,ASK
148,1712174953.656026,9817359.1975734,1703.0,-2.751133929343564e-08,1767.0,ASK
149,1712174970.7250338,9817359.1975734,1703.0,-0.0,1767.0,ASK
150,1712174980.9041271,9817476.6373854,1704.0,6.3921658422504254e-09,1767.0,BID
151,1712174980.9067783,9817476.63738549,1704.0,4.866357939631163e-18,1767.0,BID
152,1712175000.555015,9817476.63738549,1704.0,0.0,1767.0,BID
153,1712175030.5187604,9817476.63738549,1704.0,0.0,1767.0,BID
154,1712175031.823767,9817480.15438431,1706.0,1.9163159857732302e-10,1767.0,BID
155,1712175060.7334564,9817480.15438431,1706.0,0.0,1767.0,BID
156,1712175075.4533503,9817502.41566131,1707.0,1.2129553980031522e-09,1767.0,BID
157,1712175075.6194892,9817502.41566141,1707.0,5.378990202309977e-18,1767.0,BID
158,1712175075.8387396,9818574.18793562,1708.0,5.839790616483971e-08,1767.0,BID
159,1712175075.843307,9819249.32767881,1708.0,3.6786496833015626e-08,1767.0,BID
160,1712175075.8448265,9819307.50580744,1708.0,3.1699652793100636e-09,1767.0,BID
161,1712175076.2234533,9819407.50580744,1708.0,-5.448723350100418e-09,1767.0,ASK
162,1712175090.73342,9819407.50580744,1708.0,-0.0,1767.0,ASK
163,1712175101.203756,9819893.89617332,1705.0,-2.649731271617197e-08,1767.0,ASK
164,1712175111.0634532,9821159.57844365,1709.0,6.895115789466348e-08,1767.0,BID
165,1712175120.5267396,9821159.57844365,1709.0,0.0,1767.0,BID
166,1712175150.4935148,9821159.57844365,1709.0,0.0,1767.0,BID
167,1712175180.7252707,9821159.57844365,1709.0,0.0,1767.0,BID
168,1712175210.747492,9821159.57844365,1709.0,0.0,1767.0,BID
169,1712175240.5015054,9821159.57844365,1709.0,0.0,1767.0,BID
170,1712175270.5068307,9821159.57844365,1709.0,0.0,1767.0,BID
171,1712175300.5357003,9821159.57844365,1709.0,0.0,1767.0,BID
172,1712175327.8936722,9821992.89631548,1711.0,-4.54574906116373e-08,1767.0,ASK
173,1712175327.8966334,9822110.33612748,1711.0,-6.4063418437676195e-09,1767.0,ASK
174,1712175330.4941258,9822110.33612748,1711.0,-0.0,1767.0,ASK
175,1712175332.0733905,9822305.08612648,1711.0,-1.0622669964516022e-08,1767.0,ASK
176,1712175336.343458,9822328.48551553,1711.0,-1.2763234326874171e-09,1767.0,ASK
177,1712175350.1333992,9823173.75961588,1709.0,-4.6105611520874144e-08,1767.0,ASK
178,1712175360.7452002,9823173.75961588,1709.0,-0.0,1767.0,ASK
179,1712175379.2997036,9823738.10964363,1709.0,-3.077951097436392e-08,1767.0,ASK
180,1712175390.7436397,9823738.10964363,1709.0,-0.0,1767.0,ASK
181,1712175405.763439,9824125.10804796,1709.0,2.1105687079045932e-08,1767.0,BID
182,1712175407.4433188,9824125.10804797,1709.0,5.079143120379037e-19,1767.0,BID
183,1712175409.11343,9824148.50744007,1711.0,1.276129932264294e-09,1767.0,BID
184,1712175409.1333432,9824549.34259993,1711.0,2.1860300610154613e-08,1767.0,BID
185,1712175420.4967198,9824549.34259993,1711.0,0.0,1767.0,BID
186,1712175450.5040767,9824549.34259993,1711.0,0.0,1767.0,BID
187,1712175480.7227695,9824549.34259993,1711.0,0.0,1767.0,BID
188,1712175503.5234082,9824710.49171561,1710.0,8.787905767750927e-09,1767.0,BID
189,1712175510.7382708,9824710.49171561,1710.0,0.0,1767.0,BID
190,1712175540.485988,9824710.49171561,1710.0,0.0,1767.0,BID
191,1712175544.5607932,9824783.1240143,1710.0,3.960780065745218e-09,1767.0,BID
192,1712175544.6332262,9824783.12401431,1710.0,6.094419075061624e-19,1767.0,BID
193,1712175570.556,9824783.12401431,1710.0,0.0,1767.0,BID
194,1712175600.5360427,9824783.12401431,1710.0,0.0,1767.0,BID
195,1712175607.503025,9824841.63776504,1709.0,-3.192811895457172e-09,1767.0,ASK
196,1712175607.5067277,9824900.15151577,1709.0,-3.192811895457172e-09,1767.0,ASK
197,1712175607.507857,9824900.18601431,1708.0,-1.882418128256126e-12,1767.0,ASK
198,1712175608.8735576,9824901.70350349,1708.0,-8.280203276289309e-11,1767.0,ASK
199,1712175608.874946,9824960.21701431,1708.0,-3.192798804801961e-09,1767.0,ASK
200,1712175630.4634235,9824960.21701431,1708.0,-0.0,1767.0,ASK
201,1712175630.8434873,9825017.24753449,1708.0,-3.111827810762406e-09,1767.0,ASK
202,1712175630.9033585,9825263.56340367,1708.0,1.3440041745201468e-08,1767.0,BID
203,1712175630.9053152,9825263.56340368,1708.0,6.0980306251768935e-19,1767.0,BID
204,1712175660.7354455,9825263.56340368,1708.0,0.0,1767.0,BID
205,1712175669.5633087,9825286.37206371,1709.0,1.2445023451728543e-09,1767.0,BID
206,1712175690.7434297,9825286.37206371,1709.0,0.0,1767.0,BID
207,1712175720.485815,9825286.37206371,1709.0,0.0,1767.0,BID
208,1712175750.4835408,9825286.37206371,1709.0,0.0,1767.0,BID
209,1712175780.7245069,9825286.37206371,1709.0,0.0,1767.0,BID
210,1712175810.714438,9825286.37206371,1709.0,0.0,1767.0,BID
211,1712175837.1331792,9825666.28806025,1710.0,2.0729202964318213e-08,1767.0,BID
212,1712175840.5040047,9825666.28806025,1710.0,0.0,1767.0,BID
213,1712175849.5037532,9825666.28806026,1710.0,5.081357603001512e-19,1767.0,BID
214,1712175870.5220673,9825666.28806026,1710.0,0.0,1767.0,BID
215,1712175900.7374754,9825666.28806026,1710.0,0.0,1767.0,BID
216,1712175926.9562151,9825689.76149867,1713.0,1.281818945959596e-09,1767.0,BID
217,1712175930.743072,9825689.76149867,1713.0,0.0,1767.0,BID
218,1712175952.3430574,9825981.64707952,1713.0,1.5939021779528962e-08,1767.0,BID
219,1712175960.4757228,9825981.64707952,1713.0,0.0,1767.0,BID
220,1712175990.5033178,9825981.64707952,1713.0,0.0,1767.0,BID
221,1712176020.7333868,9825981.64707952,1713.0,0.0,1767.0,BID
222,1712176050.7332945,9825981.64707952,1713.0,0.0,1767.0,BID
223,1712176064.483348,9826007.5917976,1713.0,1.4167268376528975e-09,1767.0,BID
224,1712176064.4862657,9826010.8356376,1713.0,1.7713182199415136e-10,1767.0,BID
225,1712176080.5067377,9826010.8356376,1713.0,0.0,1767.0,BID
226,1712176110.5342531,9826010.8356376,1713.0,0.0,1767.0,BID
227,1712176140.7452283,9826010.8356376,1713.0,0.0,1767.0,BID
228,1712176140.9942307,9826303.23329841,1710.0,-1.5966505438861628e-08,1767.0,ASK
229,1712176140.9968317,9826671.5992752,1710.0,-2.011478941249232e-08,1767.0,ASK
230,1712176170.7363791,9826671.5992752,1710.0,-0.0,1767.0,ASK
231,1712176200.8343115,9826671.5992752,1710.0,-0.0,1767.0,ASK
232,1712176209.3546526,9826731.7792752,1708.0,-3.291405191069108e-09,1767.0,ASK
233,1712176211.0400703,9826790.36158334,1707.0,-3.204023149264645e-09,1767.0,ASK
234,1712176211.0531385,9826793.36158334,1707.0,-1.6407802547783694e-10,1767.0,ASK
235,1712176211.0596137,9827117.60520172,1707.0,-1.773375089243991e-08,1767.0,ASK
236,1712176211.061213,9827174.4627017,1708.0,-3.1096887768458993e-09,1767.0,ASK
237,1712176216.3952277,9827846.27826365,1707.0,-3.674339029669112e-08,1767.0,ASK
238,1712176227.874854,9828611.60749419,1707.0,-4.185790299579785e-08,1767.0,ASK
239,1712176230.7292976,9828611.60749419,1707.0,-0.0,1767.0,ASK
240,1712176235.8605237,9828705.66277611,1707.0,-5.1432034114869865e-09,1767.0,ASK
241,1712176240.0255885,9829999.74371884,1707.0,-7.076393141878349e-08,1767.0,ASK
242,1712176240.1251938,9831248.16656379,1707.0,-6.826722012871743e-08,1767.0,ASK
243,1712176240.2055562,9832169.88941269,1707.0,-5.0402359167030783e-08,1767.0,ASK
244,1712176240.2084482,9832402.02548708,1707.0,-1.2693843719953443e-08,1767.0,ASK
245,1712176241.2454605,9832701.15710409,1707.0,-1.635734561287393e-08,1767.0,ASK
246,1712176241.265071,9832983.13595296,1707.0,-1.541938472639653e-08,1767.0,ASK
247,1712176241.30965,9833922.01043472,1707.0,-5.134025797333469e-08,1767.0,ASK
248,1712176241.3124986,9834045.04792007,1707.0,-6.728030595116775e-09,1767.0,ASK
249,1712176241.3153095,9834048.96473319,1707.0,-2.1418219360889964e-10,1767.0,ASK
250,1712176256.3555322,9834071.22468635,1708.0,1.2172359137487511e-09,1767.0,BID
251,1712176260.5061207,9834071.22468635,1708.0,0.0,1767.0,BID
252,1712176276.7962325,9834211.23818635,1707.0,7.652426274421911e-09,1767.0,BID
253,1712176290.5081155,9834211.23818635,1707.0,0.0,1767.0,BID
254,1712176316.956774,9834650.60549742,1707.0,2.40132704076317e-08,1767.0,BID
255,1712176320.7471104,9834650.60549742,1707.0,0.0,1767.0,BID
256,1712176343.9544551,9834679.93101061,1705.0,-1.6026968684957571e-09,1767.0,ASK
257,1712176343.9591038,9835178.60549742,1705.0,-2.7253539716109896e-08,1767.0,ASK
258,1712176346.6073349,9835471.22427297,1706.0,1.5992190561318913e-08,1767.0,BID
259,1712176347.6672904,9835528.22427297,1705.0,-3.1151619040199286e-09,1767.0,ASK
260,1712176350.7486937,9835528.22427297,1705.0,-0.0,1767.0,ASK
261,1712176357.4022317,9836145.57031401,1705.0,-3.3736413700918395e-08,1767.0,ASK
262,1712176371.4678907,9836155.57031401,1704.0,-5.46474933961801e-10,1767.0,ASK
263,1712176371.4709942,9836221.11031401,1704.0,-3.5815967171367867e-09,1767.0,ASK
264,1712176380.5325875,9836221.11031401,1704.0,-0.0,1767.0,ASK
265,1712176400.300109,9836225.99284922,1704.0,-2.6680108734247145e-10,1767.0,ASK
266,1712176400.3019578,9836229.05763922,1704.0,-1.6747228020511268e-10,1767.0,ASK
267,1712176400.3035884,9836258.88031401,1703.0,-1.629629223142598e-09,1767.0,ASK
268,1712176410.512179,9836258.88031401,1703.0,-0.0,1767.0,ASK
269,1712176417.508828,9836266.44407487,1703.0,-4.1331243733682166e-10,1767.0,ASK
270,1712176418.518527,9836290.77754526,1703.0,-1.3296726512790347e-09,1767.0,ASK
271,1712176418.5211625,9836296.64953586,1703.0,-3.208677260042257e-10,1767.0,ASK
272,1712176418.9186432,9836550.39293849,1703.0,1.3865497090809936e-08,1767.0,BID
273,1712176418.9217606,9836550.3929385,1703.0,6.106917609766455e-19,1767.0,BID
274,1712176440.7406497,9836550.3929385,1703.0,0.0,1767.0,BID
275,1712176452.089608,9837506.46614809,1702.0,-5.22420309745047e-08,1767.0,ASK
276,1712176452.096559,9837516.46614809,1703.0,-5.464229145898116e-10,1767.0,ASK
277,1712176470.7367096,9837516.46614809,1703.0,-0.0,1767.0,ASK
278,1712176477.1832342,9838056.39014809,1702.0,-2.9500034099066224e-08,1767.0,ASK
279,1712176480.4593863,9838248.06425891,1702.0,-1.0472571704735041e-08,1767.0,ASK
280,1712176481.8246732,9838731.28125891,1702.0,-2.640171205065605e-08,1767.0,ASK
281,1712176483.309485,9838731.41637513,1702.0,-7.382396565422926e-12,1767.0,ASK
282,1712176495.8999536,9839025.18840804,1701.0,-1.605093492447268e-08,1767.0,ASK
283,1712176500.498676,9839025.18840804,1701.0,-0.0,1767.0,ASK
284,1712176517.6598003,9839280.74238531,1701.0,-1.3998734840085085e-08,1767.0,ASK
285,1712176528.0303133,9839510.74096485,1701.0,-1.2598861355994949e-08,1767.0,ASK
286,1712176530.512268,9839510.74096485,1701.0,-0.0,1767.0,ASK
287,1712176546.0301616,9839596.26196485,1701.0,-4.684457091231493e-09,1767.0,ASK
288,1712176549.4411125,9839731.41637513,1701.0,-7.403152858956259e-09,1767.0,ASK
289,1712176549.4443216,9840183.95696485,1701.0,-2.4788145304556824e-08,1767.0,ASK
290,1712176551.930268,9840438.12296485,1701.0,-1.3922074356596216e-08,1767.0,ASK
291,1712176553.6004512,9840455.17175968,1701.0,-9.338565713641062e-10,1767.0,ASK
292,1712176560.7502172,9840455.17175968,1701.0,-0.0,1767.0,ASK
293,1712176590.7637398,9840455.17175968,1701.0,-0.0,1767.0,ASK
294,1712176610.9137683,9841042.82375968,1701.0,-3.2186110580198765e-08,1767.0,ASK
295,1712176620.555243,9841042.82375968,1701.0,-0.0,1767.0,ASK
296,1712176625.3411143,9841201.70985183,1701.0,-8.701825854002079e-09,1767.0,ASK
297,1712176650.5030017,9841201.70985183,1701.0,-0.0,1767.0,ASK
298,1712176680.4587266,9841260.4987995,1701.0,-3.2196878013619523e-09,1767.0,ASK
299,1712176680.4630027,9842728.18371749,1701.0,-8.038053773709683e-08,1767.0,ASK
300,1712176680.4655595,9842734.06607043,1700.0,-3.221581735563716e-10,1767.0,ASK
301,1712176680.468809,9842897.25791259,1700.0,-8.937509588251264e-09,1767.0,ASK
302,1712176680.4715886,9845469.68505351,1701.0,-1.4088383299592726e-07,1767.0,ASK
303,1712176680.4765804,9846508.62681822,1700.0,-5.6899608833732354e-08,1767.0,ASK
304,1712176680.4782298,9847096.51629499,1701.0,-3.2196878017597964e-08,1767.0,ASK
305,1712176680.4799242,9849977.3398244,1700.0,-1.577737439292165e-07,1767.0,ASK
306,1712176680.6128151,9850036.16335381,1700.0,3.221581735665726e-09,1767.0,BID
307,1712176680.634086,9850609.11255525,1700.0,3.137864560936556e-08,1767.0,BID
308,1712176680.6398067,9854620.97288625,1700.0,2.197171114720073e-07,1767.0,BID
309,1712176680.644282,9858275.23158625,1700.0,2.0013238245897946e-07,1767.0,BID
310,1712176680.645795,9860434.53992905,1700.0,1.182586014252382e-07,1767.0,BID
311,1712176680.6520448,9860466.80264764,1700.0,1.766928744368358e-09,1767.0,BID
312,1712176680.6537497,9861095.97891764,1700.0,3.4458027260495965e-08,1767.0,BID
313,1712176680.6730294,9862559.13891764,1700.0,8.013272205350444e-08,1767.0,BID
314,1712176680.6916716,9863761.03257664,1700.0,6.582397722358102e-08,1767.0,BID
315,1712176680.702831,9864624.54082264,1700.0,4.7291660698548814e-08,1767.0,BID
316,1712176680.7438078,9864624.54082264,1700.0,0.0,1767.0,BID
317,1712176683.8717818,9865004.84082264,1703.0,2.0782521210356984e-08,1767.0,BID
318,1712176683.8738873,9866049.54082264,1703.0,5.7090454663165735e-08,1767.0,BID
319,1712176683.991607,9866237.34082264,1703.0,1.0262838504635496e-08,1767.0,BID
320,1712176684.3718126,9866695.14082264,1703.0,2.501771814372748e-08,1767.0,BID
321,1712176685.1619794,9867513.34082264,1703.0,4.471275007705496e-08,1767.0,BID
322,1712176685.1654105,9867610.74082264,1703.0,5.322686210501804e-09,1767.0,BID
323,1712176685.344582,9868400.54082264,1703.0,4.3160755329800884e-08,1767.0,BID
324,1712176702.721996,9868459.25982264,1703.0,-3.208858435338128e-09,1767.0,ASK
325,1712176709.4519248,9868459.26072868,1703.0,-4.9512951209689125e-14,1767.0,ASK
326,1712176710.754802,9868459.26072868,1703.0,-0.0,1767.0,ASK
327,1712176722.8321922,9869927.25837988,1702.0,8.019407918814132e-08,1767.0,BID
328,1712176740.4968028,9869927.25837988,1702.0,0.0,1767.0,BID
329,1712176770.515742,9869927.25837988,1702.0,0.0,1767.0,BID
330,1712176771.6928003,9870472.72937988,1703.0,-2.9794035962709795e-08,1767.0,ASK
331,1712176774.042632,9870677.59237988,1703.0,-1.1189771022542013e-08,1767.0,ASK
332,1712176776.232653,9870810.87337988,1703.0,-7.279908385952342e-09,1767.0,ASK
333,1712176800.547147,9870810.87337988,1703.0,-0.0,1767.0,ASK
334,1712176830.4863727,9870810.87337988,1703.0,-0.0,1767.0,ASK
335,1712176840.7541592,9870898.90922015,1703.0,-4.812218556951601e-09,1767.0,ASK
336,1712176840.7561705,9870898.90937088,1703.0,-8.23925473339506e-15,1767.0,ASK
337,1712176840.7926135,9870898.90937176,1703.0,-4.8057143632372354e-17,1767.0,ASK
338,1712176840.8269477,9871297.84815574,1702.0,-2.1806807471715e-08,1767.0,ASK
339,1712176841.1562977,9871378.03676043,1702.0,-4.383272657658975e-09,1767.0,ASK
340,1712176841.6619737,9871594.17080493,1702.0,-1.1814327625567844e-08,1767.0,ASK
341,1712176842.18866,9872028.85480929,1702.0,-2.376071411132433e-08,1767.0,ASK
342,1712176842.413407,9872804.32706429,1702.0,-4.238889484675792e-08,1767.0,ASK
343,1712176842.7729554,9872881.06576712,1702.0,-4.194693986738242e-09,1767.0,ASK
344,1712176843.313202,9873229.14506429,1700.0,-1.9026724206990848e-08,1767.0,ASK
345,1712176849.5633006,9874867.53959064,1700.0,-8.955798592027252e-08,1767.0,ASK
346,1712176849.566111,9875647.26668614,1700.0,-4.262147310514156e-08,1767.0,ASK
347,1712176853.063403,9875720.62955926,1699.0,-4.0101642506168446e-09,1767.0,ASK
348,1712176853.3230124,9875730.02250043,1700.0,5.13437318957044e-10,1767.0,BID
349,1712176859.7360337,9876318.12250043,1700.0,3.2146745288023665e-08,1767.0,BID
350,1712176860.1964557,9876323.53435274,1699.0,-2.9582288340218556e-10,1767.0,ASK
351,1712176860.7359493,9876323.53435274,1699.0,-0.0,1767.0,ASK
352,1712176861.3853452,9876782.23435274,1700.0,2.506063399777268e-08,1767.0,BID
353,1712176862.5633986,9879520.23435274,1700.0,1.495880006235297e-07,1767.0,BID
354,1712176864.14011,9879526.11670568,1700.0,3.213767039324206e-10,1767.0,BID
355,1712176868.0738373,9879529.05788215,1700.0,1.606883519662103e-10,1767.0,BID
356,1712176870.3235097,9880116.95788215,1700.0,3.2119351923429576e-08,1767.0,BID
357,1712176879.5243292,9880122.84369733,1699.0,-3.215658600953949e-10,1767.0,ASK
358,1712176879.5280776,9880507.39587231,1699.0,-2.1009638784025248e-08,1767.0,ASK
359,1712176879.531702,9881840.31281461,1699.0,-7.282263710588998e-08,1767.0,ASK
360,1712176886.4338484,9882260.57779473,1699.0,-2.2960773596904915e-08,1767.0,ASK
361,1712176886.4367654,9882344.47878797,1699.0,-4.583850193195916e-09,1767.0,ASK
362,1712176890.7562926,9882344.47878797,1699.0,-0.0,1767.0,ASK
363,1712176891.2340653,9882847.84475204,1700.0,2.7485549133703443e-08,1767.0,BID
364,1712176896.4571283,9883052.78175204,1699.0,-1.1190279806153571e-08,1767.0,ASK
365,1712176900.1134565,9883447.45130202,1699.0,-2.1550343252894466e-08,1767.0,ASK
366,1712176901.6859105,9883815.3516824,1699.0,-2.0088652596800595e-08,1767.0,ASK
367,1712176901.8037488,9884408.87082894,1699.0,-3.2408229456156675e-08,1767.0,ASK
368,1712176903.123785,9885585.34141717,1700.0,6.4239425120621e-08,1767.0,BID
369,1712176905.373579,9885643.07813772,1699.0,-3.152627676068895e-09,1767.0,ASK
370,1712176909.0339851,9885831.05913772,1699.0,-1.0264422667642608e-08,1767.0,ASK
371,1712176909.973611,9888623.53243772,1699.0,-1.524788475388533e-07,1767.0,ASK
372,1712176912.533713,9888631.70743772,1699.0,-4.4638370534975975e-10,1767.0,ASK
373,1712176916.1642363,9888923.59301857,1699.0,-1.5937977627701124e-08,1767.0,ASK
374,1712176919.8876462,9888945.72649159,1699.0,-1.2085653452251486e-09,1767.0,ASK
375,1712176919.890488,9889511.99901857,1699.0,-3.0920468355798286e-08,1767.0,ASK
376,1712176920.485232,9889511.99901857,1699.0,-0.0,1767.0,ASK
377,1712176923.3703032,9889548.68907496,1699.0,-2.002074466262773e-09,1767.0,ASK
378,1712176923.3721478,9889607.54722681,1699.0,-3.2117258611639087e-09,1767.0,ASK
379,1712176927.3741398,9889620.31999237,1698.0,-6.96974338772531e-10,1767.0,ASK
380,1712176927.3771684,9889741.77524828,1698.0,-6.627475958859374e-09,1767.0,ASK
381,1712176927.380087,9889962.72822681,1698.0,-1.205679031585408e-08,1767.0,ASK
382,1712176928.563922,9890434.80285104,1698.0,-2.575980100205528e-08,1767.0,ASK
383,1712176928.567832,9890551.48222681,1698.0,-6.3668694452187635e-09,1767.0,ASK
384,1712176934.4037926,9891455.93401857,1699.0,4.935342205645479e-08,1767.0,BID
385,1712176936.7207077,9892044.28001857,1699.0,-3.2104407020551224e-08,1767.0,ASK
386,1712176941.278936,9892191.25943269,1699.0,-8.020258376140979e-09,1767.0,ASK
387,1712176942.2316463,9892347.08601857,1698.0,-8.503023964994537e-09,1767.0,ASK
388,1712176950.537284,9892347.08601857,1698.0,-0.0,1767.0,ASK
389,1712176969.1842456,9892386.09896736,1699.0,2.128268985796764e-09,1767.0,BID
390,1712176975.7539508,9892974.85296736,1698.0,-3.211823041595488e-08,1767.0,ASK
391,1712176980.528343,9892974.85296736,1698.0,-0.0,1767.0,ASK
392,1712176986.3040535,9893563.60696736,1698.0,-3.2116362763353355e-08,1767.0,ASK
393,1712176993.0944788,9895410.59401857,1699.0,1.0075261680734645e-07,1767.0,BID
394,1712176993.098425,9896878.79401857,1699.0,8.00898912094674e-08,1767.0,BID
395,1712176994.3443172,9897086.99801857,1699.0,-1.1357468811712369e-08,1767.0,ASK
396,1712177010.5182257,9897086.99801857,1699.0,-0.0,1767.0,ASK
397,1712177015.9843297,9897107.81801857,1699.0,-1.135292422539178e-09,1767.0,ASK
398,1712177036.6945071,9897203.95801857,1699.0,-5.2424117915425676e-09,1767.0,ASK
399,1712177040.750866,9897203.95801857,1699.0,-0.0,1767.0,ASK
400,1712177070.7478125,9897203.95801857,1699.0,-0.0,1767.0,ASK
401,1712177073.0647314,9897203.95896128,1699.0,-5.1404458037857453e-14,1767.0,ASK
402,1712177086.0247934,9897261.15896128,1698.0,-3.119021273643947e-09,1767.0,ASK
403,1712177092.0447786,9897264.10245745,1699.0,1.6050397163564801e-10,1767.0,BID
404,1712177093.4429736,9897778.65482255,1699.0,2.805768834216166e-08,1767.0,BID
405,1712177093.446121,9898655.65482255,1699.0,4.7821357640233764e-08,1767.0,BID
406,1712177093.6151252,9898683.65482255,1699.0,-1.526793630474966e-09,1767.0,ASK
407,1712177093.8236585,9900151.74482255,1699.0,-8.005251646299165e-08,1767.0,ASK
408,1712177093.8751512,9900155.27839145,1698.0,-1.926796603387264e-10,1767.0,ASK
409,1712177093.8779123,9900282.37714958,1697.0,-6.930484798330387e-09,1767.0,ASK
410,1712177093.881022,9900337.64237718,1699.0,-3.013521338750306e-09,1767.0,ASK
411,1712177093.8840418,9900608.75139083,1698.0,-1.4783125543072692e-08,1767.0,ASK
412,1712177100.5453868,9900608.75139083,1698.0,-0.0,1767.0,ASK
413,1712177106.7168558,9900637.26840171,1697.0,-1.5561027676728375e-09,1767.0,ASK
414,1712177106.7252147,9900694.41382218,1697.0,-3.118284287381669e-09,1767.0,ASK
415,1712177106.728163,9903460.85227247,1697.0,-1.509577054590975e-07,1767.0,ASK
416,1712177130.080165,9908377.87082201,1700.0,2.6830954357967026e-07,1767.0,BID
417,1712177130.507341,9908377.87082201,1700.0,0.0,1767.0,BID
418,1712177134.715644,9908377.87082255,1700.0,2.9454368535449696e-17,1767.0,BID
419,1712177134.7253373,9909312.60049155,1700.0,5.0969176935035575e-08,1767.0,BID
420,1712177142.9452145,9909318.47248215,1703.0,3.2018939572483076e-10,1767.0,BID
421,1712177160.5357735,9909318.47248215,1703.0,0.0,1767.0,BID
422,1712177181.2753415,9909418.47248215,1705.0,5.452350006988926e-09,1767.0,BID
423,1712177187.055543,9910004.98274607,1705.0,3.197859241582364e-08,1767.0,BID
424,1712177190.4959743,9910004.98274607,1705.0,0.0,1767.0,BID
425,1712177190.8358607,9910591.49300999,1705.0,3.1976551680071135e-08,1767.0,BID
426,1712177220.7377975,9910591.49300999,1705.0,0.0,1767.0,BID
427,1712177226.255262,9911177.65948126,1706.0,3.195606585239194e-08,1767.0,BID
428,1712177226.4554114,9911183.65948126,1706.0,3.2710229006898924e-10,1767.0,BID
429,1712177233.7857969,9912368.81836723,1705.0,6.461136428267046e-08,1767.0,BID
430,1712177250.7379518,9912368.81836723,1705.0,0.0,1767.0,BID
431,1712177280.5560153,9912368.81836723,1705.0,0.0,1767.0,BID
432,1712177310.5105128,9912368.81836723,1705.0,0.0,1767.0,BID
433,1712177340.7787664,9912368.81836723,1705.0,0.0,1767.0,BID
434,1712177368.766936,9912403.9883555,1706.0,-1.917047182840014e-09,1767.0,ASK
435,1712177368.7702365,9912409.85002021,1706.0,-3.195078636374538e-10,1767.0,ASK
436,1712177368.775977,9913421.216377,1705.0,-5.512759942290311e-08,1767.0,ASK
437,1712177368.7779338,9916147.72664092,1705.0,-1.486167348188803e-07,1767.0,ASK
438,1712177370.76673,9916147.72664092,1705.0,-0.0,1767.0,ASK
439,1712177370.9960153,9916687.02664092,1705.0,2.93858665150192e-08,1767.0,BID
440,1712177386.2063649,9916834.90768054,1705.0,8.057875932418499e-09,1767.0,BID
441,1712177386.2107632,9916835.30728608,1705.0,2.177406837289765e-11,1767.0,BID
442,1712177391.3461645,9916935.30728608,1705.0,5.448890508989171e-09,1767.0,BID
443,1712177400.5402613,9916935.30728608,1705.0,0.0,1767.0,BID
444,1712177411.2365377,9917137.64963138,1704.0,-1.1035025970643093e-08,1767.0,ASK
445,1712177411.2410083,9917143.51129609,1704.0,-3.1967417505542925e-10,1767.0,ASK
446,1712177411.4162643,9917271.47558224,1704.0,-6.978713323187795e-09,1767.0,ASK
447,1712177430.527878,9917271.47558224,1704.0,-0.0,1767.0,ASK
448,1712177439.1467512,9917371.47558224,1703.0,-5.453471061323044e-09,1767.0,ASK
449,1712177439.1499977,9917377.04058224,1703.0,-3.0348566453418536e-10,1767.0,ASK
450,1712177460.7690074,9917377.04058224,1703.0,-0.0,1767.0,ASK
451,1712177477.9365346,9917377.34757284,1703.0,-1.6741479458096988e-11,1767.0,ASK
452,1712177490.7678394,9917377.34757284,1703.0,-0.0,1767.0,ASK
453,1712177514.876824,9917427.34757284,1703.0,2.7267087200026677e-09,1767.0,BID
454,1712177520.516931,9917427.34757284,1703.0,0.0,1767.0,BID
455,1712177524.8868835,9917433.21956344,1702.0,-3.2022267240588005e-10,1767.0,ASK
456,1712177524.8904967,9917533.19157284,1702.0,-5.451865679536816e-09,1767.0,ASK
457,1712177550.540989,9917533.19157284,1702.0,-0.0,1767.0,ASK
458,1712177557.85808,9918038.65118344,1703.0,2.7564423762143547e-08,1767.0,BID
459,1712177559.667421,9918269.32174657,1703.0,1.2579246725592388e-08,1767.0,BID
460,1712177559.671629,9918346.96401448,1703.0,4.2340957213289646e-09,1767.0,BID
461,1712177559.6871517,9919301.45233732,1703.0,5.2051479594136e-08,1767.0,BID
462,1712177559.6908364,9919521.95706753,1703.0,1.2024869440789381e-08,1767.0,BID
463,1712177580.7499263,9919521.95706753,1703.0,0.0,1767.0,BID
464,1712177581.6677816,9919521.98505813,1702.0,-1.5261403091594753e-12,1767.0,ASK
465,1712177581.6703043,9919820.69525014,1702.0,-1.6286669926644716e-08,1767.0,ASK
466,1712177581.6727836,9919870.69525014,1702.0,-2.7261657556883807e-09,1767.0,ASK
467,1712177581.675208,9920097.66230644,1701.0,-1.2374996331014352e-08,1767.0,ASK
468,1712177591.3070872,9920628.16628521,1701.0,2.892483560359653e-08,1767.0,BID
469,1712177599.5136874,9921407.89338071,1705.0,4.251330613077093e-08,1767.0,BID
470,1712177610.7602646,9921407.89338071,1705.0,0.0,1767.0,BID
471,1712177640.52081,9921407.89338071,1705.0,0.0,1767.0,BID
472,1712177670.5190396,9921407.89338071,1705.0,0.0,1767.0,BID
473,1712177700.7433174,9921407.89338071,1705.0,0.0,1767.0,BID
474,1712177706.8475296,9921425.48868862,1705.0,-9.606219299192044e-10,1767.0,ASK
475,1712177706.8578863,9922891.39067922,1703.0,-8.003142693320237e-08,1767.0,ASK
476,1712177706.8872666,9923174.12206925,1703.0,1.5435818170717315e-08,1767.0,BID
477,1712177706.9111593,9925134.97684848,1703.0,1.0705354586920725e-07,1767.0,BID
478,1712177706.9174678,9926210.79690111,1703.0,5.8734768413944943e-08,1767.0,BID
479,1712177706.9209182,9928597.86326411,1703.0,1.3032271491554864e-07,1767.0,BID
480,1712177706.9304628,9934809.55696109,1703.0,3.391295689814768e-07,1767.0,BID
481,1712177706.9372735,9935381.61696108,1703.0,3.1231813848596545e-08,1767.0,BID
482,1712177706.9407303,9938669.11317357,1703.0,1.794819944376967e-07,1767.0,BID
483,1712177719.107335,9939205.17555173,1707.0,2.9266511215866664e-08,1767.0,BID
484,1712177730.7900808,9939205.17555173,1707.0,0.0,1767.0,BID
485,1712177760.5223787,9939205.17555173,1707.0,0.0,1767.0,BID
486,1712177764.237583,9939322.34016773,1707.0,-6.3860748816224894e-09,1767.0,ASK
487,1712177789.7076476,9939322.34016801,1707.0,-1.5330086530000404e-17,1767.0,ASK
488,1712177790.5044458,9939322.34016801,1707.0,-0.0,1767.0,ASK
489,1712177801.9279308,9942137.5894346,1705.0,-1.534439087482393e-07,1767.0,ASK
490,1712177801.9315865,9942218.41318501,1705.0,-4.405262556968437e-09,1767.0,ASK
491,1712177811.311569,9942218.41318528,1705.0,-1.4720783547173713e-17,1767.0,ASK
492,1712177811.3677783,9942998.14028078,1703.0,4.2498678433308345e-08,1767.0,BID
493,1712177811.4276364,9945952.04258359,1703.0,1.610011307996532e-07,1767.0,BID
494,1712177820.557528,9945952.04258359,1703.0,0.0,1767.0,BID
495,1712177845.9878187,9946050.49079263,1703.0,-5.36257413389071e-09,1767.0,ASK
496,1712177845.991485,9946592.4251614,1703.0,-2.951971657563202e-08,1767.0,ASK
497,1712177846.107706,9947943.24422261,1703.0,7.358048894794923e-08,1767.0,BID
498,1712177850.5302217,9947943.24422261,1703.0,0.0,1767.0,BID
499,1712177852.5979471,9948722.97131811,1706.0,4.246468465280366e-08,1767.0,BID
500,1712177880.7504208,9948722.97131811,1706.0,0.0,1767.0,BID
501,1712177891.9184055,9948852.63680025,1707.0,7.0611948391771635e-09,1767.0,BID
502,1712177891.923169,9948900.862682,1707.0,2.626237466657402e-09,1767.0,BID
503,1712177891.927811,9948944.80849103,1708.0,2.3931574912074982e-09,1767.0,BID
504,1712177896.9182892,9950546.58371582,1708.0,-8.722789414892552e-08,1767.0,ASK
505,1712177910.7579849,9950546.58371582,1708.0,-0.0,1767.0,ASK
506,1712177928.4678695,9950855.14211482,1706.0,-1.6800319239362598e-08,1767.0,ASK
507,1712177928.6086729,9951015.00796883,1706.0,-8.70434054477778e-09,1767.0,ASK
508,1712177928.620672,9951634.74352125,1706.0,-3.37432238384065e-08,1767.0,ASK
509,1712177940.4930882,9951634.74352125,1706.0,-0.0,1767.0,ASK
510,1712177941.0779076,9951692.26033863,1706.0,-3.131346402911288e-09,1767.0,ASK
511,1712177970.4915695,9951692.26033863,1706.0,-0.0,1767.0,ASK
512,1712177979.8279982,9951924.62623972,1706.0,-1.2650460764594333e-08,1767.0,ASK
513,1712177997.0884387,9952023.50491998,1706.0,-5.3831515691522525e-09,1767.0,ASK
514,1712178000.6698744,9952023.50491998,1706.0,-0.0,1767.0,ASK
515,1712178013.6418133,9952140.50491998,1706.0,-6.37227127077143e-09,1767.0,ASK
516,1712178016.8385549,9952174.40491998,1706.0,-1.8463247528335502e-09,1767.0,ASK
517,1712178017.618789,9952433.14291353,1706.0,-1.409186908506732e-08,1767.0,ASK
518,1712178017.798636,9953477.52348715,1706.0,-5.6880994231085566e-08,1767.0,ASK
519,1712178017.8030748,9953599.49005269,1706.0,-6.642769586201604e-09,1767.0,ASK
520,1712178017.8078494,9953892.57328832,1706.0,-1.5962443438827282e-08,1767.0,ASK
521,1712178017.820415,9953910.15828245,1706.0,-9.577466058995023e-10,1767.0,ASK
522,1712178017.82259,9954160.15828245,1706.0,-1.3615964253785108e-08,1767.0,ASK
523,1712178017.8265777,9954244.93116591,1706.0,-4.617058203522554e-09,1767.0,ASK
524,1712178030.5311537,9954244.93116591,1706.0,-0.0,1767.0,ASK
525,1712178060.7422414,9954244.93116591,1706.0,-0.0,1767.0,ASK
526,1712178060.8491952,9954977.10115129,1705.0,3.9868572338782593e-08,1767.0,BID
527,1712178079.5384731,9954982.97659193,1702.0,-3.1993312327796714e-10,1767.0,ASK
528,1712178079.545936,9955082.97659193,1702.0,-5.445261774571284e-09,1767.0,ASK
529,1712178085.848549,9955082.97659194,1702.0,-5.071295215348978e-19,1767.0,ASK
530,1712178090.7586374,9955082.97659194,1702.0,-0.0,1767.0,ASK
531,1712178098.2085154,9955103.44662719,1702.0,1.1145603050501335e-09,1767.0,BID
532,1712178108.2587173,9955119.05515899,1702.0,8.49859306540246e-10,1767.0,BID
533,1712178108.2627242,9955132.82383048,1702.0,7.496818890621236e-10,1767.0,BID
534,1712178111.1885245,9955162.20103377,1702.0,1.5995411956023696e-09,1767.0,BID
535,1712178115.0684977,9955191.57823706,1702.0,1.5995411957037875e-09,1767.0,BID
536,1712178117.060424,9955220.95544035,1702.0,1.5995411956023696e-09,1767.0,BID
537,1712178118.908399,9955250.33264364,1702.0,1.5995411956023696e-09,1767.0,BID
538,1712178120.5413778,9955250.33264364,1702.0,0.0,1767.0,BID
539,1712178121.2783847,9955279.70984693,1702.0,1.5995163886806107e-09,1767.0,BID
540,1712178124.1483932,9955309.08705022,1702.0,1.599516388579194e-09,1767.0,BID
541,1712178127.149176,9955338.46425351,1702.0,1.599516388579194e-09,1767.0,BID
542,1712178147.9591217,9955356.10093781,1701.0,-9.602740363243564e-10,1767.0,ASK
543,1712178147.9640555,9955414.88988548,1701.0,-3.200913454515937e-09,1767.0,ASK
544,1712178147.971528,9955444.28425351,1701.0,-1.6004509664490888e-09,1767.0,ASK
545,1712178150.53878,9955444.28425351,1701.0,-0.0,1767.0,ASK
546,1712178152.198872,9955444.28435931,1701.0,-5.760451837073951e-15,1767.0,ASK
547,1712178153.889572,9955738.40200637,1700.0,-1.601369399723998e-08,1767.0,ASK
548,1712178153.892948,9955838.40200637,1700.0,-5.444655959053481e-09,1767.0,ASK
549,1712178153.8955765,9956032.34635931,1700.0,-1.0559602769681864e-08,1767.0,ASK
550,1712178155.2986102,9956218.12724185,1700.0,-1.0115129891954204e-08,1767.0,ASK
551,1712178155.3784034,9957309.9649901,1700.0,-5.9446809023288593e-08,1767.0,ASK
552,1712178155.4387906,9957313.2204801,1700.0,-1.7725023025026804e-10,1767.0,ASK
553,1712178155.4447522,9958194.20067281,1700.0,-4.7966340560551744e-08,1767.0,ASK
554,1712178163.95843,9958223.59514664,1701.0,1.6004279709290532e-09,1767.0,BID
555,1712178164.018883,9958631.22789699,1701.0,2.2194200833038346e-08,1767.0,BID
556,1712178165.8989708,9958660.62237082,1701.0,1.600427971030468e-09,1767.0,BID
557,1712178167.6466656,9958660.62237083,1700.0,-5.070731005681195e-19,1767.0,ASK
558,1712178167.6527338,9958690.03413552,1700.0,-1.601369398892398e-09,1767.0,ASK
559,1712178167.8393426,9958719.42860935,1701.0,1.600427971030468e-09,1767.0,BID
560,1712178180.7586105,9958719.42860935,1701.0,0.0,1767.0,BID
561,1712178184.7887375,9958748.82308318,1701.0,1.5999429137120502e-09,1767.0,BID
562,1712178187.091917,9958778.21755701,1701.0,1.599942913813433e-09,1767.0,BID
563,1712178187.1188152,9958781.21755701,1701.0,1.6329017383201926e-10,1767.0,BID
564,1712178189.5794983,9958781.21755702,1700.0,-6.0830330041058105e-19,1767.0,ASK
565,1712178189.5856743,9959028.16581695,1699.0,-1.3441408097117645e-08,1767.0,ASK
566,1712178189.5917404,9959087.02396879,1699.0,-3.2036526151308343e-09,1767.0,ASK
567,1712178189.6000009,9959145.88212064,1699.0,3.203652615637753e-09,1767.0,BID
568,1712178192.3756795,9959175.31119656,1699.0,1.601826307616109e-09,1767.0,BID
569,1712178194.0985055,9959204.74027248,1699.0,1.601826307514725e-09,1767.0,BID
570,1712178195.788767,9959234.1693484,1699.0,1.601826307616109e-09,1767.0,BID
571,1712178197.7383108,9959263.59842432,1699.0,1.601826307514725e-09,1767.0,BID
572,1712178199.7292874,9959293.02750024,1699.0,1.601826307616109e-09,1767.0,BID
573,1712178210.7403758,9959293.02750024,1699.0,0.0,1767.0,BID
574,1712178214.0081038,9959298.91678174,1698.0,-3.2053692841891264e-10,1767.0,ASK
575,1712178214.0199566,9959304.80606324,1698.0,-3.2053692841891264e-10,1767.0,ASK
576,1712178214.0239675,9959334.25247077,1698.0,-1.6026846437166192e-09,1767.0,ASK
577,1712178214.02799,9959665.36800336,1697.0,-1.8021681552470624e-08,1767.0,ASK
578,1712178214.0314794,9959771.25728486,1698.0,-5.763253979825236e-09,1767.0,ASK
579,1712178220.2077107,9960149.85728486,1697.0,-2.060612675708926e-08,1767.0,ASK
580,1712178220.2714772,9960741.52851258,1697.0,-3.2202990799961524e-08,1767.0,ASK
581,1712178221.2079017,9961617.63120178,1697.0,-4.7683790453759664e-08,1767.0,ASK
582,1712178221.2877223,9962391.52342919,1697.0,-4.212076422160596e-08,1767.0,ASK
583,1712178221.3077447,9962877.78224803,1697.0,-2.6465691647396345e-08,1767.0,ASK
584,1712178221.4078202,9963354.26984046,1697.0,-2.5933871441548883e-08,1767.0,ASK
585,1712178221.4992292,9963805.17214782,1697.0,-2.4541336768297283e-08,1767.0,ASK
586,1712178221.5016155,9963840.52865929,1697.0,-1.9243548785921792e-09,1767.0,ASK
587,1712178221.6276948,9963840.5286593,1697.0,-6.082710308776462e-19,1767.0,ASK
588,1712178221.7271032,9963958.4531876,1696.0,-6.4182984096342305e-09,1767.0,ASK
589,1712178221.7317617,9963961.40189043,1696.0,-1.6048955177139988e-10,1767.0,ASK
590,1712178221.73412,9964070.74032542,1696.0,-5.95098164497798e-09,1767.0,ASK
591,1712178221.7383246,9964129.73737556,1695.0,-3.2110425078592143e-09,1767.0,ASK
592,1712178221.7407138,9964318.22087453,1696.0,-1.0258623537721072e-08,1767.0,ASK
593,1712178221.7431262,9964377.18313868,1696.0,-3.209149204867804e-09,1767.0,ASK
594,1712178221.7458143,9964528.57975043,1695.0,-8.240089203129014e-09,1767.0,ASK
595,1712178221.7482207,9964587.48308178,1696.0,-3.2059416593216587e-09,1767.0,ASK
596,1712178221.7506156,9964668.52284386,1695.0,-4.41076494921396e-09,1767.0,ASK
597,1712178221.7530224,9964674.41907027,1696.0,-3.2091492020292056e-10,1767.0,ASK
598,1712178221.7554636,9964879.41907027,1695.0,-1.1157569955590789e-08,1767.0,ASK
599,1712178221.7578945,9964885.32225799,1694.0,-3.2129380462466636e-10,1767.0,ASK
600,1712178221.7603498,9966158.1836149,1695.0,-6.92782421146102e-08,1767.0,ASK
601,1712178221.8743787,9966528.67620466,1694.0,2.0164863357471133e-08,1767.0,BID
602,1712178223.3975787,9966577.24062711,1695.0,-2.643224101603238e-09,1767.0,ASK
603,1712178224.7335749,9966639.82398158,1695.0,-3.4062349051109274e-09,1767.0,ASK
604,1712178234.36737,9966915.23831316,1695.0,1.4990022787279188e-08,1767.0,BID
605,1712178240.5207424,9966915.23831316,1695.0,0.0,1767.0,BID
606,1712178246.7075317,9966944.70207273,1697.0,1.6025013988338631e-09,1767.0,BID
607,1712178247.0099914,9966950.70207273,1695.0,-3.2633338492798e-10,1767.0,ASK
608,1712178251.0969996,9968439.19924557,1695.0,-8.095772014476438e-08,1767.0,ASK
609,1712178267.4180326,9969909.47924557,1695.0,7.996690819861529e-08,1767.0,BID
610,1712178270.5042746,9969909.47924557,1695.0,0.0,1767.0,BID
611,1712178273.7266347,9971693.03189181,1695.0,9.697869205961933e-08,1767.0,BID
612,1712178273.8064282,9972780.6917005,1695.0,5.9140292760575447e-08,1767.0,BID
613,1712178300.73857,9972780.6917005,1695.0,0.0,1767.0,BID
614,1712178302.6057794,9973371.6917005,1695.0,-3.217316049414628e-08,1767.0,ASK
615,1712178302.6112926,9975408.49588606,1695.0,-1.108805887600169e-07,1767.0,ASK
616,1712178327.065559,9976452.66588555,1695.0,-5.684306087446735e-08,1767.0,ASK
617,1712178328.045616,9976464.47923463,1693.0,-6.43101143659904e-10,1767.0,ASK
618,1712178328.0521824,9979294.30590428,1693.0,-1.540515526451266e-07,1767.0,ASK
619,1712178328.0585616,9979992.06489509,1693.0,-3.798496107875099e-08,1767.0,ASK
620,1712178328.0624695,9981005.39407442,1695.0,-5.5164132521115255e-08,1767.0,ASK
621,1712178328.0654538,9982394.63503119,1693.0,-7.562821026600809e-08,1767.0,ASK
622,1712178328.5108654,9982612.92411673,1695.0,1.1883332966545618e-08,1767.0,BID
623,1712178329.240708,9982691.70547366,1695.0,4.2887398315045014e-09,1767.0,BID
624,1712178330.7549314,9982691.70547366,1695.0,0.0,1767.0,BID
625,1712178340.3650644,9982697.6121482,1693.0,-3.212569477634901e-10,1767.0,ASK
626,1712178340.3694286,9983697.6121482,1693.0,-5.4388801279953294e-08,1767.0,ASK
627,1712178360.4993937,9983697.6121482,1693.0,-0.0,1767.0,ASK
628,1712178369.8546064,9983703.51882274,1693.0,-3.2122719447583276e-10,1767.0,ASK
629,1712178369.8612514,9983753.51882274,1693.0,-2.7191882015600513e-09,1767.0,ASK
630,1712178384.0039492,9983812.62047758,1692.0,-3.2141704506051922e-09,1767.0,ASK
631,1712178384.009643,9983871.65231359,1692.0,-3.21037343992444e-09,1767.0,ASK
632,1712178390.553534,9983871.65231359,1692.0,-0.0,1767.0,ASK
633,1712178391.4151297,9983904.22863359,1692.0,-1.7715945229236283e-09,1767.0,ASK
634,1712178391.420731,9984701.89986488,1692.0,-4.337966917220845e-08,1767.0,ASK
635,1712178394.683815,9984797.73692029,1692.0,-5.211896323965677e-09,1767.0,ASK
636,1712178401.1339135,9984845.65544799,1692.0,-2.605948161729598e-09,1767.0,ASK
637,1712178401.213606,9984904.22863359,1692.0,-3.1853792816307954e-09,1767.0,ASK
638,1712178401.216334,9984928.39776471,1692.0,-1.3143872701767982e-09,1767.0,ASK
639,1712178407.4695578,9985028.81123192,1693.0,5.460774836957263e-09,1767.0,BID
640,1712178420.5262628,9985028.81123192,1693.0,0.0,1767.0,BID
641,1712178428.2510772,9985230.83945295,1692.0,-1.0985709330026515e-08,1767.0,ASK
642,1712178428.256757,9985242.57350955,1692.0,-6.38064001189717e-10,1767.0,ASK
643,1712178429.7929647,9985242.57350956,1692.0,-6.077114798160217e-19,1767.0,ASK
644,1712178434.059896,9985925.99173441,1691.0,-3.716230302262919e-08,1767.0,ASK
645,1712178434.0625849,9985993.24845213,1691.0,-3.657225449040659e-09,1767.0,ASK
646,1712178434.0679364,9986022.8167549,1691.0,-1.607838637340213e-09,1767.0,ASK
647,1712178434.5330002,9986081.95336045,1691.0,3.215677275288138e-09,1767.0,BID
648,1712178435.0927052,9987703.09180865,1691.0,8.815281194324743e-08,1767.0,BID
649,1712178438.6727617,9987706.07467929,1693.0,1.62199863245046e-10,1767.0,BID
650,1712178450.489059,9987706.07467929,1693.0,0.0,1767.0,BID
651,1712178455.33261,9988332.25779764,1693.0,3.4041643016443626e-08,1767.0,BID
652,1712178455.3353193,9988487.9731571,1693.0,8.465266027788033e-09,1767.0,BID
653,1712178480.7418957,9988487.9731571,1693.0,0.0,1767.0,BID
654,1712178488.1016872,9988547.03990252,1693.0,3.210856876675501e-09,1767.0,BID
655,1712178491.901802,9989487.9731571,1693.0,5.1148950048452e-08,1767.0,BID
656,1712178491.9077282,9995226.43971826,1693.0,3.119419343109101e-07,1767.0,BID
657,1712178498.79168,9995285.57632381,1691.0,-3.2146544598838807e-09,1767.0,ASK
658,1712178498.801389,9996763.1059723,1691.0,-8.03182264180815e-08,1767.0,ASK
659,1712178498.8058429,9997071.79373367,1691.0,-1.6780207108228068e-08,1767.0,ASK
660,1712178499.0140247,9997650.7077066,1691.0,3.1469651794786706e-08,1767.0,BID
661,1712178499.501863,9998435.29553595,1691.0,4.26500429192471e-08,1767.0,BID
662,1712178503.3411927,9998455.29553595,1691.0,1.08719613850255e-09,1767.0,BID
663,1712178510.7450898,9998455.29553595,1691.0,0.0,1767.0,BID
664,1712178517.1613524,9998651.77419885,1691.0,1.0670757595585814e-08,1767.0,BID
665,1712178523.3510556,10000504.32870219,1691.0,1.0061224840354861e-07,1767.0,BID
666,1712178523.3607864,10000504.3287022,1691.0,5.0580135727231545e-19,1767.0,BID
667,1712178540.5017383,10000504.3287022,1691.0,0.0,1767.0,BID
668,1712178548.4309185,10000681.84349509,1690.0,-9.639015813064224e-09,1767.0,ASK
669,1712178548.4368591,10000707.73114298,1690.0,-1.4056938202664903e-09,1767.0,ASK
670,1712178548.4441886,10000922.6287022,1690.0,-1.1668892140168257e-08,1767.0,ASK
671,1712178550.2207708,10000925.61510078,1691.0,1.6216081308963232e-10,1767.0,BID
672,1712178554.141446,10000928.55304451,1690.0,-1.5952972480389986e-10,1767.0,ASK
673,1712178554.1461782,10001285.23943504,1690.0,-1.9367995774692863e-08,1767.0,ASK
674,1712178554.1508284,10006060.9691948,1690.0,-2.5932111867399216e-07,1767.0,ASK
675,1712178565.6902704,10006364.7322318,1691.0,1.6494268840405674e-08,1767.0,BID
676,1712178566.46749,10006364.7322325,1691.0,3.802910576636814e-17,1767.0,BID
677,1712178569.870288,10006908.4322318,1691.0,-2.9522795286641627e-08,1767.0,ASK
678,1712178569.8803642,10007324.12934733,1690.0,-2.2572265695793905e-08,1767.0,ASK
679,1712178569.8849795,10007364.7322325,1690.0,-2.2047281009009576e-09,1767.0,ASK
680,1712178570.5134306,10007364.7322325,1690.0,-0.0,1767.0,ASK
681,1712178572.7727094,10008839.7322325,1691.0,-8.004179439330326e-08,1767.0,ASK
682,1712178572.77992,10008928.48962894,1690.0,-4.816475441906215e-09,1767.0,ASK
683,1712178572.7851143,10010328.24498401,1690.0,-7.59585968348415e-08,1767.0,ASK
684,1712178572.7883582,10011107.97207951,1691.0,-4.2312376854826646e-08,1767.0,ASK
685,1712178572.7916198,10013957.83822519,1690.0,-1.5464976276673378e-07,1767.0,ASK
686,1712178572.7948866,10014797.88435174,1690.0,-4.558562667268541e-08,1767.0,ASK
687,1712178572.9224386,10015377.53259081,1690.0,3.145497299805099e-08,1767.0,BID
688,1712178572.9327135,10016672.80876114,1690.0,7.028896875126026e-08,1767.0,BID
689,1712178573.0104902,10017107.17337106,1690.0,2.3571066304341056e-08,1767.0,BID
690,1712178573.0370803,10018066.59043331,1690.0,5.206336490448362e-08,1767.0,BID
691,1712178573.0560336,10018558.24991902,1690.0,2.6680208451953065e-08,1767.0,BID
692,1712178573.0642912,10018784.69383352,1690.0,1.2288120166849833e-08,1767.0,BID
693,1712178573.2101812,10019180.37807056,1690.0,2.1472051759812898e-08,1767.0,BID
694,1712178573.250136,10020071.47176231,1690.0,4.835575461717421e-08,1767.0,BID
695,1712178574.3401144,10021767.50498716,1690.0,9.203630011361162e-08,1767.0,BID
696,1712178574.400036,10022000.6940917,1690.0,1.265415210872615e-08,1767.0,BID
697,1712178574.5201554,10022288.54909082,1690.0,1.562063095227171e-08,1767.0,BID
698,1712178574.800315,10022439.93279082,1690.0,8.214930840615106e-09,1767.0,BID
699,1712178574.9493632,10022554.33204719,1690.0,6.207946954028e-09,1767.0,BID
700,1712178575.0208597,10022972.87758006,1690.0,2.2712634227898346e-08,1767.0,BID
701,1712178575.2844503,10026008.11085106,1690.0,1.6470882536485957e-07,1767.0,BID
702,1712178575.293558,10028666.13269706,1690.0,1.4423921226471108e-07,1767.0,BID
703,1712178575.3006997,10031960.18162661,1690.0,1.787536184003404e-07,1767.0,BID
704,1712178579.0716598,10031963.16449725,1693.0,1.6186733456770396e-10,1767.0,BID
705,1712178588.742184,10031965.18162661,1693.0,1.0946078201976468e-10,1767.0,BID
706,1712178588.7470105,10031966.16449725,1693.0,5.3336087932716506e-11,1767.0,BID
707,1712178588.803271,10034122.46843625,1693.0,1.170131773117896e-07,1767.0,BID
708,1712178589.1729748,10034124.48556623,1693.0,1.0946081567860547e-10,1767.0,BID
709,1712178589.7136734,10035149.48546623,1695.0,5.562225847387795e-08,1767.0,BID
710,1712178589.71868,10036149.48546623,1695.0,5.4265623317493743e-08,1767.0,BID
711,1712178600.523372,10036149.48546623,1695.0,0.0,1767.0,BID
712,1712178611.5597398,10037604.78347174,1696.0,-7.885122856229074e-08,1767.0,ASK
713,1712178611.562811,10038339.93632776,1697.0,-3.9832189461297286e-08,1767.0,ASK
714,1712178618.349487,10038342.87923535,1699.0,1.594531691593246e-10,1767.0,BID
715,1712178630.511506,10038342.87923535,1699.0,0.0,1767.0,BID
716,1712178633.9494526,10040706.87923535,1697.0,1.280608730916106e-07,1767.0,BID
717,1712178633.9552364,10041386.42518911,1698.0,3.68118646972788e-08,1767.0,BID
718,1712178652.3998415,10042590.86744011,1697.0,-6.524616169693556e-08,1767.0,ASK
719,1712178659.3890488,10042590.86744014,1697.0,-1.614429536855294e-18,1767.0,ASK
720,1712178660.2052886,10043045.76744014,1696.0,-2.4642508954915977e-08,1767.0,ASK
721,1712178660.4948614,10043045.76744014,1696.0,-0.0,1767.0,ASK
722,1712178677.6467352,10043051.6428808,1699.0,3.1814251301182237e-10,1767.0,BID
723,1712178681.9353228,10043109.9519187,1697.0,-3.1573093706345274e-09,1767.0,ASK
724,1712178690.527226,10043109.9519187,1697.0,-0.0,1767.0,ASK
725,1712178693.6985705,10043353.9295197,1699.0,1.3210786010827422e-08,1767.0,BID
726,1712178693.7048893,10043353.92952051,1699.0,4.3873075951326106e-17,1767.0,BID
727,1712178720.75807,10043353.92952051,1699.0,0.0,1767.0,BID
728,1712178723.728237,10043642.3235253,1700.0,1.561547435692045e-08,1767.0,BID
729,1712178736.1283057,10043889.58238836,1701.0,1.3388157768541968e-08,1767.0,BID
730,1712178736.1333916,10044098.08209984,1701.0,1.1289492305537512e-08,1767.0,BID
731,1712178736.1378057,10044383.84643613,1703.0,1.5473087482189397e-08,1767.0,BID
732,1712178750.7631674,10044383.84643613,1703.0,0.0,1767.0,BID
733,1712178760.38801,10045163.57353163,1703.0,4.221534847833346e-08,1767.0,BID
734,1712178760.4020646,10045689.98413733,1703.0,2.8500493686326543e-08,1767.0,BID
735,1712178760.40633,10047905.98413733,1703.0,1.1997686468499898e-07,1767.0,BID
736,1712178760.5076065,10048500.8807393,1703.0,-3.2208406640814786e-08,1767.0,ASK
737,1712178760.511374,10049595.33716979,1703.0,-5.9255167447948094e-08,1767.0,ASK
738,1712178760.5172205,10051416.76246666,1703.0,-9.86141229134935e-08,1767.0,ASK
739,1712178761.1376371,10052583.86246666,1699.0,-6.318817634197547e-08,1767.0,ASK
740,1712178761.53791,10053193.77246666,1699.0,-3.302124979243936e-08,1767.0,ASK
741,1712178761.5443604,10053493.96246666,1699.0,-1.6252642152504853e-08,1767.0,ASK
742,1712178770.1480477,10053523.32241968,1703.0,1.5895826311419823e-09,1767.0,BID
743,1712178780.507494,10053523.32241968,1703.0,0.0,1767.0,BID
744,1712178798.017513,10053599.65829754,1702.0,4.1294368970779775e-09,1767.0,BID
745,1712178799.1873288,10054200.63642386,1699.0,-3.251028636510298e-08,1767.0,ASK
746,1712178799.1942086,10054203.6381896,1699.0,-1.6238238892274458e-10,1767.0,ASK
747,1712178810.520707,10054203.6381896,1699.0,-0.0,1767.0,ASK
748,1712178834.2465696,10054322.27618997,1699.0,-6.417395244842566e-09,1767.0,ASK
749,1712178838.677379,10054325.75445083,1699.0,-1.8814692284820078e-10,1767.0,ASK
750,1712178840.7402134,10054325.75445083,1699.0,-0.0,1767.0,ASK
751,1712178870.7464907,10054325.75445083,1699.0,-0.0,1767.0,ASK
752,1712178881.7864134,10054613.11077266,1699.0,-1.5543572818356524e-08,1767.0,ASK
753,1712178893.2863047,10055676.98875906,1699.0,-5.754689803279162e-08,1767.0,ASK
754,1712178900.5273883,10055676.98875906,1699.0,-0.0,1767.0,ASK
755,1712178903.949855,10057529.54326241,1699.0,-1.0027531518244722e-07,1767.0,ASK
756,1712178913.54612,10057532.48098273,1702.0,1.5901331399339043e-10,1767.0,BID
757,1712178930.5206742,10057532.48098273,1702.0,0.0,1767.0,BID
758,1712178933.9762168,10057536.48098273,1698.0,-2.1647559000477902e-10,1767.0,ASK
759,1712178933.9829938,10057677.73672006,1698.0,-7.644604770059336e-09,1767.0,ASK
760,1712178933.9877622,10057783.62253524,1699.0,-5.730423578501425e-09,1767.0,ASK
761,1712178947.015765,10058195.94978624,1699.0,-2.2314696233836254e-08,1767.0,ASK
762,1712178947.0361238,10058195.94978656,1699.0,-1.7338339928920377e-17,1767.0,ASK
763,1712178947.4155614,10058272.54978656,1698.0,-4.145507548571358e-09,1767.0,ASK
764,1712178948.514916,10058368.99578656,1698.0,-5.219551188425229e-09,1767.0,ASK
765,1712178951.3960736,10058416.08216693,1698.0,-2.548262992944202e-09,1767.0,ASK
766,1712178951.5156298,10058704.65696092,1698.0,-1.561734969731036e-08,1767.0,ASK
767,1712178951.61555,10059239.85585157,1698.0,-2.89643739058754e-08,1767.0,ASK
768,1712178953.4557643,10059739.85585157,1699.0,2.7059448750597378e-08,1767.0,BID
769,1712178953.5360365,10060842.51644557,1698.0,-5.967477566526816e-08,1767.0,ASK
770,1712178953.555836,10061608.56640633,1698.0,-4.1457779307186344e-08,1767.0,ASK
771,1712178960.7323415,10061608.56640633,1698.0,-0.0,1767.0,ASK
772,1712178962.2759707,10061651.80240633,1698.0,-2.339008407297365e-09,1767.0,ASK
773,1712178962.395541,10061685.34654475,1698.0,-1.814691964603193e-09,1767.0,ASK
774,1712178962.5216951,10061785.24485154,1698.0,-5.4043616306005684e-09,1767.0,ASK
775,1712178963.636168,10062075.09108929,1697.0,-1.5680284645315793e-08,1767.0,ASK
776,1712178963.641393,10062664.3662808,1697.0,-3.187898110758757e-08,1767.0,ASK
777,1712178963.6465344,10062664.36628081,1698.0,-6.045993150022781e-19,1767.0,ASK
778,1712178963.6512525,10063776.90917254,1697.0,-6.018704730457304e-08,1767.0,ASK
779,1712178963.880997,10063781.32674893,1695.0,-2.389848347386065e-10,1767.0,ASK
780,1712178963.887581,10064232.00917254,1695.0,-2.43813021060237e-08,1767.0,ASK
781,1712178963.8942385,10064232.00917271,1695.0,-9.169756277534537e-18,1767.0,ASK
782,1712178963.904082,10064418.60917254,1695.0,-1.0094804524209356e-08,1767.0,ASK
783,1712178963.9598548,10064873.70917254,1695.0,-2.4620286940762304e-08,1767.0,ASK
784,1712178964.3558218,10065653.43626804,1694.0,-4.2182168373433865e-08,1767.0,ASK
785,1712178964.3611703,10065660.43626804,1692.0,-3.786904165798224e-10,1767.0,ASK
786,1712178964.36904,10065837.53189968,1694.0,-9.580631217095173e-09,1767.0,ASK
787,1712178964.3741813,10068049.53189968,1694.0,-1.196661716392239e-07,1767.0,ASK
788,1712178964.3828228,10068375.10917254,1692.0,-1.761328472691459e-08,1767.0,ASK
789,1712178973.3755748,10069485.29210326,1693.0,-6.00593766449332e-08,1767.0,ASK
790,1712178973.3823712,10071035.71798112,1693.0,-8.387591736612437e-08,1767.0,ASK
791,1712178986.275161,10077672.50031104,1693.0,-3.590408378952231e-07,1767.0,ASK
792,1712178990.7432222,10077672.50031104,1693.0,-0.0,1767.0,ASK
793,1712179008.241619,10077760.33959499,1693.0,-4.745000220665457e-09,1767.0,ASK
794,1712179012.184931,10077766.2393,1695.0,3.18696832590752e-10,1767.0,BID
795,1712179020.5095916,10077766.2393,1695.0,0.0,1767.0,BID
796,1712179027.2016015,10078032.51072785,1695.0,1.4383623077874851e-08,1767.0,BID
797,1712179035.5922236,10078202.34971385,1696.0,9.17447274860659e-09,1767.0,BID
798,1712179035.6449766,10078202.34971473,1696.0,4.749149609522057e-17,1767.0,BID
799,1712179050.518966,10078202.34971473,1696.0,0.0,1767.0,BID
800,1712179053.6147993,10079967.66243557,1698.0,9.535600155304258e-08,1767.0,BID
801,1712179080.7493534,10079967.66243557,1698.0,0.0,1767.0,BID
802,1712179110.3610668,10079973.55171707,1698.0,3.180668310458189e-10,1767.0,BID
803,1712179110.7282643,10079973.55171707,1698.0,0.0,1767.0,BID
804,1712179126.8343885,10080221.82652043,1697.0,1.3408755767979664e-08,1767.0,BID
805,1712179126.839746,10080653.42341034,1697.0,2.3309563470460626e-08,1767.0,BID
1006,1712179126.9346962,10081678.38599176,1698.0,5.5355890890413224e-08,1767.0,BID
806,1712179126.9346962,10081678.38599176,1698.0,5.535589089041322e-08,1767.0,BID
807,1712179126.941525,10081708.38599176,1698.0,1.6202315643671143e-09,1767.0,BID
808,1712179140.508755,10081708.38599176,1698.0,0.0,1767.0,BID
809,1712179162.114062,10085441.55116092,1698.0,-2.0158767091764986e-07,1767.0,ASK
810,1712179169.604345,10085470.37832566,1698.0,-1.5566418134870207e-09,1767.0,ASK
811,1712179169.610751,10086941.76613484,1698.0,-7.945366144510568e-08,1767.0,ASK
812,1712179170.514707,10086941.76613484,1698.0,-0.0,1767.0,ASK
813,1712179171.283759,10087118.44458006,1698.0,9.535906496734041e-09,1767.0,BID
1013,1712179171.283759,10087118.44458006,1698.0,9.53590649673404e-09,1767.0,BID
814,1712179171.3938286,10087324.56943291,1698.0,1.1125224251283382e-08,1767.0,BID
815,1712179173.2746396,10089593.99045691,1698.0,1.224879846528106e-07,1767.0,BID
816,1712179173.2939818,10089593.9904577,1698.0,4.262598203192861e-17,1767.0,BID
817,1712179200.5279565,10089593.9904577,1698.0,0.0,1767.0,BID
818,1712179221.9436395,10089599.88668411,1696.0,-3.1885094969372323e-10,1767.0,ASK
819,1712179221.9469514,10090362.01281161,1696.0,-4.1213586902798296e-08,1767.0,ASK
820,1712179222.0437014,10090605.84826361,1696.0,-1.3185919270259808e-08,1767.0,ASK
821,1712179222.0537212,10091370.87061667,1696.0,-4.137020644321153e-08,1767.0,ASK
822,1712179230.4857538,10091370.87061667,1696.0,-0.0,1767.0,ASK
823,1712179237.0231793,10091400.35174874,1696.0,-1.5939949822654587e-09,1767.0,ASK
824,1712179238.004345,10091429.85027381,1695.0,-1.5949353924008903e-09,1767.0,ASK
825,1712179238.0143178,10092435.01709774,1695.0,-5.4347671246140564e-08,1767.0,ASK
826,1712179257.0835178,10092435.01709844,1695.0,-3.786698819745761e-17,1767.0,ASK
827,1712179258.8534253,10092493.9846648,1695.0,3.1882766466360742e-09,1767.0,BID
828,1712179260.7602825,10092493.9846648,1695.0,0.0,1767.0,BID
829,1712179268.5885873,10092604.4993039,1694.0,-5.974724765325087e-09,1767.0,ASK
830,1712179275.9734054,10092757.71085369,1697.0,8.28303696525483e-09,1767.0,BID
831,1712179290.7531197,10092757.71085369,1697.0,0.0,1767.0,BID
832,1712179300.5334218,10093009.23839761,1698.0,1.3597940732540736e-08,1767.0,BID
833,1712179300.7831385,10093038.68480516,1698.0,1.5919151375035527e-09,1767.0,BID
834,1712179301.003204,10093485.59016506,1698.0,2.4160346426803223e-08,1767.0,BID
835,1712179320.5165288,10093485.59016506,1698.0,0.0,1767.0,BID
836,1712179350.5057354,10093485.59016506,1698.0,0.0,1767.0,BID
837,1712179361.7527068,10093603.27184632,1698.0,-6.361615858836172e-09,1767.0,ASK
838,1712179380.5390246,10093603.27184632,1698.0,-0.0,1767.0,ASK
839,1712179382.9290757,10093608.13698177,1698.0,-2.6299580513912743e-10,1767.0,ASK
840,1712179382.933336,10094203.27184632,1698.0,-3.2171349488617685e-08,1767.0,ASK
841,1712179400.410674,10096089.27184632,1699.0,-1.019519587067089e-07,1767.0,ASK
842,1712179400.41774,10097696.97725207,1698.0,-8.690812043452467e-08,1767.0,ASK
843,1712179400.421624,10097850.18880185,1699.0,-8.282193847561128e-09,1767.0,ASK
844,1712179404.3423526,10097857.18880185,1702.0,3.7840069509382927e-10,1767.0,BID
845,1712179410.3854368,10098134.9065822,1701.0,1.5012657303567936e-08,1767.0,BID
846,1712179410.5052216,10098134.9065822,1701.0,0.0,1767.0,BID
847,1712179436.3323529,10099218.36390142,1701.0,5.85443536687347e-08,1767.0,BID
848,1712179440.7456183,10099218.36390142,1701.0,0.0,1767.0,BID
849,1712179465.592052,10099221.59919553,1700.0,1.7480092585431058e-10,1767.0,BID
850,1712179470.755701,10099221.59919553,1700.0,0.0,1767.0,BID
851,1712179476.6919627,10099821.59919553,1698.0,-3.2417616681946745e-08,1767.0,ASK
852,1712179485.9829462,10099827.48847703,1700.0,3.181941170055392e-10,1767.0,BID
853,1712179500.498994,10099827.48847703,1700.0,0.0,1767.0,BID
854,1712179509.5220633,10100000.72391403,1700.0,9.389165818865734e-09,1767.0,BID
855,1712179511.8519473,10100000.72391463,1700.0,3.2607906812195735e-17,1767.0,BID
856,1712179528.5319965,10100173.95935224,1700.0,-9.389165851978406e-09,1767.0,ASK
857,1712179530.5139658,10100173.95935224,1700.0,-0.0,1767.0,ASK
858,1712179559.0317204,10100176.07810236,1702.0,1.1483020743040542e-10,1767.0,BID
859,1712179560.748465,10100176.07810236,1702.0,0.0,1767.0,BID
860,1712179565.8416965,10100821.01817574,1702.0,-3.495390383598716e-08,1767.0,ASK
861,1712179565.9215915,10100821.01817576,1702.0,-1.1104503243860454e-18,1767.0,ASK
862,1712179586.0316527,10100917.57432447,1702.0,-5.233066568625666e-09,1767.0,ASK
863,1712179586.131744,10100921.01817576,1702.0,-1.86646871227352e-10,1767.0,ASK
864,1712179590.725135,10100921.01817576,1702.0,-0.0,1767.0,ASK
865,1712179620.4916968,10100921.01817576,1702.0,-0.0,1767.0,ASK
866,1712179623.381363,10101021.01817576,1702.0,5.419341044974104e-09,1767.0,BID
867,1712179628.072172,10101232.98984576,1702.0,1.1487467716020696e-08,1767.0,BID
868,1712179628.0811286,10101232.98984653,1702.0,4.168949744802537e-17,1767.0,BID
1068,1712179628.0811286,10101232.98984653,1702.0,4.1689497448025367e-17,1767.0,BID
869,1712179638.1316192,10101291.70975258,1703.0,3.1822319701764603e-09,1767.0,BID
1069,1712179638.1316192,10101291.70975258,1703.0,3.18223197017646e-09,1767.0,BID
870,1712179638.140576,10101741.70975258,1703.0,2.4387034702383493e-08,1767.0,BID
871,1712179650.5150492,10101741.70975258,1703.0,0.0,1767.0,BID
872,1712179680.715602,10101741.70975258,1703.0,0.0,1767.0,BID
873,1712179705.295853,10101825.70975258,1703.0,-4.551901781148003e-09,1767.0,ASK
874,1712179710.7150671,10101825.70975258,1703.0,-0.0,1767.0,ASK
875,1712179740.4977806,10101825.70975258,1703.0,-0.0,1767.0,ASK
876,1712179751.470826,10101831.57829718,1704.0,3.1800989926458256e-10,1767.0,BID
877,1712179757.4309645,10101865.01810927,1703.0,-1.8120661937175103e-09,1767.0,ASK
878,1712179757.4368198,10102189.79995402,1703.0,-1.7599566636811393e-08,1767.0,ASK
879,1712179768.6108146,10102391.98505201,1704.0,1.0956185398212736e-08,1767.0,BID
880,1712179768.6174846,10103886.11650741,1704.0,8.09653203789452e-08,1767.0,BID
881,1712179770.5428302,10103886.11650741,1704.0,0.0,1767.0,BID
882,1712179784.986682,10103929.18950741,1704.0,-2.333633986560751e-09,1767.0,ASK
883,1712179786.490571,10104053.18750741,1704.0,-6.718035592122428e-09,1767.0,ASK
884,1712179795.5604465,10104066.92150741,1704.0,-7.44088621025026e-10,1767.0,ASK
885,1712179800.6087124,10104066.92150741,1704.0,-0.0,1767.0,ASK
886,1712179805.6153092,10104653.77596751,1704.0,-3.1871568494333494e-08,1767.0,ASK
887,1712179814.3277633,10106245.24785751,1704.0,-8.64314899136725e-08,1767.0,ASK
888,1712179814.4412684,10106316.49071661,1704.0,-3.869139314680195e-09,1767.0,ASK
889,1712179814.4531682,10106661.61416602,1704.0,-1.8743362119089584e-08,1767.0,ASK
890,1712179814.457253,10107541.89585616,1704.0,-4.7807352741045024e-08,1767.0,ASK
891,1712179825.208521,10107659.26674816,1704.0,6.374313697753952e-09,1767.0,BID
892,1712179825.2404652,10107659.26674817,1704.0,5.0579339930607165e-19,1767.0,BID
893,1712179830.5213096,10107659.26674817,1704.0,0.0,1767.0,BID
894,1712179860.7511675,10107659.26674817,1704.0,0.0,1767.0,BID
895,1712179861.5503268,10107688.60947117,1706.0,1.593048822300287e-09,1767.0,BID
896,1712179874.721759,10107747.29491717,1704.0,-3.186097644499448e-09,1767.0,ASK
897,1712179878.9102786,10107763.14162453,1706.0,8.60335235342892e-10,1767.0,BID
898,1712179887.7803743,10108657.80181823,1706.0,4.857208950552113e-08,1767.0,BID
899,1712179887.787884,10108663.67725853,1706.0,3.1898413969096776e-10,1767.0,BID
900,1712179888.580148,10108663.67725889,1706.0,1.9517136825515968e-17,1767.0,BID
901,1712179888.7840643,10110126.59725889,1707.0,7.94235416752666e-08,1767.0,BID
902,1712179888.9202683,10110174.87503336,1707.0,-2.621053668417657e-09,1767.0,ASK
903,1712179888.927739,10110219.36982831,1707.0,-2.4156715343526262e-09,1767.0,ASK
904,1712179889.5041244,10110319.36982831,1707.0,-5.429110387121006e-09,1767.0,ASK
905,1712179890.7098718,10110319.36982831,1707.0,-0.0,1767.0,ASK
906,1712179914.9304078,10110731.96998729,1707.0,-2.2394998529290923e-08,1767.0,ASK
907,1712179914.9380786,10111658.64373301,1707.0,-5.029774400432466e-08,1767.0,ASK
908,1712179915.010079,10113381.94713034,1707.0,9.353699025253308e-08,1767.0,BID
909,1712179915.0174515,10123434.69797934,1707.0,5.456404598466411e-07,1767.0,BID
910,1712179920.5039668,10123434.69797934,1707.0,0.0,1767.0,BID
911,1712179948.2299109,10123440.5425147,1708.0,3.168430752375849e-10,1767.0,BID
912,1712179950.5266476,10123440.5425147,1708.0,0.0,1767.0,BID
913,1712179977.309911,10123798.03030414,1706.0,-1.9380063989695562e-08,1767.0,ASK
1113,1712179977.309911,10123798.03030414,1706.0,-1.938006398969556e-08,1767.0,ASK
914,1712179977.3179786,10124121.07004621,1706.0,-1.7512572617873592e-08,1767.0,ASK
915,1712179977.3897564,10127795.91871632,1706.0,-1.9922023767842973e-07,1767.0,ASK
916,1712179977.515981,10128341.10203855,1705.0,-2.95553805837185e-08,1767.0,ASK
917,1712179980.5170095,10128341.10203855,1705.0,-0.0,1767.0,ASK
918,1712179986.079888,10128359.10213574,1706.0,9.75376002944601e-10,1767.0,BID
919,1712179986.085949,10130065.4394727,1707.0,9.24617502751182e-08,1767.0,BID
920,1712180010.5196242,10130065.4394727,1707.0,0.0,1767.0,BID
921,1712180021.7698565,10131686.3942841,1708.0,8.782109776418121e-08,1767.0,BID
922,1712180021.8495245,10135978.6870823,1708.0,2.3255050838693219e-07,1767.0,BID
923,1712180025.90017,10136680.53948592,1708.0,-3.802539597086745e-08,1767.0,ASK
924,1712180033.0695765,10136690.78855708,1707.0,-5.552805507182694e-10,1767.0,ASK
925,1712180038.749404,10136695.91309266,1707.0,-2.7764027530867704e-10,1767.0,ASK
926,1712180040.7627292,10136695.91309266,1707.0,-0.0,1767.0,ASK
927,1712180070.7293563,10136695.91309266,1707.0,-0.0,1767.0,ASK
928,1712180073.127337,10137281.73617409,1708.0,-3.171962518415449e-08,1767.0,ASK
929,1712180100.481777,10137281.73617409,1708.0,-0.0,1767.0,ASK
930,1712180100.979385,10137340.28418345,1708.0,-3.171348708394531e-09,1767.0,ASK
931,1712180105.519682,10138090.85239322,1710.0,4.0655754971428455e-08,1767.0,BID
932,1712180105.5257232,10138325.11853992,1710.0,1.2689409082884404e-08,1767.0,BID
933,1712180105.531678,10138474.55033015,1710.0,8.094217380234155e-09,1767.0,BID
934,1712180130.4993918,10138474.55033015,1710.0,0.0,1767.0,BID
935,1712180137.2938662,10138631.55675169,1708.0,-8.503570219303141e-09,1767.0,ASK
936,1712180140.0593555,10138674.41608817,1710.0,2.3212896244891753e-09,1767.0,BID
937,1712180140.0656965,10138716.90192927,1710.0,2.301060871175409e-09,1767.0,BID
938,1712180140.199444,10138773.94192927,1710.0,-3.089323612015984e-09,1767.0,ASK
939,1712180144.5391643,10138776.80868712,1710.0,-1.5526547544627868e-10,1767.0,ASK
940,1712180160.560565,10138776.80868712,1710.0,-0.0,1767.0,ASK
941,1712180161.2591114,10138893.76775144,1710.0,6.334402011137765e-09,1767.0,BID
942,1712180166.909121,10139628.80391235,1709.0,-3.980892428484522e-08,1767.0,ASK
943,1712180166.9188707,10139867.24181108,1709.0,-1.2913590870661878e-08,1767.0,ASK
944,1712180177.929078,10140237.24181108,1709.0,-2.00388807635631e-08,1767.0,ASK
945,1712180189.3694036,10140387.55788111,1710.0,8.140988659915656e-09,1767.0,BID
946,1712180190.5192914,10140387.55788111,1710.0,0.0,1767.0,BID
947,1712180220.7290242,10140387.55788111,1710.0,0.0,1767.0,BID
948,1712180226.1995215,10140645.74002911,1712.0,1.3980837802943285e-08,1767.0,BID
949,1712180226.2075498,10140648.99523911,1712.0,1.7627308236184642e-10,1767.0,BID
950,1712180226.215248,10140694.67826811,1711.0,2.4737845886681008e-09,1767.0,BID
951,1712180231.0588608,10150856.47417454,1712.0,5.502720519401998e-07,1767.0,BID
952,1712180250.7496278,10150856.47417454,1712.0,0.0,1767.0,BID
953,1712180271.1998322,10151616.19058809,1711.0,4.10995629136572e-08,1767.0,BID
954,1712180279.5701697,10151747.80926062,1710.0,-7.120380467955728e-09,1767.0,ASK
955,1712180279.5776725,10151756.87358809,1710.0,-4.903670508075473e-10,1767.0,ASK
956,1712180280.5141037,10151756.87358809,1710.0,-0.0,1767.0,ASK
957,1712180289.1004648,10155246.61504661,1710.0,-1.8877425113328413e-07,1767.0,ASK
958,1712180293.4806068,10155252.51127302,1710.0,-3.189507700237313e-10,1767.0,ASK
959,1712180295.200775,10156112.250599,1710.0,-4.65067826258281e-08,1767.0,ASK
960,1712180310.4881697,10156112.250599,1710.0,-0.0,1767.0,ASK
961,1712180332.2515707,10156697.04592063,1710.0,3.162120830979599e-08,1767.0,BID
962,1712180340.7317293,10156697.04592063,1710.0,0.0,1767.0,BID
963,1712180350.4422822,10161656.11286779,1707.0,-2.681334895365639e-07,1767.0,ASK
964,1712180350.4504154,10161774.07673295,1707.0,-6.3782286349145394e-09,1767.0,ASK
1164,1712180350.4504154,10161774.07673295,1707.0,-6.378228634914539e-09,1767.0,ASK
965,1712180350.5620732,10163432.24246997,1707.0,-8.965593125373419e-08,1767.0,ASK
966,1712180350.5698724,10164443.96830008,1707.0,-5.4703350483513534e-08,1767.0,ASK
967,1712180370.7529666,10164443.96830008,1707.0,-0.0,1767.0,ASK
968,1712180400.553734,10164443.96830008,1707.0,-0.0,1767.0,ASK
969,1712180419.2436368,10164449.82310101,1708.0,-3.1637787630902577e-10,1767.0,ASK
970,1712180419.3236265,10166041.93015501,1708.0,8.60332323169427e-08,1767.0,BID
971,1712180419.3318338,10167144.67565951,1708.0,5.958943523086677e-08,1767.0,BID
972,1712180419.3433588,10168476.30475963,1708.0,7.195769621315127e-08,1767.0,BID
973,1712180430.5386226,10168476.30475963,1708.0,0.0,1767.0,BID
974,1712180460.734465,10168476.30475963,1708.0,0.0,1767.0,BID
975,1712180488.709847,10168479.30475963,1708.0,-1.6205171359836348e-10,1767.0,ASK
976,1712180490.7553203,10168479.30475963,1708.0,-0.0,1767.0,ASK
977,1712180506.351605,10168528.61132193,1708.0,-2.663403566973132e-09,1767.0,ASK
978,1712180514.6155665,10168534.45927514,1710.0,3.158901921223456e-10,1767.0,BID
979,1712180517.825987,10168592.93880731,1710.0,3.1589019252480526e-09,1767.0,BID
980,1712180517.8343298,10168885.27392629,1710.0,1.579113128778348e-08,1767.0,BID
981,1712180520.5199616,10168885.27392629,1710.0,0.0,1767.0,BID
982,1712180550.5104775,10168885.27392629,1710.0,0.0,1767.0,BID
983,1712180580.7397444,10168885.27392629,1710.0,0.0,1767.0,BID
984,1712180610.7418272,10168885.27392629,1710.0,0.0,1767.0,BID
985,1712180640.5315676,10168885.27392629,1710.0,0.0,1767.0,BID
986,1712180670.4827368,10168885.27392629,1710.0,0.0,1767.0,BID
987,1712180700.5162225,10168885.27392629,1710.0,0.0,1767.0,BID
988,1712180712.948688,10168955.31117775,1710.0,3.785172410061097e-09,1767.0,BID
989,1712180730.508953,10168955.31117775,1710.0,0.0,1767.0,BID
990,1712180746.539394,10169013.79417775,1709.0,-3.160700921575514e-09,1767.0,ASK
991,1712180746.659093,10169013.82492848,1709.0,-1.6619164191610746e-12,1767.0,ASK
992,1712180760.7302697,10169013.82492848,1709.0,-0.0,1767.0,ASK
993,1712180790.744295,10169013.82492848,1709.0,-0.0,1767.0,ASK
994,1712180820.5428016,10169013.82492848,1709.0,-0.0,1767.0,ASK
995,1712180845.7234447,10169272.09299865,1710.0,1.3957965830981169e-08,1767.0,BID
996,1712180850.5445096,10169272.09299865,1710.0,0.0,1767.0,BID
997,1712180857.1126063,10169318.03422672,1710.0,2.4828109267530942e-09,1767.0,BID
998,1712180866.7604916,10170527.42545479,1710.0,6.535937069943108e-08,1767.0,BID
999,1712180866.8405888,10170568.77030859,1710.0,2.234408157834578e-09,1767.0,BID
1000,1712180880.743775,10170568.77030859,1710.0,0.0,1767.0,BID
1201,1712180900.5606916,10170627.2206156,1710.0,3.1584630864264116e-09,1767.0,BID
1202,1712180909.1310792,10171246.55889967,1710.0,3.3467011694645054e-08,1767.0,BID
1203,1712180910.7560449,10171246.55889967,1710.0,0.0,1767.0,BID
1204,1712180912.081046,10171251.55889967,1710.0,2.7016669776678077e-10,1767.0,BID
1205,1712180915.8110428,10171932.73601626,1710.0,3.6806274436663054e-08,1767.0,BID
1206,1712180915.8910494,10173431.32567272,1710.0,8.097380375860556e-08,1767.0,BID
1207,1712180916.0112145,10174019.49210232,1711.0,3.1780596404448275e-08,1767.0,BID
1208,1712180916.0139625,10174077.93745592,1711.0,3.1579976364457086e-09,1767.0,BID
1209,1712180916.316051,10174177.93745592,1711.0,-5.4033339553356154e-09,1767.0,ASK
1210,1712180917.9730823,10174762.21945592,1711.0,-3.1570707700895525e-08,1767.0,ASK
1211,1712180920.221043,10175180.49965773,1710.0,-2.260107617281801e-08,1767.0,ASK
1212,1712180920.233729,10175329.4709179,1710.0,-8.049414684431087e-09,1767.0,ASK
1213,1712180940.5154104,10175329.4709179,1710.0,-0.0,1767.0,ASK
1214,1712180941.28133,10175423.64343252,1710.0,-5.086536203322386e-09,1767.0,ASK
1215,1712180941.2840726,10175429.4709179,1710.0,-3.147597308301671e-10,1767.0,ASK
1216,1712180946.6027277,10175468.3698179,1710.0,-2.101044704150511e-09,1767.0,ASK
1217,1712180951.4912937,10175761.45305353,1710.0,-1.5830292889807288e-08,1767.0,ASK
1218,1712180966.021353,10175793.26965353,1710.0,-1.7185087222118195e-09,1767.0,ASK
1219,1712180967.551607,10175857.59713892,1710.0,-3.474517852913052e-09,1767.0,ASK
1220,1712180970.4790246,10175857.59713892,1710.0,-0.0,1767.0,ASK
1221,1712180978.101601,10176025.59713892,1710.0,-9.073734562778005e-09,1767.0,ASK
1222,1712181000.6470628,10176025.59713892,1710.0,-0.0,1767.0,ASK
1223,1712181015.8837454,10176793.6505143,1714.0,4.149290344222373e-08,1767.0,BID
1224,1712181015.8868604,10177573.3776098,1713.0,4.212355823427006e-08,1767.0,BID
1225,1712181030.4765031,10177573.3776098,1713.0,0.0,1767.0,BID
1226,1712181043.612127,10177612.2826098,1713.0,-2.101481752032738e-09,1767.0,ASK
1227,1712181046.0620236,10177625.1936098,1713.0,-6.97397015849374e-10,1767.0,ASK
1228,1712181049.4847534,10177670.7676098,1713.0,-2.4617126170641435e-09,1767.0,ASK
1229,1712181053.1822495,10177676.60191551,1714.0,3.1514424849886976e-10,1767.0,BID
1230,1712181060.7522602,10177676.60191551,1714.0,0.0,1767.0,BID
1231,1712181067.0621085,10177937.85298906,1713.0,-1.4111531162741162e-08,1767.0,ASK
1232,1712181069.0225348,10178521.44198906,1713.0,-3.152268141068042e-08,1767.0,ASK
1233,1712181084.576723,10178547.43882736,1713.0,-1.4042246365205091e-09,1767.0,ASK
1234,1712181084.582438,10178856.35322514,1713.0,-1.6686075550415967e-08,1767.0,ASK
1235,1712181084.642476,10179188.60427159,1713.0,-1.7946609489965778e-08,1767.0,ASK
1236,1712181084.6721103,10179846.44723325,1713.0,-3.5533524618638937e-08,1767.0,ASK
1237,1712181084.7226255,10180065.0810731,1711.0,-1.1809552406178853e-08,1767.0,ASK
1238,1712181084.7251115,10180097.77746411,1711.0,-1.766102371889338e-09,1767.0,ASK
1239,1712181089.615263,10181436.43187649,1713.0,7.230769695875496e-08,1767.0,BID
1240,1712181089.6166103,10187959.66682281,1714.0,3.523538945730083e-07,1767.0,BID
1241,1712181090.7232924,10187959.66682281,1714.0,0.0,1767.0,BID
1242,1712181096.2223785,10188075.71556623,1714.0,6.2624364822613825e-09,1767.0,BID
1243,1712181120.532698,10188075.71556623,1714.0,0.0,1767.0,BID
1244,1712181123.9828176,10188206.36856623,1712.0,-7.050462652456216e-09,1767.0,ASK
1245,1712181139.300024,10188381.39773775,1713.0,9.445145820531494e-09,1767.0,BID
1246,1712181150.5808296,10188381.39773775,1713.0,0.0,1767.0,BID
1247,1712181151.5934134,10188455.57852849,1714.0,4.002924694318829e-09,1767.0,BID
1248,1712181151.5964172,10189517.64274112,1715.0,5.73108350737005e-08,1767.0,BID
1249,1712181152.0386772,10189733.38618135,1713.0,-1.1641891868963448e-08,1767.0,ASK
1250,1712181180.7474546,10189733.38618135,1713.0,-0.0,1767.0,ASK
1251,1712181181.983936,10189832.20533635,1714.0,-5.331786788764124e-09,1767.0,ASK
1252,1712181187.9032,10189890.51437426,1715.0,3.146063716124678e-09,1767.0,BID
1253,1712181187.906434,10189893.75824426,1715.0,1.7502298221124108e-10,1767.0,BID
1254,1712181195.0332325,10189921.60708562,1715.0,-1.502584032896757e-09,1767.0,ASK
1255,1712181195.0347967,10190190.18824426,1715.0,-1.4491294459882096e-08,1767.0,ASK
1256,1712181203.8158536,10190205.06024426,1715.0,-8.024186517406701e-10,1767.0,ASK
1257,1712181209.7730572,10190205.09391363,1715.0,-1.8166305752916929e-12,1767.0,ASK
1258,1712181209.783029,10190258.05624426,1715.0,-2.8575821637044635e-09,1767.0,ASK
1259,1712181210.2257106,10190332.24555749,1715.0,-4.002883855458754e-09,1767.0,ASK
1260,1712181210.7529438,10190332.24555749,1715.0,-0.0,1767.0,ASK
1261,1712181212.693081,10190447.30177251,1715.0,-6.207513293134553e-09,1767.0,ASK
1262,1712181212.7131827,10190474.59777251,1715.0,-1.472673882246643e-09,1767.0,ASK
1263,1712181225.9331803,10190477.629606,1716.0,1.6357349039461646e-10,1767.0,BID
1264,1712181240.5180635,10190477.629606,1716.0,0.0,1767.0,BID
1265,1712181251.843718,10190512.79959427,1718.0,1.8974657983481302e-09,1767.0,BID
1266,1712181251.846937,10190593.50678877,1718.0,4.354256250084901e-09,1767.0,BID
1267,1712181255.3635633,10231426.96453419,1718.0,2.203017211821132e-06,1767.0,BID
1268,1712181255.366819,10232880.20453419,1718.0,7.840415457509325e-08,1767.0,BID
1269,1712181270.527949,10232880.20453419,1718.0,0.0,1767.0,BID
1270,1712181276.6740034,10236822.50404799,1718.0,2.1185944051103658e-07,1767.0,BID
1271,1712181300.3714447,10237093.74325179,1716.0,-1.4576413019982113e-08,1767.0,ASK
1272,1712181300.3729427,10237123.23784704,1716.0,-1.5850415286598888e-09,1767.0,ASK
1273,1712181300.5839305,10237123.23784704,1716.0,-0.0,1767.0,ASK
1274,1712181330.5183463,10237123.23784704,1716.0,-0.0,1767.0,ASK
1275,1712181356.873881,10237436.26554371,1716.0,-1.6844199109090507e-08,1767.0,ASK
1276,1712181360.7552428,10237436.26554371,1716.0,-0.0,1767.0,ASK
1277,1712181374.0384393,10237666.03694471,1718.0,1.2363772925875652e-08,1767.0,BID
1278,1712181374.0546238,10237666.03694561,1718.0,4.84096903121152e-17,1767.0,BID
1279,1712181374.23446,10237724.21030222,1719.0,3.1302510597484397e-09,1767.0,BID
1280,1712181374.237652,10237751.89196312,1719.0,1.4895229262167251e-09,1767.0,BID
1281,1712181374.2408097,10238211.43476661,1719.0,2.4727545931932984e-08,1767.0,BID
1282,1712181374.2540517,10238211.43476693,1719.0,1.7239061560421977e-17,1767.0,BID
1283,1712181374.256504,10238215.03773693,1719.0,1.9387226934865183e-10,1767.0,BID
1284,1712181380.5740242,10238287.21373693,1719.0,-3.883719517870041e-09,1767.0,ASK
1285,1712181380.654292,10238850.43561343,1719.0,-3.0306414800215246e-08,1767.0,ASK
1286,1712181380.7338133,10239275.31533557,1719.0,-2.28623596431552e-08,1767.0,ASK
1287,1712181380.816865,10239700.0735212,1719.0,-2.285581988317587e-08,1767.0,ASK
1288,1712181380.8537743,10240121.83590979,1719.0,-2.2694618993092145e-08,1767.0,ASK
1289,1712181384.4039755,10240208.12090979,1719.0,-4.642910920469061e-09,1767.0,ASK
1290,1712181386.773936,10240238.06890979,1719.0,-1.6114724024990915e-09,1767.0,ASK
1291,1712181387.0941122,10240311.39204713,1719.0,-3.945445848926902e-09,1767.0,ASK
1292,1712181388.2441792,10240420.57304713,1719.0,-5.874922144129739e-09,1767.0,ASK
1293,1712181390.780053,10240420.57304713,1719.0,-0.0,1767.0,ASK
1294,1712181391.5752797,10240650.3444481,1720.0,1.2360361103656182e-08,1767.0,BID
1295,1712181391.578558,10240705.6758602,1720.0,2.97650721992113e-09,1767.0,BID
1296,1712181391.5818274,10240734.74562765,1720.0,1.563783923284705e-09,1767.0,BID
1297,1712181391.58515,10240795.84433413,1720.0,3.286754016679088e-09,1767.0,BID
1298,1712181391.5940278,10240795.84433507,1720.0,5.0600719281625227e-17,1767.0,BID
1299,1712181393.3980176,10240801.59433507,1719.0,-3.0931645994920234e-10,1767.0,ASK
1300,1712181420.5341437,10240801.59433507,1719.0,-0.0,1767.0,ASK
1301,1712181434.9315715,10240808.24633507,1720.0,-3.5782618375013874e-10,1767.0,ASK
1302,1712181450.491754,10240808.24633507,1720.0,-0.0,1767.0,ASK
1303,1712181463.3197808,10240811.24633507,1721.0,1.613767123351745e-10,1767.0,BID
1304,1712181470.744295,10241485.41059803,1721.0,3.626480411010262e-08,1767.0,BID
1305,1712181470.7539237,10242611.24633507,1721.0,6.056122329100207e-08,1767.0,BID
1306,1712181472.905055,10242615.74812507,1721.0,2.4216135661455363e-10,1767.0,BID
1307,1712181472.908557,10254981.29490234,1721.0,6.651704283808209e-07,1767.0,BID
1308,1712181473.0946317,10255560.1190322,1722.0,3.1136245032403924e-08,1767.0,BID
1309,1712181473.098201,10255563.12964541,1722.0,1.619476206744065e-10,1767.0,BID
1310,1712181473.1009445,10257042.72964541,1721.0,-7.959099452368805e-08,1767.0,ASK
1311,1712181473.1045554,10257088.11897841,1721.0,-2.4415937781304915e-09,1767.0,ASK
1312,1712181473.234222,10257641.46837991,1722.0,2.976590239557292e-08,1767.0,BID
1313,1712181474.3243537,10258154.55837991,1721.0,-2.7600259110777072e-08,1767.0,ASK
1314,1712181475.9208794,10258251.41625332,1721.0,-5.210201724893379e-09,1767.0,ASK
1315,1712181476.0048823,10259700.41625332,1722.0,7.794495205788927e-08,1767.0,BID
1316,1712181476.1297271,10259907.76120819,1721.0,-1.1153549045336206e-08,1767.0,ASK
1317,1712181476.1722496,10260494.19120818,1722.0,-3.1545381804388446e-08,1767.0,ASK
1318,1712181476.3042424,10260661.40120818,1722.0,-8.994600023136073e-09,1767.0,ASK
1319,1712181476.40711,10260900.11120818,1722.0,-1.2840745000557929e-08,1767.0,ASK
1320,1712181477.7342305,10261008.44945134,1722.0,-5.827756500464514e-09,1767.0,ASK
1321,1712181477.9340572,10261354.86366709,1722.0,-1.8634395747920792e-08,1767.0,ASK
1322,1712181479.1588826,10261463.21967638,1722.0,-5.828712180306291e-09,1767.0,ASK
1323,1712181479.223676,10261545.03324546,1722.0,-4.400934934183578e-09,1767.0,ASK
1324,1712181479.764573,10261587.10524546,1722.0,-2.2631470138221527e-09,1767.0,ASK
1325,1712181480.7572925,10261587.10524546,1722.0,-0.0,1767.0,ASK
1326,1712181482.1710365,10261743.88844515,1722.0,-8.417524927036336e-09,1767.0,ASK
1327,1712181482.209283,10261853.49706387,1722.0,-5.8847713410113965e-09,1767.0,ASK
1328,1712181482.3965266,10262177.60034656,1722.0,-1.7400764025527663e-08,1767.0,ASK
1329,1712181483.6953473,10262220.16034656,1722.0,-2.2850015920504357e-09,1767.0,ASK
1330,1712181483.8341556,10262374.09476155,1722.0,-8.26457667574612e-09,1767.0,ASK
1331,1712181485.90439,10262463.51476155,1722.0,-4.800865656919075e-09,1767.0,ASK
1332,1712181486.1076083,10262786.58076155,1722.0,-1.7345073409950722e-08,1767.0,ASK
1333,1712181489.9746273,10263366.88376155,1722.0,-3.115585711592962e-08,1767.0,ASK
1334,1712181490.6860704,10263631.20376155,1722.0,-1.4191062518892173e-08,1767.0,ASK
1335,1712181491.5644493,10263676.05776155,1722.0,-2.408164036870799e-09,1767.0,ASK
1336,1712181493.774747,10263918.7538451,1722.0,-1.3030097210714564e-08,1767.0,ASK
1337,1712181493.8344898,10264163.34534178,1722.0,-1.313185994616528e-08,1767.0,ASK
1338,1712181493.8941844,10264174.32834178,1722.0,-5.896657069390859e-10,1767.0,ASK
1339,1712181493.9744115,10264346.42535407,1722.0,-9.239707402781222e-09,1767.0,ASK
1340,1712181496.014546,10264441.42435407,1722.0,-5.100396293336957e-09,1767.0,ASK
1341,1712181497.644566,10264530.96195,1722.0,-4.807179258574884e-09,1767.0,ASK
1342,1712181497.6844246,10264677.14068715,1722.0,-7.848182497855576e-09,1767.0,ASK
1343,1712181497.864653,10264733.12168715,1722.0,-3.005560952071141e-09,1767.0,ASK
1344,1712181500.0756912,10264745.09768715,1722.0,-6.42978831428195e-10,1767.0,ASK
1345,1712181510.7385223,10264745.09768715,1722.0,-0.0,1767.0,ASK
1346,1712181514.5246477,10264901.95400799,1722.0,-8.418992682909167e-09,1767.0,ASK
1347,1712181514.5280583,10265258.18768715,1722.0,-1.9120228768324503e-08,1767.0,ASK
1348,1712181514.7703738,10265495.55025468,1722.0,-1.2740026723323389e-08,1767.0,ASK
1349,1712181515.1588736,10265500.08880895,1722.0,-2.4359907833920724e-10,1767.0,ASK
1350,1712181515.1762412,10265501.73325468,1722.0,-8.826279041356904e-11,1767.0,ASK
1351,1712181518.5212388,10265700.10398663,1721.0,-1.0647207150033354e-08,1767.0,ASK
1352,1712181519.2045617,10266672.11996762,1721.0,-5.21712825325891e-08,1767.0,ASK
1353,1712181519.8485932,10267210.81796562,1722.0,2.8913686609015484e-08,1767.0,BID
1354,1712181519.8516386,10267313.03977762,1722.0,5.4865795821959355e-09,1767.0,BID
1355,1712181521.1046042,10267726.60151419,1722.0,2.2197213446334527e-08,1767.0,BID
1356,1712181521.40496,10267976.26491886,1722.0,-1.340025295653282e-08,1767.0,ASK
1357,1712181522.0347483,10268522.43491886,1722.0,-2.931473343862209e-08,1767.0,ASK
1358,1712181522.074354,10268832.27357202,1722.0,-1.6630055708618048e-08,1767.0,ASK
1359,1712181522.1147387,10269134.47163883,1722.0,-1.6219960404649737e-08,1767.0,ASK
1360,1712181523.3546667,10269247.03158284,1722.0,-6.041461000242568e-09,1767.0,ASK
1361,1712181524.0957255,10269367.11488378,1722.0,-6.445264217197422e-09,1767.0,ASK
1362,1712181524.1944213,10269452.80138929,1722.0,-4.599075504512411e-09,1767.0,ASK
1363,1712181526.3706946,10269494.00574729,1724.0,2.211572900907698e-09,1767.0,BID
1364,1712181526.3745215,10269655.00468096,1725.0,8.64134028675146e-09,1767.0,BID
1365,1712181526.3782368,10269989.63862593,1725.0,1.7960900262373272e-08,1767.0,BID
1366,1712181526.380099,10270401.67862593,1724.0,2.2115536858633552e-08,1767.0,BID
1367,1712181526.3817575,10275024.57927336,1725.0,2.481262247883536e-07,1767.0,BID
1368,1712181526.383426,10275030.42380872,1724.0,3.136953625324183e-10,1767.0,BID
1369,1712181526.3850987,10275250.60317995,1725.0,1.1817748276728247e-08,1767.0,BID
1370,1712181536.7244327,10275291.45317995,1723.0,-2.192553345948981e-09,1767.0,ASK
1371,1712181538.3845494,10275403.05525977,1723.0,-5.990049290726853e-09,1767.0,ASK
1372,1712181538.451059,10275513.79250148,1723.0,-5.9436305956859105e-09,1767.0,ASK
1373,1712181540.5391738,10275513.79250148,1723.0,-0.0,1767.0,ASK
1374,1712181548.0644002,10275572.27203364,1723.0,-3.135664474020392e-09,1767.0,ASK
1375,1712181549.371163,10276290.51073584,1726.0,3.851186046084408e-08,1767.0,BID
1376,1712181550.2543764,10276362.73775474,1723.0,-3.872802822886482e-09,1767.0,ASK
1377,1712181550.8746247,10276532.88717796,1723.0,-9.123388679054334e-09,1767.0,ASK
1378,1712181552.9851637,10276714.44340087,1723.0,-9.735019710146094e-09,1767.0,ASK
1379,1712181553.304946,10276884.80655365,1723.0,-9.134848828795702e-09,1767.0,ASK
1380,1712181554.2263398,10276979.47821737,1723.0,-5.076281592202106e-09,1767.0,ASK
1381,1712181554.384611,10277151.67394967,1723.0,-9.233111490574128e-09,1767.0,ASK
1382,1712181554.617259,10277286.37688796,1723.0,-7.222753030725874e-09,1767.0,ASK
1383,1712181564.1848657,10277419.20137365,1723.0,-7.122030660534767e-09,1767.0,ASK
1384,1712181567.8347292,10277521.350796,1723.0,-5.477237981780123e-09,1767.0,ASK
1385,1712181570.1847684,10277597.90393018,1723.0,-4.1047685294203825e-09,1767.0,ASK
1386,1712181570.559261,10277597.90393018,1723.0,-0.0,1767.0,ASK
1387,1712181575.114498,10278038.20365587,1723.0,-2.3604263147971814e-08,1767.0,ASK
1388,1712181575.344533,10278441.91736948,1723.0,-2.1642904086556315e-08,1767.0,ASK
1389,1712181575.3644805,10278588.99982613,1723.0,-7.885021971736075e-09,1767.0,ASK
1390,1712181575.3677945,10279000.99572591,1723.0,-2.2086908228314467e-08,1767.0,ASK
1391,1712181575.544327,10279065.56968248,1723.0,-3.461779725227523e-09,1767.0,ASK
1392,1712181600.6992717,10279065.56968248,1723.0,-0.0,1767.0,ASK
1393,1712181604.470708,10279065.56968249,1723.0,-4.995774735249586e-19,1767.0,ASK
1394,1712181607.1946545,10279147.56768249,1722.0,-4.398513983283291e-09,1767.0,ASK
1395,1712181607.754508,10279266.12021385,1723.0,6.359362020310641e-09,1767.0,BID
1396,1712181607.7981548,10279825.19857028,1723.0,2.998992619963826e-08,1767.0,BID
1397,1712181607.907378,10280787.72332836,1723.0,5.163148622756975e-08,1767.0,BID
1398,1712181608.0348198,10282053.96689425,1723.0,6.792348631474006e-08,1767.0,BID
1399,1712181609.0584552,10282053.96689426,1723.0,4.995774735249586e-19,1767.0,BID
1400,1712181630.4951663,10282053.96689426,1723.0,0.0,1767.0,BID
1401,1712181646.1552148,10282058.18649426,1725.0,2.2628411429512864e-10,1767.0,BID
1402,1712181646.1634238,10282530.16936289,1726.0,2.5310983364178453e-08,1767.0,BID
1403,1712181646.2349305,10282597.59548697,1726.0,3.6158547658260355e-09,1767.0,BID
1404,1712181657.814992,10282638.92143765,1726.0,-2.216183085655513e-09,1767.0,ASK
1405,1712181660.7594516,10282638.92143765,1726.0,-0.0,1767.0,ASK
1406,1712181689.3449757,10282696.05778205,1724.0,-3.063879776759332e-09,1767.0,ASK
1407,1712181690.7600408,10282696.05778205,1724.0,-0.0,1767.0,ASK
1408,1712181709.8593216,10283819.3463937,1724.0,-6.02349190850819e-08,1767.0,ASK
1409,1712181709.863567,10284341.92019422,1724.0,-2.802235352854e-08,1767.0,ASK
1410,1712181720.5227227,10284341.92019422,1724.0,-0.0,1767.0,ASK
1411,1712181750.5598426,10284341.92019422,1724.0,-0.0,1767.0,ASK
1412,1712181772.565093,10288284.21970802,1725.0,-2.113686222582738e-07,1767.0,ASK
1413,1712181780.7500534,10288284.21970802,1725.0,-0.0,1767.0,ASK
1414,1712181810.7599933,10288284.21970802,1725.0,-0.0,1767.0,ASK
1415,1712181810.9017994,10289284.21970802,1725.0,-5.359602493671729e-08,1767.0,ASK
1416,1712181818.625287,10289600.87669086,1725.0,-1.6971555548730292e-08,1767.0,ASK
1417,1712181840.5454276,10289600.87669086,1725.0,-0.0,1767.0,ASK
1418,1712181844.9158192,10296089.56352755,1725.0,-3.477254932026644e-07,1767.0,ASK
1419,1712181851.555655,10296209.19512706,1724.0,-6.4109977857232245e-09,1767.0,ASK
1420,1712181851.5662792,10296238.19744724,1724.0,-1.5542198818240647e-09,1767.0,ASK
1421,1712181851.5700765,10297509.48262932,1721.0,-6.812753921797921e-08,1767.0,ASK
1422,1712181851.5738747,10297799.29150402,1724.0,-1.5530713135949982e-08,1767.0,ASK
1423,1712181851.5767622,10298379.67455683,1723.0,-3.1102438500197424e-08,1767.0,ASK
1424,1712181851.5790467,10298488.26732338,1722.0,-5.819432229820666e-09,1767.0,ASK
1425,1712181851.5813403,10298546.33933267,1721.0,-3.1120500310368797e-09,1767.0,ASK
1426,1712181851.5836763,10300626.33933267,1722.0,-1.1146616319528332e-07,1767.0,ASK
1427,1712181851.5859897,10300797.96118043,1721.0,-9.197129274175326e-09,1767.0,ASK
1428,1712181851.588367,10300803.76501095,1722.0,-3.1102438453083207e-10,1767.0,ASK
1429,1712181870.509931,10300803.76501095,1722.0,-0.0,1767.0,ASK
1430,1712181890.895559,10300861.73602544,1725.0,3.103426171096788e-09,1767.0,BID
1431,1712181900.7618454,10300861.73602544,1725.0,0.0,1767.0,BID
1432,1712181904.6453552,10300977.67805442,1725.0,6.210004787890424e-09,1767.0,BID
1433,1712181917.7954724,10301492.55219629,1724.0,-2.7577323894394407e-08,1767.0,ASK
1434,1712181922.0455315,10301930.05219629,1725.0,2.3433064942776432e-08,1767.0,BID
1435,1712181922.145565,10302320.1298709,1725.0,2.089306395857372e-08,1767.0,BID
1436,1712181922.8555207,10302328.6168709,1725.0,4.5457467922984757e-10,1767.0,BID
1437,1712181923.0553656,10302492.5468709,1725.0,8.780302482428242e-09,1767.0,BID
1438,1712181930.7416506,10302492.5468709,1725.0,0.0,1767.0,BID
1439,1712181937.8254056,10302492.55219629,1725.0,2.85191802795124e-13,1767.0,BID
1440,1712181942.9457617,10303072.26234121,1725.0,-3.1045347011596343e-08,1767.0,ASK
1441,1712181942.9502635,10303628.9790448,1725.0,-2.9813974106802414e-08,1767.0,ASK
1442,1712181956.245922,10305071.4290448,1725.0,7.724784737554078e-08,1767.0,BID
1443,1712181960.4857185,10305071.4290448,1725.0,0.0,1767.0,BID
1444,1712181974.1556492,10305488.14854252,1725.0,2.231135708393092e-08,1767.0,BID
1445,1712181974.3172011,10305693.17492313,1725.0,1.0977208444624908e-08,1767.0,BID
1446,1712181974.3216996,10306023.93075387,1725.0,1.7708822091658252e-08,1767.0,BID
1447,1712181990.5355632,10306023.93075387,1725.0,0.0,1767.0,BID
1448,1712182020.7471511,10306023.93075387,1725.0,0.0,1767.0,BID
1449,1712182026.1557145,10306666.58455266,1726.0,3.4404958761336966e-08,1767.0,BID
1450,1712182026.33626,10307023.93075387,1726.0,1.9130800034581632e-08,1767.0,BID
1451,1712182026.3408513,10307103.94616572,1726.0,4.283685788761166e-09,1767.0,BID
1452,1712182050.7681303,10307103.94616572,1726.0,0.0,1767.0,BID
1453,1712182055.1157353,10307308.92203842,1726.0,1.097244386983239e-08,1767.0,BID
1454,1712182055.125569,10307608.7470677,1726.0,1.604975874099233e-08,1767.0,BID
1455,1712182078.0973697,10308455.48479185,1725.0,-4.532622317143136e-08,1767.0,ASK
1456,1712182078.42578,10309155.65479185,1726.0,3.748039182940767e-08,1767.0,BID
1457,1712182080.5270748,10309155.65479185,1726.0,0.0,1767.0,BID
1458,1712182087.9559011,10309155.65976257,1726.0,2.6603429608990345e-13,1767.0,BID
1459,1712182100.0964658,10310745.88804684,1726.0,-8.510945275719512e-08,1767.0,ASK
1460,1712182110.555597,10310745.88804684,1726.0,-0.0,1767.0,ASK
1461,1712182140.7565484,10310745.88804684,1726.0,-0.0,1767.0,ASK
1462,1712182170.7711773,10310745.88804684,1726.0,-0.0,1767.0,ASK
1463,1712182181.7457983,10313969.74135772,1726.0,1.7251616851769477e-07,1767.0,BID
1464,1712182200.570834,10313969.74135772,1726.0,0.0,1767.0,BID
1465,1712182230.5365198,10313969.74135772,1726.0,0.0,1767.0,BID
1466,1712182245.3117108,10314291.01385659,1726.0,1.7194946026386045e-08,1767.0,BID
1467,1712182245.313875,10314391.01385659,1726.0,5.3521375426937665e-09,1767.0,BID
1468,1712182245.4462693,10314491.17820591,1726.0,-5.360933744319247e-09,1767.0,ASK
1469,1712182260.7663968,10314491.17820591,1726.0,-0.0,1767.0,ASK
1470,1712182272.5563266,10314491.17820592,1726.0,-5.9811917097029785e-19,1767.0,ASK
1471,1712182272.560642,10315077.68846983,1726.0,-3.1389324026691055e-08,1767.0,ASK
1472,1712182290.7364812,10315077.68846983,1726.0,-0.0,1767.0,ASK
1473,1712182295.096319,10315751.63822018,1726.0,-3.6067026153649775e-08,1767.0,ASK
1474,1712182296.216226,10316893.66748748,1726.0,-6.111672187817345e-08,1767.0,ASK
1475,1712182302.6867871,10316930.74744113,1726.0,-1.984367020506692e-09,1767.0,ASK
1476,1712182302.692366,10316930.74744114,1726.0,-4.98405639867813e-19,1767.0,ASK
