,time,acc_trade_volume,trade_price,dev,high,ask_bid
0,1712173460.2651834,72484217.3971561,119.2,0.0,124.5,ASK
1,1712173470.442132,72484217.3971561,119.2,-0.0,124.5,ASK
2,1712173500.3425317,72484217.3971561,119.2,-0.0,124.5,ASK
3,1712173529.872362,72484301.28977355,119.6,8.820278028220937e-09,124.5,BID
4,1712173530.3123157,72484301.28977355,119.6,0.0,124.5,BID
5,1712173560.4620278,72484301.28977355,119.6,0.0,124.5,BID
6,1712173590.4621994,72484301.28977355,119.6,0.0,124.5,BID
7,1712173620.3124332,72484301.28977355,119.6,0.0,124.5,BID
8,1712173650.3155622,72484301.28977355,119.6,0.0,124.5,BID
9,1712173680.452157,72484301.28977355,119.6,0.0,124.5,BID
10,1712173686.7321,72485973.53057621,119.6,1.7581538994292197e-07,124.5,BID
11,1712173710.452027,72485973.53057621,119.6,0.0,124.5,BID
12,1712173740.3037207,72485973.53057621,119.6,0.0,124.5,BID
13,1712173770.3122013,72485973.53057621,119.6,0.0,124.5,BID
14,1712173776.73199,72487753.38417421,119.7,-1.871256065294426e-07,124.5,ASK
15,1712173776.742021,72487753.3841749,119.7,-7.20654137836113e-17,124.5,ASK
16,1712173800.3233016,72487753.3841749,119.7,-0.0,124.5,ASK
17,1712173830.2887146,72487753.3841749,119.7,-0.0,124.5,ASK
18,1712173860.4602146,72487753.3841749,119.7,-0.0,124.5,ASK
19,1712173873.465284,72489841.0505589,119.4,-2.195011490788257e-07,124.5,ASK
20,1712173873.5019605,72489841.05055946,119.4,-5.953596663231035e-17,124.5,ASK
21,1712173890.4518888,72489841.05055946,119.4,-0.0,124.5,ASK
22,1712173895.9919295,72489912.36752374,119.4,-7.498202523571419e-09,124.5,ASK
23,1712173896.682331,72494028.65524875,119.4,-4.32782849317897e-07,124.5,ASK
24,1712173918.5418484,72494028.65524957,119.4,-8.61682196860743e-17,124.5,ASK
25,1712173920.293036,72494028.65524957,119.4,-0.0,124.5,ASK
26,1712173941.1020658,72494077.57354957,119.3,-5.142956416471407e-09,124.5,ASK
27,1712173941.2217407,72499408.12024957,119.3,5.604195025684204e-07,124.5,BID
28,1712173941.2416935,72500968.33908205,119.3,1.6403140450772836e-07,124.5,BID
29,1712173941.2616067,72503533.33908105,119.7,2.696676540753844e-07,124.5,BID
30,1712173942.2417214,72506055.65508105,119.7,2.651801320941368e-07,124.5,BID
31,1712173950.3021786,72506055.65508105,119.7,0.0,124.5,BID
32,1712173961.9617617,72506105.5007858,119.8,5.239666291769563e-09,124.5,BID
33,1712173980.4517093,72506105.5007858,119.8,0.0,124.5,BID
34,1712173988.7415783,72506581.29377411,119.8,5.001423754353468e-08,124.5,BID
35,1712174010.4520285,72506581.29377411,119.8,0.0,124.5,BID
36,1712174015.1816766,72510861.04872134,119.8,4.498750576544274e-07,124.5,BID
37,1712174035.1019182,72510914.56042702,119.6,-5.624990677167922e-09,124.5,ASK
38,1712174039.191788,72510956.39376035,119.9,4.397395055330324e-09,124.5,BID
39,1712174040.3019435,72510956.39376035,119.9,0.0,124.5,BID
40,1712174042.9915671,72510998.1922616,119.9,4.393491552072586e-09,124.5,BID
41,1712174045.321586,72511039.95598872,119.9,4.389836399766959e-09,124.5,BID
42,1712174068.3916638,72511041.97020276,119.6,-2.117164993586052e-10,124.5,ASK
43,1712174070.2819598,72511083.38934468,119.6,4.353616628755533e-09,124.5,BID
44,1712174070.3131497,72511083.38934468,119.6,0.0,124.5,BID
45,1712174071.88177,72513648.67203096,119.5,-2.696395672057951e-07,124.5,ASK
46,1712174071.8836129,72513710.42265856,119.5,-6.490673558797308e-09,124.5,ASK
47,1712174072.4614887,72526880.65815857,119.5,-1.38433733608233e-06,124.5,ASK
48,1712174081.5615308,72526951.29151976,119.6,-7.424347048996881e-09,124.5,ASK
49,1712174083.8417983,72527004.12721618,119.8,5.553615743919255e-09,124.5,BID
50,1712174096.7717783,72527004.12721618,119.6,-0.0,124.5,ASK
51,1712174100.4420087,72527004.12721618,119.6,-0.0,124.5,ASK
52,1712174130.441608,72527004.12721618,119.6,-0.0,124.5,ASK
53,1712174160.3333633,72527004.12721618,119.6,-0.0,124.5,ASK
54,1712174190.3320048,72527004.12721618,119.6,-0.0,124.5,ASK
55,1712174220.3423042,72527004.12721618,119.6,-0.0,124.5,ASK
56,1712174250.3234518,72527004.12721618,119.6,-0.0,124.5,ASK
57,1712174280.442247,72527004.12721618,119.6,-0.0,124.5,ASK
58,1712174310.4524562,72527004.12721618,119.6,-0.0,124.5,ASK
59,1712174340.2839556,72527004.12721618,119.6,-0.0,124.5,ASK
60,1712174353.643926,72527083.58791852,119.6,-8.350813599491408e-09,124.5,ASK
61,1712174353.732411,72529974.08811052,119.6,3.0377315579171305e-07,124.5,BID
62,1712174353.7425702,72529974.08811091,119.6,4.071644489313336e-17,124.5,BID
63,1712174370.304391,72529974.08811091,119.6,0.0,124.5,BID
64,1712174371.3325346,72530015.85183804,119.9,4.3889378196251045e-09,124.5,BID
65,1712174398.8727956,72530089.79502934,119.7,-7.770668260111183e-09,124.5,ASK
66,1712174400.382939,72530089.79502934,119.7,-0.0,124.5,ASK
67,1712174402.203354,72530152.97494566,119.5,-6.6431942163414545e-09,124.5,ASK
68,1712174402.2050102,72530989.79502934,119.5,-8.798932736241071e-08,124.5,ASK
69,1712174404.5329196,72531220.92142364,119.9,2.430230388463372e-08,124.5,BID
70,1712174424.4729345,72531498.94396369,119.8,2.9233304467166208e-08,124.5,BID
71,1712174424.474506,72531523.48858172,119.9,2.5807989943699843e-09,124.5,BID
72,1712174430.303537,72531523.48858172,119.9,0.0,124.5,BID
73,1712174460.442782,72531523.48858172,119.9,0.0,124.5,BID
74,1712174482.653102,72531606.87760507,119.8,8.767968046593333e-09,124.5,BID
75,1712174490.4529493,72531606.87760507,119.8,0.0,124.5,BID
76,1712174520.3030076,72531606.87760507,119.8,0.0,124.5,BID
77,1712174522.192997,72563384.66623259,119.7,3.3412831979407927e-06,124.5,BID
78,1712174522.2029345,72563551.4974953,119.8,1.7541513083568462e-08,124.5,BID
79,1712174522.3231914,72569003.3322053,119.8,-5.732344666269315e-07,124.5,ASK
80,1712174522.342987,72580148.55672216,119.8,-1.1718673017807408e-06,124.5,ASK
81,1712174522.344504,72590060.21425717,119.8,-1.0421636059585236e-06,124.5,ASK
82,1712174522.3460257,72602291.98876916,119.8,-1.2861128613124557e-06,124.5,ASK
83,1712174522.3550198,72640142.91163716,119.8,-3.97984435253843e-06,124.5,ASK
84,1712174522.3630884,72642707.91163616,119.8,-2.6969753936748573e-07,124.5,ASK
85,1712174522.3944366,72645524.40463616,119.8,-2.961408312053027e-07,124.5,ASK
86,1712174522.4430425,72695273.35861108,119.8,-5.230865683572684e-06,124.5,ASK
87,1712174522.445091,72710373.28962076,119.8,-1.587685863358522e-06,124.5,ASK
88,1712174522.4630597,72727652.0876174,119.8,-1.8167833546727253e-06,124.5,ASK
89,1712174522.7231154,72745116.98882739,119.8,-1.836351221623894e-06,124.5,ASK
90,1712174522.742995,72761114.39012593,119.8,-1.6820505918788308e-06,124.5,ASK
91,1712174538.2430596,72761157.73929259,119.8,4.557958513367801e-09,124.5,BID
92,1712174550.2932742,72761157.73929259,119.8,0.0,124.5,BID
93,1712174559.6269922,72761206.02834857,119.7,-5.062727101714519e-09,124.5,ASK
94,1712174580.4431603,72761206.02834857,119.7,-0.0,124.5,ASK
95,1712174604.9341698,72761256.02834857,119.5,-5.242102927484481e-09,124.5,ASK
96,1712174604.93606,72761333.63495392,119.6,-8.136436262049181e-09,124.5,ASK
97,1712174604.9378471,72761417.46144176,119.3,-8.78854154605455e-09,124.5,ASK
98,1712174604.9396574,72761500.46144176,119.4,-8.701890859624236e-09,124.5,ASK
99,1712174604.941425,72761700.46144176,119.3,-2.0968411709937923e-08,124.5,ASK
100,1712174604.943258,72762065.11925764,119.2,-3.823147608398657e-08,124.5,ASK
101,1712174604.9442985,72762115.11925764,119.4,-5.242102927484481e-09,124.5,ASK
102,1712174610.4431946,72762115.11925764,119.4,-0.0,124.5,ASK
103,1712174640.2895312,72762115.11925764,119.4,-0.0,124.5,ASK
104,1712174658.1433513,72762992.32101204,119.3,-9.196659188110416e-08,124.5,ASK
105,1712174670.3134823,72762992.32101204,119.3,-0.0,124.5,ASK
106,1712174676.5743444,72820539.28918622,119.3,-6.033207804314801e-06,124.5,ASK
107,1712174696.0234654,72821447.56348231,119.2,-9.522321931959808e-08,124.5,ASK
108,1712174700.4432397,72821447.56348231,119.2,-0.0,124.5,ASK
109,1712174706.5835807,72821491.16281174,119.3,4.573270609585222e-09,124.5,BID
110,1712174730.4433038,72821491.16281174,119.3,0.0,124.5,BID
111,1712174752.373202,72825685.08940025,119.2,-4.399138930272466e-07,124.5,ASK
112,1712174752.374954,72826928.93581174,119.2,-1.3047088585409414e-07,124.5,ASK
113,1712174760.3137543,72826928.93581174,119.2,-0.0,124.5,ASK
114,1712174768.9545336,72826972.93581174,119.1,-4.6149819144452655e-09,124.5,ASK
115,1712174768.9566474,72827014.92573617,119.1,-4.4041532235746145e-09,124.5,ASK
116,1712174768.9589791,72841663.46701173,119.0,-1.536426205902689e-06,124.5,ASK
117,1712174768.9612403,72866184.68453656,119.0,-2.5719312590284704e-06,124.5,ASK
118,1712174768.9635246,72866185.38882053,119.2,-7.386949484484471e-11,124.5,ASK
119,1712174768.9657817,72867914.93581174,119.0,-1.8140518374173985e-07,124.5,ASK
120,1712174790.305502,72867914.93581174,119.0,-0.0,124.5,ASK
121,1712174801.3835049,72867956.94417994,119.3,4.403834868616216e-09,124.5,BID
122,1712174820.4634771,72867956.94417994,119.3,0.0,124.5,BID
123,1712174850.453587,72867956.94417994,119.3,0.0,124.5,BID
124,1712174862.55371,72868044.67717741,119.1,-9.197249192038434e-09,124.5,ASK
125,1712174862.556033,72875089.02226558,119.1,-7.384746792396629e-07,124.5,ASK
126,1712174862.5584395,72878609.43368454,119.1,-3.690527168769788e-07,124.5,ASK
127,1712174880.306812,72878609.43368454,119.1,-0.0,124.5,ASK
128,1712174910.2975976,72878609.43368454,119.1,-0.0,124.5,ASK
129,1712174919.315517,72884088.21615972,119.0,-5.742768183405901e-07,124.5,ASK
130,1712174919.3176165,72886001.8250215,119.0,-2.0058128127487138e-07,124.5,ASK
131,1712174919.3197572,72886146.27562562,118.9,-1.514107079668088e-08,124.5,ASK
132,1712174919.321839,72886988.02646735,118.8,-8.8230915795359e-08,124.5,ASK
133,1712174919.3239555,72887031.02646735,118.8,-4.507188102565341e-09,124.5,ASK
134,1712174919.3260407,72888791.55074684,118.9,-1.8453521132082e-07,124.5,ASK
135,1712174919.3281934,72890672.22301576,119.0,-1.9712892268059574e-07,124.5,ASK
136,1712174919.3292332,72890716.22301576,118.9,-4.612006430531977e-09,124.5,ASK
137,1712174919.3301756,72890763.11521575,118.8,-4.915161997957351e-09,124.5,ASK
138,1712174919.3311307,72951555.36330812,118.7,-6.3721417983749465e-06,124.5,ASK
139,1712174925.323728,72951606.08265541,118.8,-5.316317179350699e-09,124.5,ASK
140,1712174940.443329,72951606.08265541,118.8,-0.0,124.5,ASK
141,1712174948.274218,72951654.23285678,118.8,-5.0424422252095775e-09,124.5,ASK
142,1712174970.4434023,72951654.23285678,118.8,-0.0,124.5,ASK
143,1712175000.3456092,72951654.23285678,118.8,-0.0,124.5,ASK
144,1712175030.3077998,72951654.23285678,118.8,-0.0,124.5,ASK
145,1712175060.4433436,72951654.23285678,118.8,-0.0,124.5,ASK
146,1712175065.9233856,72955848.86372925,119.1,4.392818615373738e-07,124.5,BID
147,1712175068.6334136,72955914.32112274,119.3,6.855012165432305e-09,124.5,BID
148,1712175080.943605,72962331.33374074,119.3,6.720203360073461e-07,124.5,BID
149,1712175080.9457743,72962331.33374116,119.3,4.3694589765985886e-17,124.5,BID
150,1712175085.083556,72962380.43223865,119.5,5.1418301238029e-09,124.5,BID
151,1712175090.4536405,72962380.43223865,119.5,0.0,124.5,BID
152,1712175118.1936324,72976384.55441438,119.4,1.4663824531145718e-06,124.5,BID
153,1712175120.3037095,72976384.55441438,119.4,0.0,124.5,BID
154,1712175146.263486,72981729.51808138,119.5,5.595773010979686e-07,124.5,BID
155,1712175146.303694,72981729.51808202,119.5,6.708167531029987e-17,124.5,BID
156,1712175150.304252,72981729.51808202,119.5,0.0,124.5,BID
157,1712175161.793583,72986286.45593974,119.2,-4.770450546527334e-07,124.5,ASK
158,1712175169.0837295,73006084.94593973,119.3,-2.072613680279644e-06,124.5,ASK
159,1712175169.0865314,73007008.38219254,119.2,-9.667033245592872e-08,124.5,ASK
160,1712175173.3534744,73007050.21552587,119.7,4.379340997626273e-09,124.5,BID
161,1712175180.4433105,73007050.21552587,119.7,0.0,124.5,BID
162,1712175210.463544,73007050.21552587,119.7,0.0,124.5,BID
163,1712175222.3935366,73008361.94081052,119.3,-1.372751386362009e-07,124.5,ASK
164,1712175222.395892,73008404.01960348,119.3,-4.403644730146326e-09,124.5,ASK
165,1712175222.913666,73008904.01960348,119.4,5.2326176922301504e-08,124.5,BID
166,1712175227.7736456,73008945.92277542,119.5,4.3852655772475415e-09,124.5,BID
167,1712175240.3239036,73008945.92277542,119.5,0.0,124.5,BID
168,1712175249.9435153,73009664.81579667,119.3,-7.523206578815908e-08,124.5,ASK
169,1712175255.7836308,73009706.7890408,119.5,4.39249480856112e-09,124.5,BID
170,1712175270.3134005,73009706.7890408,119.5,0.0,124.5,BID
171,1712175281.5635736,73010087.22217281,119.5,3.981190201003192e-08,124.5,BID
172,1712175281.6535623,73010087.2221735,119.5,7.173193365966719e-17,124.5,BID
173,1712175299.8524868,73010129.12534545,119.7,4.3851201051789814e-09,124.5,BID
174,1712175300.3436215,73010129.12534545,119.7,0.0,124.5,BID
175,1712175330.2941518,73010129.12534545,119.7,0.0,124.5,BID
176,1712175360.4634593,73010129.12534545,119.7,0.0,124.5,BID
177,1712175373.6537375,73028420.67130016,119.6,1.915850705417512e-06,124.5,BID
178,1712175373.6567287,73039870.89327598,119.6,1.1992926078463435e-06,124.5,BID
179,1712175373.6633048,73039976.47735213,119.6,1.1058842553611936e-08,124.5,BID
180,1712175390.4636407,73039976.47735213,119.6,0.0,124.5,BID
181,1712175420.3035676,73039976.47735213,119.6,0.0,124.5,BID
182,1712175445.4660175,73040148.4173689,119.2,-1.8002211754298542e-08,124.5,ASK
183,1712175445.468222,73050067.427436,119.2,-1.0385256612663598e-06,124.5,ASK
184,1712175445.4697208,73050756.109216,119.1,-7.210535085153483e-08,124.5,ASK
185,1712175445.470946,73056995.97907327,119.1,-6.533177127457704e-07,124.5,ASK
186,1712175445.4721842,73065378.20874636,119.3,-8.776239317481953e-07,124.5,ASK
187,1712175445.4734285,73071905.0446687,119.1,-6.83363213302921e-07,124.5,ASK
188,1712175445.474659,73080676.27071145,119.2,-9.183520597870616e-07,124.5,ASK
189,1712175450.3057775,73080676.27071145,119.2,-0.0,124.5,ASK
190,1712175480.4434557,73080676.27071145,119.2,-0.0,124.5,ASK
191,1712175510.4537385,73080676.27071145,119.2,-0.0,124.5,ASK
192,1712175522.2432694,73084025.58515732,119.3,-3.504969997021111e-07,124.5,ASK
193,1712175540.3037,73084025.58515732,119.3,-0.0,124.5,ASK
194,1712175546.6834502,73084444.34562632,119.4,4.382035588048758e-08,124.5,BID
195,1712175556.9633446,73088483.31081896,119.4,4.226494744136907e-07,124.5,BID
196,1712175570.32372,73088483.31081896,119.4,0.0,124.5,BID
197,1712175578.0331,73088734.56710036,119.4,-2.6290749225949635e-08,124.5,ASK
198,1712175578.8232646,73088850.40210035,119.2,-1.2120647966998711e-08,124.5,ASK
199,1712175600.333582,73088850.40210035,119.2,-0.0,124.5,ASK
200,1712175630.2831855,73088850.40210035,119.2,-0.0,124.5,ASK
201,1712175632.3233142,73089444.46224555,119.2,-6.21830230265798e-08,124.5,ASK
202,1712175635.253692,73090128.95678157,119.2,-7.164920898732939e-08,124.5,ASK
203,1712175635.2563229,73093471.30788316,119.2,-3.498593487423643e-07,124.5,ASK
204,1712175636.11345,73097451.72141388,119.2,-4.166482943459784e-07,124.5,ASK
205,1712175660.4535398,73097451.72141388,119.2,-0.0,124.5,ASK
206,1712175661.98415,73097489.29235202,119.2,-3.932301850416088e-09,124.5,ASK
207,1712175661.992396,73097930.19210035,119.2,-4.61460634738532e-08,124.5,ASK
208,1712175661.994424,73098518.15560704,119.2,-6.153825535958788e-08,124.5,ASK
209,1712175661.996453,73099839.9695323,119.2,-1.3834552985560357e-07,124.5,ASK
210,1712175690.4533448,73099839.9695323,119.2,-0.0,124.5,ASK
211,1712175720.3009531,73099839.9695323,119.2,-0.0,124.5,ASK
212,1712175735.474753,73100064.14110506,118.9,-2.3461858280954896e-08,124.5,ASK
213,1712175735.4772277,73100106.24194539,119.0,-4.406285494517623e-09,124.5,ASK
214,1712175735.4795933,73143489.33537972,118.8,-4.540486456044218e-06,124.5,ASK
215,1712175735.4819171,73143788.02865703,119.0,-3.126132031617051e-08,124.5,ASK
216,1712175735.4842954,73156047.9695323,118.8,-1.283128774122304e-06,124.5,ASK
217,1712175750.306126,73156047.9695323,118.8,-0.0,124.5,ASK
218,1712175770.2232842,73156089.9779005,119.2,4.393536783954294e-09,124.5,BID
219,1712175780.4431384,73156089.9779005,119.2,0.0,124.5,BID
220,1712175786.0834336,73156175.41870654,119.1,-8.936008313567396e-09,124.5,ASK
221,1712175786.0861492,73156346.52374855,119.0,-1.7895384523183382e-08,124.5,ASK
222,1712175801.3135202,73158027.19601744,119.0,1.7577668171528497e-07,124.5,BID
223,1712175810.4431672,73158027.19601744,119.0,0.0,124.5,BID
224,1712175840.323883,73158027.19601744,119.0,0.0,124.5,BID
225,1712175859.143186,73183732.09072545,119.0,2.6883362327479524e-06,124.5,BID
226,1712175859.1968615,73183732.090726,119.0,5.766198555147117e-17,124.5,BID
227,1712175859.5701184,73183774.05381323,119.2,4.3886928587847716e-09,124.5,BID
228,1712175870.3211794,73183774.05381323,119.2,0.0,124.5,BID
229,1712175900.45312,73183774.05381323,119.2,0.0,124.5,BID
230,1712175911.8332183,73184025.73166558,119.2,2.6314093748543963e-08,124.5,BID
231,1712175915.6540017,73184082.80309415,119.0,-5.967084142176918e-09,124.5,ASK
232,1712175915.6566694,73208256.1876256,118.9,-2.527440141621978e-06,124.5,ASK
233,1712175915.6592956,73208298.35934277,118.8,-4.409249795785447e-09,124.5,ASK
234,1712175915.661876,73208550.88459529,118.8,-2.6402693390511682e-08,124.5,ASK
235,1712175915.6635413,73239672.73166558,118.8,-3.253934320389792e-06,124.5,ASK
236,1712175925.0333648,73239714.81045853,119.3,4.399534134770287e-09,124.5,BID
237,1712175930.4631696,73239714.81045853,119.3,0.0,124.5,BID
238,1712175960.303515,73239714.81045853,119.3,0.0,124.5,BID
239,1712175960.6376612,73239852.6888586,119.2,1.4405816387557633e-08,124.5,BID
240,1712175971.3031,73239894.73240969,119.4,4.392795948657699e-09,124.5,BID
241,1712175980.1431255,73248276.96208277,119.4,8.757924484573456e-07,124.5,BID
242,1712175985.1599476,73248318.90026155,119.4,4.381786434877051e-09,124.5,BID
243,1712175990.313317,73248318.90026155,119.4,0.0,124.5,BID
244,1712176010.5931437,73270009.11833756,119.2,-2.2659949937399904e-06,124.5,ASK
245,1712176015.8032568,73270009.11833799,119.2,-4.5145361834891256e-17,124.5,ASK
246,1712176020.442764,73270009.11833799,119.2,-0.0,124.5,ASK
247,1712176050.442881,73270009.11833799,119.2,-0.0,124.5,ASK
248,1712176080.3132036,73270009.11833799,119.2,-0.0,124.5,ASK
249,1712176094.8032618,73278405.42396352,119.1,-8.769321170414296e-07,124.5,ASK
250,1712176094.813845,73278462.38960327,119.1,-5.949640389125714e-09,124.5,ASK
251,1712176094.8167377,73278881.14661132,119.0,-4.373607702834656e-08,124.5,ASK
252,1712176094.819595,73283068.71661133,119.0,-4.373607618809142e-07,124.5,ASK
253,1712176094.8224149,73284217.18719955,119.0,-1.1994927164482748e-07,124.5,ASK
254,1712176094.8252664,73302324.33913799,118.8,-1.8911583011804564e-06,124.5,ASK
255,1712176094.827623,73326499.11833799,118.9,-2.524877160070501e-06,124.5,ASK
256,1712176110.2950144,73326499.11833799,118.9,-0.0,124.5,ASK
257,1712176119.023131,73326541.12670618,119.2,4.384387950520481e-09,124.5,BID
258,1712176140.4528103,73326541.12670618,119.2,0.0,124.5,BID
259,1712176142.9132276,73327380.05288067,119.1,-8.755817106575803e-08,124.5,ASK
260,1712176142.9170308,73329465.75654419,119.1,-2.176835146108248e-07,124.5,ASK
261,1712176170.4536417,73329465.75654419,119.1,-0.0,124.5,ASK
262,1712176200.53418,73329465.75654419,119.1,-0.0,124.5,ASK
263,1712176212.264831,73329465.75654438,119.1,-2.0221847714537628e-17,124.5,ASK
264,1712176230.4453256,73329465.75654438,119.1,-0.0,124.5,ASK
265,1712176254.318552,73341123.65598175,119.0,1.2169638430138983e-06,124.5,BID
266,1712176254.3354037,73348622.79336272,119.0,7.828321984992143e-07,124.5,BID
267,1712176260.3191674,73348622.79336272,119.0,0.0,124.5,BID
268,1712176275.5807345,73350671.83457382,118.9,-2.1384776930837042e-07,124.5,ASK
269,1712176275.5901756,73350871.83457382,118.8,-2.0872959328498106e-08,124.5,ASK
270,1712176275.5919504,73351344.83457382,118.6,-4.9364548811898014e-08,124.5,ASK
271,1712176275.5935807,73352495.0597982,118.7,-1.2004302163503554e-07,124.5,ASK
272,1712176275.595197,73352589.8237105,118.6,-9.890016436782745e-09,124.5,ASK
273,1712176275.5970545,73354032.18205789,118.6,-1.505314356105513e-07,124.5,ASK
274,1712176275.5986617,73357032.18205789,118.7,-3.130943899274716e-07,124.5,ASK
275,1712176275.6002886,73363292.86645396,118.6,-6.533950538389954e-07,124.5,ASK
276,1712176275.6019528,73363419.13225009,118.7,-1.3177704135481025e-08,124.5,ASK
277,1712176275.6036105,73364263.01410662,118.5,-8.807155834713523e-08,124.5,ASK
278,1712176275.6052442,73366568.86149278,118.6,-2.406492935458802e-07,124.5,ASK
279,1712176275.6069071,73391885.317189,118.5,-2.6421467504436048e-06,124.5,ASK
280,1712176275.6085396,73391928.36946554,118.6,-4.493142087316883e-09,124.5,ASK
281,1712176275.6101987,73403845.56633566,118.4,-1.243735827898429e-06,124.5,ASK
282,1712176275.6118588,73404270.45304231,118.5,-4.4343214735651606e-08,124.5,ASK
283,1712176275.613508,73405113.62336272,118.6,-8.79972990242138e-08,124.5,ASK
284,1712176290.3263464,73405113.62336272,118.6,-0.0,124.5,ASK
285,1712176300.1567445,73405389.19392173,118.8,2.87397816669706e-08,124.5,BID
286,1712176300.9863727,73405437.3441231,118.8,-5.0216767692194354e-09,124.5,ASK
287,1712176307.2266808,73405668.3441231,118.8,2.4091432658564493e-08,124.5,BID
288,1712176307.306628,73405685.35762621,118.8,1.774370842796903e-09,124.5,BID
289,1712176312.7067652,73405727.57797945,118.9,4.4032415440755115e-09,124.5,BID
290,1712176320.4768584,73405727.57797945,118.9,0.0,124.5,BID
291,1712176330.1473858,73410695.22315586,118.8,5.180812936202285e-07,124.5,BID
292,1712176341.3672876,73410777.66338667,118.6,-8.597784244058271e-09,124.5,ASK
293,1712176350.4575808,73410777.66338667,118.6,-0.0,124.5,ASK
294,1712176365.6855886,73436709.0579905,118.6,2.704245063073267e-06,124.5,BID
295,1712176380.3280098,73436709.0579905,118.6,0.0,124.5,BID
296,1712176382.8377662,73451132.78848755,118.6,1.5036906683501496e-06,124.5,BID
297,1712176409.7381678,73457433.33130215,118.6,6.568389112504753e-07,124.5,BID
298,1712176410.3185482,73457433.33130215,118.6,0.0,124.5,BID
299,1712176420.1383352,73457524.99033056,118.6,9.553112364748628e-09,124.5,BID
300,1712176440.4689915,73457524.99033056,118.6,0.0,124.5,BID
301,1712176444.4591465,73457567.1752045,118.8,4.3966905521474885e-09,124.5,BID
302,1712176462.8392203,73457742.60522136,118.6,1.8284077340527555e-08,124.5,BID
303,1712176470.4591446,73457742.60522136,118.6,0.0,124.5,BID
304,1712176475.2792566,73457784.7900953,118.6,4.39667872148344e-09,124.5,BID
305,1712176477.932054,73457827.01044853,118.6,4.4003765172767745e-09,124.5,BID
306,1712176482.669365,73457869.15990277,118.6,4.392987136374965e-09,124.5,BID
307,1712176490.3597767,73457911.5821063,118.6,4.421414175562861e-09,124.5,BID
308,1712176496.52976,73457954.11161727,118.6,4.432598190175705e-09,124.5,BID
309,1712176500.3160243,73457954.11161727,118.6,0.0,124.5,BID
310,1712176530.3120215,73457954.11161727,118.6,0.0,124.5,BID
311,1712176543.1638165,73457996.47448646,118.5,-4.423016220754571e-09,124.5,ASK
312,1712176560.4604003,73457996.47448646,118.5,-0.0,124.5,ASK
313,1712176590.4707437,73457996.47448646,118.5,-0.0,124.5,ASK
314,1712176614.8611822,73466714.87030162,118.4,-9.102685119589252e-07,124.5,ASK
315,1712176618.4510815,73466757.29250515,118.5,4.4292088700970154e-09,124.5,BID
316,1712176620.3314395,73466757.29250515,118.5,0.0,124.5,BID
317,1712176620.653998,73467585.7929194,118.4,-8.649253696251038e-08,124.5,ASK
318,1712176631.6511407,73468429.67477594,118.5,8.80983055816004e-08,124.5,BID
319,1712176646.581659,73468471.3263036,118.5,4.348273378674102e-09,124.5,BID
320,1712176646.6315165,73480307.5810736,118.5,1.23566347774911e-06,124.5,BID
321,1712176646.6624568,73481639.42776336,118.5,1.3904012244397732e-07,124.5,BID
322,1712176650.3116777,73481639.42776336,118.5,0.0,124.5,BID
323,1712176680.4815946,73481639.42776336,118.5,0.0,124.5,BID
324,1712176681.7746513,73481681.81431799,118.6,4.42419313084093e-09,124.5,BID
325,1712176684.3227549,73487244.74824545,118.4,-5.806438924994525e-07,124.5,ASK
326,1712176684.3317063,73495679.34951021,118.5,-8.803807080782343e-07,124.5,ASK
327,1712176684.3343642,73506604.15411615,118.3,-1.1403013506736094e-06,124.5,ASK
328,1712176684.3370748,73506688.5001288,118.5,-8.803807081233391e-09,124.5,ASK
329,1712176684.3397863,73506730.81431799,118.4,-4.416639822481216e-09,124.5,ASK
330,1712176684.341522,73506781.81431799,118.4,-5.323241099680847e-09,124.5,ASK
331,1712176686.69349,73506824.12975422,118.7,4.41676998599453e-09,124.5,BID
332,1712176710.4620385,73506824.12975422,118.7,0.0,124.5,BID
333,1712176740.312441,73506824.12975422,118.7,0.0,124.5,BID
334,1712176755.3924437,73506903.01014525,118.5,-8.230758834900089e-09,124.5,ASK
335,1712176755.5528758,73507025.6502054,118.5,1.2796852873654398e-08,124.5,BID
336,1712176770.3132837,73507025.6502054,118.5,0.0,124.5,BID
337,1712176790.313213,73507659.71193542,118.4,-6.616088122631526e-08,124.5,ASK
338,1712176793.5830898,73507702.16984786,118.6,4.4302514557076e-09,124.5,BID
339,1712176799.0528162,73507786.4868799,118.6,8.798022145241998e-09,124.5,BID
340,1712176800.3654387,73507786.4868799,118.6,0.0,124.5,BID
341,1712176810.203483,73507828.83784547,118.6,4.421180058790134e-09,124.5,BID
342,1712176821.3502996,73507941.51714873,118.6,1.1763025514272273e-08,124.5,BID
343,1712176830.3133178,73507941.51714873,118.6,0.0,124.5,BID
344,1712176836.3935435,73507991.51714873,118.5,-5.219682140211658e-09,124.5,ASK
345,1712176845.433522,73508149.06356224,118.5,-1.6446844017159294e-08,124.5,ASK
346,1712176845.4377987,73516825.9851907,118.4,-9.058154571218085e-07,124.5,ASK
347,1712176852.0233328,73517322.73370771,118.6,5.185738724792326e-08,124.5,BID
348,1712176852.0330186,73518326.07793944,118.6,1.0474275933636017e-07,124.5,BID
349,1712176860.453194,73518326.07793944,118.6,0.0,124.5,BID
350,1712176864.4533746,73518388.33110398,118.5,-6.498000352374534e-09,124.5,ASK
351,1712176890.463521,73518388.33110398,118.5,-0.0,124.5,ASK
352,1712176900.1645098,73520924.25671682,118.3,-2.647003241958923e-07,124.5,ASK
353,1712176900.1680334,73536076.7505543,118.4,-1.581619748959798e-06,124.5,ASK
354,1712176900.171743,73536119.7505543,118.2,-4.488346930527504e-09,124.5,ASK
355,1712176900.1744375,73539956.57063799,118.3,-4.004878987355413e-07,124.5,ASK
356,1712176900.176054,73543494.64170396,118.2,-3.69304428115512e-07,124.5,ASK
357,1712176900.1777034,73549704.24537991,118.3,-6.481594325285395e-07,124.5,ASK
358,1712176900.1793656,74019125.68427974,118.2,-4.8998285451392e-05,124.5,ASK
359,1712176900.2435975,74036440.68427974,118.2,1.8073424907461327e-06,124.5,BID
360,1712176900.2660124,74041357.97915122,118.2,5.132680312302937e-07,124.5,BID
361,1712176900.2840157,74042926.18583831,118.2,1.6368966675454858e-07,124.5,BID
362,1712176900.344771,74066104.19713831,118.2,2.419324555211067e-06,124.5,BID
363,1712176900.3484485,74074564.19713831,118.2,8.830561635409926e-07,124.5,BID
364,1712176900.9035215,74080382.89873831,118.2,6.073570108375966e-07,124.5,BID
365,1712176901.6435256,74088842.89873831,118.2,8.830561635409926e-07,124.5,BID
366,1712176902.83418,74097302.89873831,118.2,8.830561635409926e-07,124.5,BID
367,1712176904.1835692,74105762.89873831,118.2,8.830561635409926e-07,124.5,BID
368,1712176904.4833994,74105932.10347603,118.2,1.7661617795097013e-08,124.5,BID
369,1712176905.3036697,74114392.10347603,118.2,8.830561635409926e-07,124.5,BID
370,1712176906.4939885,74122852.10347603,118.2,8.830561635409926e-07,124.5,BID
371,1712176907.7226017,74131312.10347603,118.2,8.830561635409926e-07,124.5,BID
372,1712176909.0035095,74139772.10347603,118.2,8.830561635409926e-07,124.5,BID
373,1712176909.0635858,74142472.10347603,118.2,2.818264351726572e-07,124.5,BID
374,1712176910.2034895,74150932.10347603,118.2,8.830561635409926e-07,124.5,BID
375,1712176910.383689,74167708.62347604,118.2,1.7511358615577077e-06,124.5,BID
376,1712176912.556174,74167826.68847604,118.2,1.2323643728884388e-08,124.5,BID
377,1712176912.9013271,74176286.68847604,118.2,8.830561635409926e-07,124.5,BID
378,1712176914.0639338,74244474.93289559,118.2,7.117499942756365e-06,124.5,BID
379,1712176914.16391,74264356.48958004,118.2,2.075240091133876e-06,124.5,BID
380,1712176914.1950817,74310096.29035348,118.2,4.774327776846907e-06,124.5,BID
381,1712176920.3142922,74310096.29035348,118.2,0.0,124.5,BID
382,1712176950.3340404,74310096.29035348,118.2,0.0,124.5,BID
383,1712176967.0846772,74310147.0517748,118.2,-5.247228674215496e-09,124.5,ASK
384,1712176967.088519,74322677.45871219,118.2,-1.2952732383776475e-06,124.5,ASK
385,1712176967.0917895,74322796.78990953,118.2,-1.2335314182978996e-08,124.5,ASK
386,1712176967.987163,74326386.87931722,118.2,3.711089956142943e-07,124.5,BID
387,1712176968.6924138,74326982.83371846,118.2,6.160404774371822e-08,124.5,BID
388,1712176975.596151,74343503.49086988,118.2,1.7077470185575332e-06,124.5,BID
389,1712176980.3341894,74343503.49086988,118.2,0.0,124.5,BID
390,1712177010.31715,74343503.49086988,118.2,0.0,124.5,BID
391,1712177010.6585531,74343545.94878232,118.3,4.387100864321973e-09,124.5,BID
392,1712177040.4644966,74343545.94878232,118.3,0.0,124.5,BID
393,1712177053.2443388,74367633.49086988,118.3,2.488921752901308e-06,124.5,BID
394,1712177053.34474,74370503.1650952,118.3,-2.96518199207134e-07,124.5,ASK
395,1712177053.4649012,74376215.34438673,118.3,-5.902290588009157e-07,124.5,ASK
396,1712177060.3354106,74378755.56453913,118.1,-2.624763112610313e-07,124.5,ASK
397,1712177060.3394372,74378800.64733914,118.2,-4.658323426943888e-09,124.5,ASK
398,1712177060.3433816,74380149.67244554,118.1,-1.3939230164394125e-07,124.5,ASK
399,1712177060.347339,74384589.34438673,118.1,-4.587431972100153e-07,124.5,ASK
400,1712177060.3493896,74384834.34438673,118.1,-2.5315402760660764e-08,124.5,ASK
401,1712177070.471678,74384834.34438673,118.1,-0.0,124.5,ASK
402,1712177085.75515,74384876.57411644,118.4,4.361320507613301e-09,124.5,BID
403,1712177100.335301,74384876.57411644,118.4,0.0,124.5,BID
404,1712177100.338388,74388016.15468074,118.4,3.244126696635702e-07,124.5,BID
405,1712177100.3414922,74393322.52006239,118.4,5.483064136786001e-07,124.5,BID
406,1712177104.0664022,74401111.42703591,118.1,-8.048272860938465e-07,124.5,ASK
407,1712177125.578853,74401153.65676564,118.4,4.363595416418301e-09,124.5,BID
408,1712177130.325004,74401153.65676564,118.4,0.0,124.5,BID
409,1712177133.9153304,74404067.92565237,118.1,-3.010713455637877e-07,124.5,ASK
410,1712177133.935326,74406069.698064,118.4,2.0680188991003017e-07,124.5,BID
411,1712177133.9381683,74979982.63175473,118.5,5.9290595994593945e-05,124.5,BID
412,1712177134.7548804,75006631.15055473,118.5,-2.7530422635097803e-06,124.5,ASK
413,1712177142.0748436,75010047.40427364,118.4,-3.529310931546776e-07,124.5,ASK
414,1712177160.3454258,75010047.40427364,118.4,-0.0,124.5,ASK
415,1712177161.0755632,75010933.10410501,118.6,9.08241077899173e-08,124.5,BID
416,1712177167.1852214,75020956.98784553,118.7,1.02789936847727e-06,124.5,BID
417,1712177167.2851312,75023315.8757985,118.7,2.418922146278286e-07,124.5,BID
418,1712177172.385467,75030349.94410501,118.7,7.213086820705045e-07,124.5,BID
419,1712177172.3904774,75032335.1974048,118.8,2.0357784127835345e-07,124.5,BID
420,1712177178.4405725,75032382.6066875,118.5,-4.861585889063271e-09,124.5,ASK
421,1712177178.444872,75037981.29555765,118.6,-5.741176676525675e-07,124.5,ASK
422,1712177178.448639,75057151.84540915,118.4,-1.965844436730723e-06,124.5,ASK
423,1712177190.316162,75057151.84540915,118.4,-0.0,124.5,ASK
424,1712177195.7759602,75059518.53106315,118.5,-2.425529144537989e-07,124.5,ASK
425,1712177195.7792704,75064596.83981045,118.5,-5.204571993201751e-07,124.5,ASK
426,1712177205.4356048,75065078.94605687,118.7,4.9409297322425535e-08,124.5,BID
427,1712177205.4452455,75074865.13282917,118.8,1.0029503153491328e-06,124.5,BID
428,1712177220.1261244,75075080.0097263,118.6,-2.2021943454438333e-08,124.5,ASK
429,1712177220.1304295,75076854.72702587,118.5,-1.818842534553725e-07,124.5,ASK
430,1712177220.1346347,75077169.75620791,118.4,-3.228618304855352e-08,124.5,ASK
431,1712177220.1375573,75077363.29798007,118.5,-1.9835384908803442e-08,124.5,ASK
432,1712177220.1393728,75083081.7546336,118.5,-5.860636055104276e-07,124.5,ASK
433,1712177220.4657416,75083081.7546336,118.5,-0.0,124.5,ASK
434,1712177238.8973885,75083238.50653234,118.5,-1.6059863622597323e-08,124.5,ASK
435,1712177238.8997536,75091048.55992296,118.5,-8.001714387525942e-07,124.5,ASK
436,1712177249.495762,75091131.76649968,118.6,-8.524849047455863e-09,124.5,ASK
437,1712177249.5007954,75091185.54078613,118.5,-5.509392318293393e-09,124.5,ASK
438,1712177250.4564278,75091185.54078613,118.5,-0.0,124.5,ASK
439,1712177252.4061089,75092516.35724182,118.5,-1.363340945702091e-07,124.5,ASK
440,1712177252.4111946,75092591.2383548,118.6,-7.671117000832081e-09,124.5,ASK
441,1712177252.4161274,75094812.63599418,118.5,-2.2756874890582365e-07,124.5,ASK
442,1712177252.525493,75098126.74849375,118.5,3.395107755088825e-07,124.5,BID
443,1712177252.5455017,75103646.5296572,118.5,5.654681860346175e-07,124.5,BID
444,1712177253.5758154,75109164.90844473,118.5,5.653245211056924e-07,124.5,BID
445,1712177257.8555074,75111250.06580481,118.5,2.136117565323173e-07,124.5,BID
446,1712177258.4359388,75112475.93571681,118.5,1.2558295608560744e-07,124.5,BID
447,1712177258.4556434,75112475.93571723,118.5,4.2742946782877284e-17,124.5,BID
448,1712177262.3158913,75113473.8808649,118.5,-1.022334429045647e-07,124.5,ASK
449,1712177262.3204248,75120654.58300929,118.4,-7.356194921138966e-07,124.5,ASK
450,1712177275.5059032,75120715.07754251,118.9,6.19729894270869e-09,124.5,BID
451,1712177280.360036,75120715.07754251,118.9,0.0,124.5,BID
452,1712177310.3179312,75120715.07754251,118.9,0.0,124.5,BID
453,1712177340.4960985,75120715.07754251,118.9,0.0,124.5,BID
454,1712177370.4797316,75120715.07754251,118.9,0.0,124.5,BID
455,1712177400.3377233,75120715.07754251,118.9,0.0,124.5,BID
456,1712177423.436824,75120782.4670872,118.6,-6.905471126921582e-09,124.5,ASK
457,1712177430.3176918,75120782.4670872,118.6,-0.0,124.5,ASK
458,1712177452.2168703,75120842.4670872,118.5,-6.148252377254928e-09,124.5,ASK
459,1712177460.4918945,75120842.4670872,118.5,-0.0,124.5,ASK
460,1712177472.7170897,75121016.7922561,118.4,-1.7863239221280177e-08,124.5,ASK
461,1712177472.7222583,75121434.4569263,118.4,-4.2798432175891774e-08,124.5,ASK
462,1712177490.4847915,75121434.4569263,118.4,-0.0,124.5,ASK
463,1712177515.5866456,75121476.10845396,118.7,4.268034634944692e-09,124.5,BID
464,1712177515.6667063,75121523.51773666,118.5,-4.858032152845001e-09,124.5,ASK
465,1712177520.3170748,75121523.51773666,118.5,-0.0,124.5,ASK
466,1712177550.3469806,75121523.51773666,118.5,-0.0,124.5,ASK
467,1712177564.3370936,75121566.0831375,118.5,-4.3616745561227596e-09,124.5,ASK
468,1712177564.3418665,75121973.42080107,118.5,-4.1739870598100585e-08,124.5,ASK
469,1712177580.4568484,75121973.42080107,118.5,-0.0,124.5,ASK
470,1712177584.1488812,75123624.6763577,118.7,1.692031523069852e-07,124.5,BID
471,1712177584.1534734,75185227.7403411,118.8,6.312428488685472e-06,124.5,BID
472,1712177584.1577697,75186113.7403411,118.9,9.078788098077068e-08,124.5,BID
473,1712177584.159785,75190050.54729791,118.7,4.034022138142042e-07,124.5,BID
474,1712177584.161832,75206580.6019427,119.0,1.6938246429990146e-06,124.5,BID
475,1712177584.1638875,75227204.89194271,118.7,2.1133584490220024e-06,124.5,BID
476,1712177584.165918,75273238.76510811,119.0,4.717062977453863e-06,124.5,BID
477,1712177584.167977,75292996.53525794,118.9,2.024566687142119e-06,124.5,BID
478,1712177584.1701722,75296004.1325177,119.0,3.081866614640791e-07,124.5,BID
479,1712177584.2470207,75323507.93041731,119.0,-2.81829743818257e-06,124.5,ASK
480,1712177584.2512002,75349553.70842355,119.0,-2.668895026729297e-06,124.5,ASK
481,1712177584.2763667,75350588.32170306,119.0,-1.0601619331937561e-07,124.5,ASK
482,1712177584.2872777,75351628.24846742,119.0,-1.0656066287911837e-07,124.5,ASK
483,1712177584.2949743,75364473.61335891,119.0,-1.3162567256478634e-06,124.5,ASK
484,1712177584.3072731,75366499.80300277,119.0,-2.0762242012552977e-07,124.5,ASK
485,1712177584.3267686,75367977.6676739,119.0,-1.5143589375606525e-07,124.5,ASK
486,1712177584.3470993,75369125.69924708,119.1,-1.1763809687099826e-07,124.5,ASK
487,1712177584.3731985,75373445.69924708,119.1,-4.426677718249766e-07,124.5,ASK
488,1712177584.410596,75375462.0646377,119.1,-2.0661573487373854e-07,124.5,ASK
489,1712177584.4470823,75376800.0612197,119.1,-1.3710369575555917e-07,124.5,ASK
490,1712177584.4517484,75377890.1080137,119.1,-1.1169643182493953e-07,124.5,ASK
491,1712177584.467075,75379115.97792672,119.1,-1.2561414419912193e-07,124.5,ASK
492,1712177584.4986734,75381406.74968255,119.1,-2.347339881742161e-07,124.5,ASK
493,1712177584.5515134,75382723.74968255,119.1,-1.349521887716422e-07,124.5,ASK
494,1712177584.555118,75384756.69977355,119.1,-2.0831515903154842e-07,124.5,ASK
495,1712177584.567211,75385592.27724569,119.1,-8.562111522623493e-08,124.5,ASK
496,1712177584.577144,75385810.74386275,119.0,-2.2386141341037145e-08,124.5,ASK
497,1712177584.5908067,75386861.52673686,119.0,-1.0767308184096073e-07,124.5,ASK
498,1712177584.5944118,75387913.18868922,119.0,-1.0776316045485053e-07,124.5,ASK
499,1712177584.606729,75388962.79972729,119.0,-1.0755300451552613e-07,124.5,ASK
500,1712177584.629923,75389965.53002883,119.0,-1.0274916396432882e-07,124.5,ASK
501,1712177584.6335506,75390590.60843192,119.0,-6.405140368281474e-08,124.5,ASK
502,1712177599.3612273,75395514.37142049,118.5,-5.045349979498606e-07,124.5,ASK
503,1712177602.0269444,75395561.78070319,118.9,4.858000355622078e-09,124.5,BID
504,1712177605.3969822,75401449.0809555,118.9,6.032680751755558e-07,124.5,BID
505,1712177610.4770052,75401449.0809555,118.9,0.0,124.5,BID
506,1712177638.7967353,75403216.54065245,118.9,1.8049584595791694e-07,124.5,BID
507,1712177638.80045,75405906.00304113,118.9,2.74652253658049e-07,124.5,BID
508,1712177640.3413956,75405906.00304113,118.9,0.0,124.5,BID
509,1712177657.0602655,75413858.2893234,118.9,8.120564045991633e-07,124.5,BID
510,1712177670.3475173,75413858.2893234,118.9,0.0,124.5,BID
511,1712177700.4583902,75413858.2893234,118.9,0.0,124.5,BID
512,1712177730.497255,75413858.2893234,118.9,0.0,124.5,BID
513,1712177735.55742,75413942.39361271,118.9,8.591088944406812e-09,124.5,BID
514,1712177760.3275127,75413942.39361271,118.9,0.0,124.5,BID
515,1712177790.3079493,75413942.39361271,118.9,0.0,124.5,BID
516,1712177820.3478076,75413942.39361271,118.9,0.0,124.5,BID
517,1712177850.3378098,75413942.39361271,118.9,0.0,124.5,BID
518,1712177880.468029,75413942.39361271,118.9,0.0,124.5,BID
519,1712177910.4677954,75413942.39361271,118.9,0.0,124.5,BID
520,1712177940.3156278,75413942.39361271,118.9,0.0,124.5,BID
521,1712177970.3084097,75413942.39361271,118.9,0.0,124.5,BID
522,1712177990.8717992,75414110.60219134,118.9,1.7182160339094433e-08,124.5,BID
523,1712178000.4207606,75414110.60219134,118.9,0.0,124.5,BID
524,1712178005.2117443,75414308.7796719,118.9,2.0274649312364256e-08,124.5,BID
525,1712178019.148321,75414452.06394438,118.9,1.4658771360845405e-08,124.5,BID
526,1712178027.9248934,75422876.66377589,118.7,-8.618830287634598e-07,124.5,ASK
527,1712178030.328744,75422876.66377589,118.7,-0.0,124.5,ASK
528,1712178053.5184107,75424243.04321244,118.9,1.3977327250787436e-07,124.5,BID
529,1712178053.521402,75435876.66377589,118.9,1.1900568566595573e-06,124.5,BID
530,1712178060.4582298,75435876.66377589,118.9,0.0,124.5,BID
531,1712178090.4786613,75435876.66377589,118.9,0.0,124.5,BID
532,1712178120.3490326,75435876.66377589,118.9,0.0,124.5,BID
533,1712178130.9047654,75436717.29476401,118.8,8.597843732712108e-08,124.5,BID
534,1712178142.660858,75442527.069547,118.8,5.942147792815882e-07,124.5,BID
535,1712178142.6657977,75452592.33685155,118.8,1.029459972751764e-06,124.5,BID
536,1712178150.339092,75452592.33685155,118.8,0.0,124.5,BID
537,1712178180.468526,75452592.33685155,118.8,0.0,124.5,BID
538,1712178190.4692266,75452845.50140852,118.5,-2.588802130353893e-08,124.5,ASK
539,1712178210.468154,75452845.50140852,118.5,-0.0,124.5,ASK
540,1712178233.6473515,75454048.81009535,118.4,-1.2304718215520185e-07,124.5,ASK
541,1712178238.78708,75462308.65599506,118.4,-8.446301220225691e-07,124.5,ASK
542,1712178238.7969222,75462531.05379911,118.4,-2.2741814636091845e-08,124.5,ASK
543,1712178240.338485,75462531.05379911,118.4,-0.0,124.5,ASK
544,1712178243.7774584,75462658.22286081,118.3,-1.3002449112243362e-08,124.5,ASK
545,1712178270.3071306,75462658.22286081,118.3,-0.0,124.5,ASK
546,1712178294.2058203,75462776.07586081,118.3,-1.2049906302618712e-08,124.5,ASK
547,1712178294.9358554,75462818.65596199,118.4,4.3536119533615355e-09,124.5,BID
548,1712178296.416422,75463546.1114996,118.3,-7.437885388933703e-08,124.5,ASK
549,1712178296.745908,75463660.75163507,118.1,-1.17214062524981e-08,124.5,ASK
550,1712178296.7504797,75488257.4213965,118.1,-2.51489199240798e-06,124.5,ASK
551,1712178300.4665604,75488257.4213965,118.1,-0.0,124.5,ASK
552,1712178323.5689795,75488300.18176906,118.1,-4.371918566979038e-09,124.5,ASK
553,1712178323.645034,75494491.40407836,118.1,6.330047692104214e-07,124.5,BID
554,1712178330.48861,75494491.40407836,118.1,0.0,124.5,BID
555,1712178355.1146889,75497405.6729651,118.0,-2.9793910807854814e-07,124.5,ASK
556,1712178355.1341436,75498167.73901081,118.1,-7.790951582798184e-08,124.5,ASK
557,1712178355.1440609,75502574.14610556,118.0,-4.504872579252344e-07,124.5,ASK
558,1712178360.310454,75502574.14610556,118.0,-0.0,124.5,ASK
559,1712178388.218223,75502616.72620673,118.2,4.3527350675344515e-09,124.5,BID
560,1712178390.3438838,75502616.72620673,118.2,0.0,124.5,BID
561,1712178420.347553,75502616.72620673,118.2,0.0,124.5,BID
562,1712178420.8630853,75502660.80404091,118.2,4.505837950035536e-09,124.5,BID
563,1712178428.0228353,75502704.94955698,118.2,4.512756702984878e-09,124.5,BID
564,1712178450.3126318,75502704.94955698,118.2,0.0,124.5,BID
565,1712178463.012173,75503550.97324565,118.0,-8.648432144774845e-08,124.5,ASK
566,1712178471.1539495,75505384.2735755,118.0,-1.874081508112889e-07,124.5,ASK
567,1712178471.1599298,75509617.32654054,118.0,-4.327215871556679e-07,124.5,ASK
568,1712178471.1640298,75539664.75973313,118.0,-3.071582871373161e-06,124.5,ASK
569,1712178471.1680143,75544107.06481786,118.0,-4.541122737583953e-07,124.5,ASK
570,1712178471.2758818,75545207.06481786,118.0,-1.1244691474494161e-07,124.5,ASK
571,1712178471.281056,75593557.29225074,118.0,-4.942576274584761e-06,124.5,ASK
572,1712178471.285378,75593639.8472437,118.0,-8.439140231835505e-09,124.5,ASK
573,1712178471.287693,75604093.85571785,118.0,-1.06865545421486e-06,124.5,ASK
574,1712178471.372758,75613979.08453181,118.0,-1.0105122560706632e-06,124.5,ASK
575,1712178471.3777254,75614179.08453181,118.0,-2.0444893589989385e-08,124.5,ASK
576,1712178471.38178,75614229.08453181,118.0,-5.1112233974973455e-09,124.5,ASK
577,1712178471.384097,75632860.39106837,118.0,-1.9045753979117329e-06,124.5,ASK
578,1712178475.4920433,75632911.1115843,117.9,-5.1848777557670764e-09,124.5,ASK
579,1712178480.4617317,75632911.1115843,117.9,-0.0,124.5,ASK
580,1712178483.3522384,75641342.15527532,117.9,-8.605074342988276e-07,124.5,ASK
581,1712178483.3574722,75643315.93528521,117.9,-2.014522085796739e-07,124.5,ASK
582,1712178486.5218074,75643737.14837891,118.1,4.299076269023214e-08,124.5,BID
583,1712178493.271423,75643785.29858027,117.8,-4.914410096350794e-09,124.5,ASK
584,1712178493.2813263,75643785.29858027,117.9,-0.0,124.5,ASK
585,1712178510.4702632,75643785.29858027,117.9,-0.0,124.5,ASK
586,1712178540.3149743,75643785.29858027,117.9,-0.0,124.5,ASK
587,1712178570.3277264,75643785.29858027,117.9,-0.0,124.5,ASK
588,1712178580.210354,75644633.47500096,117.9,-8.655709117786503e-08,124.5,ASK
589,1712178580.2157023,75649672.59883259,117.8,-5.142466712253141e-07,124.5,ASK
590,1712178581.2200005,75649755.59883259,118.1,8.470217271461e-09,124.5,BID
591,1712178581.3599503,75649869.3134812,118.1,-1.1604672055747573e-08,124.5,ASK
592,1712178587.7700806,75655796.49383682,118.1,6.048735592682576e-07,124.5,BID
593,1712178600.323264,75655796.49383682,118.1,0.0,124.5,BID
594,1712178602.8296256,75656183.36755694,118.2,3.9537718328511216e-08,124.5,BID
595,1712178609.6598866,75656232.54128575,118.0,-5.025456467237914e-09,124.5,ASK
596,1712178609.6651025,75665699.04128575,118.0,-9.674573151066829e-07,124.5,ASK
597,1712178609.6707537,75666134.28964037,118.0,-4.448150895888132e-08,124.5,ASK
598,1712178609.6732538,75666183.36755694,118.1,-5.0156646493485074e-09,124.5,ASK
599,1712178611.2340512,75666752.07491314,118.3,5.8120751271357584e-08,124.5,BID
600,1712178618.9399283,75666803.18724422,118.4,5.22357773126709e-09,124.5,BID
601,1712178627.0797873,75666803.18724424,118.1,-1.5228687900038817e-18,124.5,ASK
602,1712178627.085427,75671033.30568755,118.2,-4.323096214808225e-07,124.5,ASK
603,1712178630.3197448,75671033.30568755,118.2,-0.0,124.5,ASK
604,1712178640.109441,75671077.3394428,118.4,4.499334227942617e-09,124.5,BID
605,1712178655.119446,75673484.06722409,118.4,2.45917538040491e-07,124.5,BID
606,1712178655.1254334,75675300.31241578,118.4,1.855824948268098e-07,124.5,BID
607,1712178660.3189814,75675300.31241578,118.4,0.0,124.5,BID
608,1712178662.0389454,75676144.06283785,118.4,8.620929936971548e-08,124.5,BID
609,1712178690.3205,75676144.06283785,118.4,0.0,124.5,BID
610,1712178694.8083117,75676187.91157734,118.6,4.4801524553858714e-09,124.5,BID
611,1712178720.4688764,75676187.91157734,118.6,0.0,124.5,BID
612,1712178738.9880033,75677979.40530376,118.6,1.83041994956199e-07,124.5,BID
613,1712178738.992417,75678055.51697364,118.5,7.776545175358332e-09,124.5,BID
614,1712178745.0282414,75678490.76532824,118.6,4.447055881490654e-08,124.5,BID
615,1712178750.486073,75678490.76532824,118.6,0.0,124.5,BID
616,1712178750.7478497,75680058.05763146,118.5,-1.60130231325739e-07,124.5,ASK
617,1712178750.7530408,75680142.44581711,118.5,-8.621939673635712e-09,124.5,ASK
618,1712178750.8478923,75683336.07386586,118.5,3.262929302746338e-07,124.5,BID
619,1712178752.3279052,75683411.35704422,118.3,-7.69168121405554e-09,124.5,ASK
620,1712178752.3375971,75684966.07127383,118.2,-1.5884512973236878e-07,124.5,ASK
621,1712178753.868106,75686021.33075932,118.2,-1.0781584594781324e-07,124.5,ASK
622,1712178763.4507132,75686863.08160105,118.8,8.600167098956032e-08,124.5,BID
623,1712178770.7775729,75691782.3643839,118.8,5.026030488102447e-07,124.5,BID
624,1712178779.193349,75692624.11522566,118.8,8.600167099108278e-08,124.5,BID
625,1712178780.318121,75692624.11522566,118.8,0.0,124.5,BID
626,1712178785.817716,75695419.98935513,118.3,-2.856055124979801e-07,124.5,ASK
627,1712178805.2472243,75700576.40150794,118.3,-5.267403564521807e-07,124.5,ASK
628,1712178805.2527816,75709204.19323356,118.3,-8.813504340358691e-07,124.5,ASK
629,1712178805.2582104,75709614.21860997,118.4,-4.188511440197697e-08,124.5,ASK
630,1712178810.323646,75709614.21860997,118.4,-0.0,124.5,ASK
631,1712178840.1670518,75709659.59835681,118.5,-4.634702659061976e-09,124.5,ASK
632,1712178840.1697545,75710504.1929514,118.4,-8.625973228091748e-08,124.5,ASK
633,1712178840.1737423,75711244.21860997,118.4,-7.557994758591086e-08,124.5,ASK
634,1712178840.4567432,75711244.21860997,118.4,-0.0,124.5,ASK
635,1712178847.226828,75711312.09537084,118.6,6.932220324271465e-09,124.5,BID
636,1712178849.6314404,75711380.15444256,118.5,-6.950839641981067e-09,124.5,ASK
637,1712178849.697939,75711484.72337858,118.4,-1.0679574191117373e-08,124.5,ASK
638,1712178849.70249,75719332.44071488,118.4,-8.014835257362053e-07,124.5,ASK
639,1712178870.4563336,75719332.44071488,118.4,-0.0,124.5,ASK
640,1712178880.28627,75720343.38164315,118.4,-1.032368044128257e-07,124.5,ASK
641,1712178887.8253667,75728552.88693193,118.4,-8.383507563374361e-07,124.5,ASK
642,1712178890.8463502,75734537.610898,118.4,6.11157151002601e-07,124.5,BID
643,1712178897.0261366,75738446.39253575,118.3,-3.991629126347645e-07,124.5,ASK
644,1712178900.3487008,75738446.39253575,118.3,-0.0,124.5,ASK
645,1712178920.6762283,75738490.31509466,118.7,4.48459724692917e-09,124.5,BID
646,1712178930.315871,75738490.31509466,118.7,0.0,124.5,BID
647,1712178946.675255,75738534.38604061,118.4,-4.499745518644558e-09,124.5,ASK
648,1712178956.466528,75738576.58013342,118.5,4.308114472020269e-09,124.5,BID
649,1712178960.4454343,75738576.58013342,118.5,0.0,124.5,BID
650,1712178988.5462017,75739377.41783394,118.3,-8.176729627612847e-08,124.5,ASK
651,1712178988.555958,75739421.52603343,118.3,-4.503544493163974e-09,124.5,ASK
652,1712178988.5650742,75739465.99687053,118.3,-4.540570593229901e-09,124.5,ASK
653,1712178988.64541,75741734.79382484,118.2,-2.316491751492516e-07,124.5,ASK
654,1712178988.655357,75746545.40036587,118.2,-4.911735424736639e-07,124.5,ASK
655,1712178988.7540612,75751126.68871404,118.2,4.67759648989654e-07,124.5,BID
656,1712178990.4357069,75751126.68871404,118.2,0.0,124.5,BID
657,1712179001.8951218,75751221.49148133,118.3,9.67810578238811e-09,124.5,BID
658,1712179001.9552052,75754497.68663819,118.3,-3.344560944541217e-07,124.5,ASK
659,1712179011.5353272,75754554.62567289,118.1,-5.812720627469763e-09,124.5,ASK
660,1712179011.5399811,75759564.56792527,118.1,-5.11448689393667e-07,124.5,ASK
661,1712179020.3150272,75759564.56792527,118.1,-0.0,124.5,ASK
662,1712179033.5757773,75764084.3129452,118.1,-4.6135908409399e-07,124.5,ASK
663,1712179050.3250935,75764084.3129452,118.1,-0.0,124.5,ASK
664,1712179080.464713,75764084.3129452,118.1,-0.0,124.5,ASK
665,1712179110.4442768,75764084.3129452,118.1,-0.0,124.5,ASK
666,1712179140.3077168,75764084.3129452,118.1,-0.0,124.5,ASK
667,1712179143.484675,75764253.66095535,118.1,-1.7285485287449665e-08,124.5,ASK
668,1712179143.4905083,75764858.41950141,118.1,-6.17281829344423e-08,124.5,ASK
669,1712179143.4963164,75764914.48284028,118.2,-5.722429324261432e-09,124.5,ASK
670,1712179143.498943,75765429.89396799,118.1,-5.260842130263895e-08,124.5,ASK
671,1712179170.3166318,75765429.89396799,118.1,-0.0,124.5,ASK
672,1712179178.5039074,75765472.85195117,118.8,4.384684183244389e-09,124.5,BID
673,1712179200.3363452,75765472.85195117,118.8,0.0,124.5,BID
674,1712179204.063892,75765557.1689832,118.6,8.608251768374237e-09,124.5,BID
675,1712179224.5337188,75765600.34465888,118.4,-4.407971645749823e-09,124.5,ASK
676,1712179230.3038635,75765600.34465888,118.4,-0.0,124.5,ASK
677,1712179233.3036776,75765837.56570706,118.3,-2.421877653308277e-08,124.5,ASK
678,1712179236.433642,75774283.511653,118.4,8.622779430744695e-07,124.5,BID
679,1712179260.463373,75774283.511653,118.4,0.0,124.5,BID
680,1712179290.463115,75774283.511653,118.4,0.0,124.5,BID
681,1712179294.7831542,75774343.43938795,118.2,-6.117602603593529e-09,124.5,ASK
682,1712179294.8430946,75780546.64795794,118.2,6.332421029361896e-07,124.5,BID
683,1712179294.8630502,75780546.64795889,118.2,9.735392947434552e-17,124.5,BID
684,1712179299.766779,75782060.70201296,118.4,1.545591708450195e-07,124.5,BID
685,1712179314.8466802,75786280.11129566,118.5,4.307299322888712e-07,124.5,BID
686,1712179315.2630887,75788060.70201296,118.5,1.81768031426077e-07,124.5,BID
687,1712179320.3129158,75788060.70201296,118.5,0.0,124.5,BID
688,1712179336.0530808,75788660.70201296,118.6,6.123960284781461e-08,124.5,BID
689,1712179336.0628111,75794660.70201296,118.6,6.12396028478146e-07,124.5,BID
690,1712179350.3270082,75794660.70201296,118.6,0.0,124.5,BID
691,1712179370.1128151,75794703.6239273,118.9,4.3805183390879285e-09,124.5,BID
692,1712179380.3452568,75794703.6239273,118.9,0.0,124.5,BID
693,1712179390.3731537,75796465.55466926,118.6,-1.798187715127512e-07,124.5,ASK
694,1712179391.6730294,75798988.68334882,118.9,2.575049567615966e-07,124.5,BID
695,1712179392.3823586,75801518.19431002,118.6,-2.581563183717445e-07,124.5,ASK
696,1712179399.9627972,75801561.08021607,118.9,4.37684112988483e-09,124.5,BID
697,1712179407.3123813,75801604.1467704,118.7,-4.395277697271706e-09,124.5,ASK
698,1712179407.315965,75803290.45821607,118.7,-1.721012326566598e-07,124.5,ASK
699,1712179410.3253138,75803290.45821607,118.7,-0.0,124.5,ASK
700,1712179413.882417,75816527.51624802,118.9,1.3508044664079564e-06,124.5,BID
701,1712179425.6900496,75816527.54544315,118.7,-2.979280723286657e-12,124.5,ASK
702,1712179425.6950498,75819093.13714103,118.7,-2.6181140221040324e-07,124.5,ASK
703,1712179425.6995933,75819768.51624802,118.7,-6.892053445941098e-08,124.5,ASK
704,1712179428.9723487,75822954.0190612,118.6,-3.250715844417588e-07,124.5,ASK
705,1712179428.982036,75823946.06724599,118.7,-1.0123572138777372e-07,124.5,ASK
706,1712179438.912379,75823988.28029305,118.9,4.3077224839685396e-09,124.5,BID
707,1712179440.4422226,75823988.28029305,118.9,0.0,124.5,BID
708,1712179441.723693,75824072.38458236,118.9,8.580452419153829e-09,124.5,BID
709,1712179449.512471,75826595.43802802,118.6,-2.574058971261031e-07,124.5,ASK
710,1712179449.5188224,75826638.50458236,118.7,-4.393717887535784e-09,124.5,ASK
711,1712179460.5131075,75827144.95571968,118.7,5.166894485571277e-08,124.5,BID
712,1712179468.5619326,75827144.95775767,118.6,-2.079186638134204e-13,124.5,ASK
713,1712179470.062146,75827316.07083783,118.5,-1.745722667267949e-08,124.5,ASK
714,1712179470.4720883,75827316.07083783,118.5,-0.0,124.5,ASK
715,1712179500.3120134,75827316.07083783,118.5,-0.0,124.5,ASK
716,1712179516.597622,75833261.3720103,118.6,6.097639564922049e-07,124.5,BID
717,1712179530.32579,75833261.3720103,118.6,0.0,124.5,BID
718,1712179552.0471554,75833415.49532111,118.4,-1.5806103204320198e-08,124.5,ASK
719,1712179552.0521889,75833839.88440698,118.4,-4.3523187083785854e-08,124.5,ASK
720,1712179557.9417734,75834344.93491204,118.8,5.179541215836916e-08,124.5,BID
721,1712179560.4525952,75834344.93491204,118.8,0.0,124.5,BID
722,1712179590.4514763,75834344.93491204,118.8,0.0,124.5,BID
723,1712179616.531573,75835307.36426722,118.4,-9.870056108093725e-08,124.5,ASK
724,1712179620.3114266,75835307.36426722,118.4,-0.0,124.5,ASK
725,1712179650.3140996,75835307.36426722,118.4,-0.0,124.5,ASK
726,1712179662.6815908,75859437.36426722,118.5,-2.474588596198944e-06,124.5,ASK
727,1712179662.6879306,75926821.11905213,118.4,-6.910363496055075e-06,124.5,ASK
728,1712179662.6932008,75928434.30061106,118.4,-1.6543558596533465e-07,124.5,ASK
729,1712179679.8452263,75929275.34350425,118.9,8.625093876472299e-08,124.5,BID
730,1712179680.4415233,75929275.34350425,118.9,0.0,124.5,BID
731,1712179710.441086,75929275.34350425,118.9,0.0,124.5,BID
732,1712179712.12156,75953405.34350425,118.8,2.471767645407199e-06,124.5,BID
733,1712179712.128261,75954506.64712073,118.9,1.1281254235320461e-07,124.5,BID
734,1712179737.6909423,75971327.50498448,118.8,1.7230523098060702e-06,124.5,BID
735,1712179740.3047514,75971327.50498448,118.8,0.0,124.5,BID
736,1712179746.2707856,75971832.55548956,118.8,5.1708618418046964e-08,124.5,BID
737,1712179770.3044746,75971832.55548956,118.8,0.0,124.5,BID
738,1712179786.690941,75972674.3063313,118.8,-8.618050128775596e-08,124.5,ASK
739,1712179800.4169676,75972674.3063313,118.8,-0.0,124.5,ASK
740,1712179830.3102798,75972674.3063313,118.8,-0.0,124.5,ASK
741,1712179860.460208,75972674.3063313,118.8,-0.0,124.5,ASK
742,1712179864.398533,75972774.3063313,118.9,1.0275131165155829e-08,124.5,BID
743,1712179871.078751,75973615.3492245,118.9,8.641826043010467e-08,124.5,BID
744,1712179878.9601374,75974120.39972958,118.9,5.1894601847948614e-08,124.5,BID
745,1712179879.0402565,75974174.3063313,118.9,5.538974034128313e-09,124.5,BID
746,1712179879.0468085,75974223.7139313,118.9,5.076695705606977e-09,124.5,BID
747,1712179890.430175,75974223.7139313,118.9,0.0,124.5,BID
748,1712179903.8507378,75974325.1549632,119.0,1.0423001781502909e-08,124.5,BID
749,1712179903.857527,75981634.1549632,119.0,7.50995121037615e-07,124.5,BID
750,1712179920.304964,75981634.1549632,119.0,0.0,124.5,BID
751,1712179922.5604167,75989586.44123551,119.0,-8.170183490930663e-07,124.5,ASK
752,1712179940.960094,75990484.50157541,119.0,-9.22667709842793e-08,124.5,ASK
753,1712179941.8059156,75991284.50157541,119.0,-8.21920460220052e-08,124.5,ASK
754,1712179950.3197944,75991284.50157541,119.0,-0.0,124.5,ASK
755,1712179966.4742885,75998440.87765227,119.0,-7.351597514265652e-07,124.5,ASK
756,1712179966.4808767,75998524.91125141,119.0,-8.632598285842181e-09,124.5,ASK
757,1712179966.553416,75998524.91125228,119.0,-8.878440188323462e-17,124.5,ASK
758,1712179980.350041,75998524.91125228,119.0,-0.0,124.5,ASK
759,1712180004.4498324,76000287.13309973,119.1,1.8101339335810724e-07,124.5,BID
760,1712180004.4558134,76001883.43350247,119.1,1.6397013414272186e-07,124.5,BID
761,1712180010.3236375,76001883.43350247,119.1,0.0,124.5,BID
762,1712180023.2140968,76002035.50765066,118.9,-1.5620239107320722e-08,124.5,ASK
763,1712180040.479395,76002035.50765066,118.9,-0.0,124.5,ASK
764,1712180070.4492252,76002035.50765066,118.9,-0.0,124.5,ASK
765,1712180099.34935,76009987.79392298,119.2,8.168145855098209e-07,124.5,BID
766,1712180100.279234,76009987.79392298,119.2,0.0,124.5,BID
767,1712180117.7765098,76011487.79392298,119.3,1.5444016555346505e-07,124.5,BID
768,1712180117.7831645,76011571.82752296,119.3,8.652108729428421e-09,124.5,BID
769,1712180117.786443,76012499.5541912,119.3,9.551884015409338e-08,124.5,BID
770,1712180130.302505,76012499.5541912,119.3,0.0,124.5,BID
771,1712180142.2894063,76012582.61066961,119.4,8.551240358567081e-09,124.5,BID
772,1712180153.8026178,76013085.12323242,119.4,5.1737152718391695e-08,124.5,BID
773,1712180160.3653631,76013085.12323242,119.4,0.0,124.5,BID
774,1712180190.319153,76013085.12323242,119.4,0.0,124.5,BID
775,1712180215.6196375,76024159.30272429,119.3,1.14015535871961e-06,124.5,BID
776,1712180215.6263,76038210.75137313,119.4,1.4466836560235211e-06,124.5,BID
777,1712180220.4430494,76038210.75137313,119.4,0.0,124.5,BID
778,1712180247.5292823,76038257.91587313,119.3,4.854378542970864e-09,124.5,BID
779,1712180247.5378492,76044536.55818307,119.4,6.462255830049521e-07,124.5,BID
780,1712180247.6492004,76045546.55818307,119.4,-1.0395365854824813e-07,124.5,ASK
781,1712180248.4426942,76047882.19618307,119.4,-2.403941734098552e-07,124.5,ASK
782,1712180250.4591906,76047882.19618307,119.4,-0.0,124.5,ASK
783,1712180251.0091977,76048873.36006983,119.4,-1.0200283921897949e-07,124.5,ASK
784,1712180251.0292692,76049863.93948834,119.4,-1.0194269031598613e-07,124.5,ASK
785,1712180251.1689608,76050892.93948834,119.4,-1.0589663622621464e-07,124.5,ASK
786,1712180252.0492513,76050976.6214967,119.5,8.611898152689127e-09,124.5,BID
787,1712180252.489179,76051019.3639716,119.5,4.398721395291851e-09,124.5,BID
788,1712180253.0091715,76054234.52397162,119.4,-3.308791340430277e-07,124.5,ASK
789,1712180254.379259,76055098.52397162,119.4,-8.891612604416855e-08,124.5,ASK
790,1712180255.3999064,76055101.63520257,119.4,-3.2018356910337675e-10,124.5,ASK
791,1712180255.4155853,76055930.83097161,119.4,-8.533434666135403e-08,124.5,ASK
792,1712180256.2791142,76055973.57344653,119.5,4.398721396825362e-09,124.5,BID
793,1712180261.3415625,76055974.37767749,119.4,-8.276516348380695e-11,124.5,ASK
794,1712180280.3103144,76055974.37767749,119.4,-0.0,124.5,ASK
795,1712180310.309189,76055974.37767749,119.4,-0.0,124.5,ASK
796,1712180340.4552646,76055974.37767749,119.4,-0.0,124.5,ASK
797,1712180370.4670646,76055974.37767749,119.4,-0.0,124.5,ASK
798,1712180400.3687408,76055974.37767749,119.4,-0.0,124.5,ASK
799,1712180430.3340752,76055974.37767749,119.4,-0.0,124.5,ASK
800,1712180460.454686,76055974.37767749,119.4,-0.0,124.5,ASK
801,1712180490.464955,76055974.37767749,119.4,-0.0,124.5,ASK
802,1712180510.0886493,76056555.52684908,119.3,5.9965948704101e-08,124.5,BID
803,1712180510.0955238,76057546.83157521,119.3,1.02287900015493e-07,124.5,BID
804,1712180520.328642,76057546.83157521,119.3,0.0,124.5,BID
805,1712180550.3262348,76057546.83157521,119.3,0.0,124.5,BID
806,1712180580.4668877,76057546.83157521,119.3,0.0,124.5,BID
807,1712180610.457236,76057546.83157521,119.3,0.0,124.5,BID
808,1712180636.4776351,76059223.27750982,119.2,1.7298093145556849e-07,124.5,BID
809,1712180640.3299515,76059223.27750982,119.2,0.0,124.5,BID
810,1712180663.248153,76059288.63183391,119.1,-6.743324388918903e-09,124.5,ASK
811,1712180663.2523332,76064024.15364681,119.1,-4.886158671373899e-07,124.5,ASK
812,1712180670.2982504,76064024.15364681,119.1,-0.0,124.5,ASK
813,1712180681.9432657,76095291.9265247,119.1,3.226049685471199e-06,124.5,BID
814,1712180700.3296034,76095291.9265247,119.1,0.0,124.5,BID
815,1712180730.3125238,76095291.9265247,119.1,0.0,124.5,BID
816,1712180741.0889988,76095473.58426315,119.1,-1.8736209139230253e-08,124.5,ASK
817,1712180741.1392252,76107651.96351515,119.1,1.256080046976362e-06,124.5,BID
818,1712180741.1491897,76107651.9635158,119.1,6.762396194624529e-17,124.5,BID
819,1712180754.1494603,76111007.66821378,119.2,3.46107936652292e-07,124.5,BID
820,1712180760.4504788,76111007.66821378,119.2,0.0,124.5,BID
821,1712180764.2108912,76117313.66348115,119.4,6.502758335344233e-07,124.5,BID
822,1712180764.2174015,76117516.54554492,120.0,2.0921249943546306e-08,124.5,BID
823,1712180764.222833,76134256.54554492,119.8,1.726233051538759e-06,124.5,BID
824,1712180764.2265432,76134299.81673136,119.8,4.462135735607291e-09,124.5,BID
825,1712180764.2302706,76138282.60868783,119.2,4.107065180800612e-07,124.5,BID
826,1712180764.2340271,76160583.8639218,120.0,2.299711103684969e-06,124.5,BID
827,1712180764.2377682,76177023.8639218,119.6,1.695296975346308e-06,124.5,BID
828,1712180764.2415314,76194483.8639218,119.7,1.800479634400641e-06,124.5,BID
829,1712180781.5695856,76194526.8639218,119.4,4.434170920917959e-09,124.5,BID
830,1712180783.3893502,76194569.8639218,119.4,4.434170920917959e-09,124.5,BID
831,1712180790.4598606,76194569.8639218,119.4,0.0,124.5,BID
832,1712180798.2708702,76194612.8639218,119.3,-4.429600697550317e-09,124.5,ASK
833,1712180798.281086,76196468.8639218,119.3,-1.9119392778263693e-07,124.5,ASK
834,1712180798.589636,76198959.4949218,119.3,-2.5656978639368137e-07,124.5,ASK
835,1712180809.5714798,76203308.2860224,119.3,-4.47986234713497e-07,124.5,ASK
836,1712180809.5770617,76203308.4949218,119.3,-2.1519557347879608e-11,124.5,ASK
837,1712180815.3703532,76203419.5259218,119.3,-1.1437744071255038e-08,124.5,ASK
838,1712180820.3300607,76203419.5259218,119.3,-0.0,124.5,ASK
839,1712180821.5499277,76206004.87392181,119.3,-2.662979983899024e-07,124.5,ASK
840,1712180825.6804476,76207270.87392181,119.3,-1.3040150338019445e-07,124.5,ASK
841,1712180835.2449298,76207334.91320145,119.3,-6.596223017696908e-09,124.5,ASK
842,1712180835.3432736,76215223.16019411,119.3,8.125112692555246e-07,124.5,BID
843,1712180850.06421,76216878.5302962,119.3,1.705077013929733e-07,124.5,BID
844,1712180850.070732,76220495.30727054,119.3,3.725380370017344e-07,124.5,BID
845,1712180850.0741012,76228460.21822608,119.3,8.204078695820968e-07,124.5,BID
846,1712180850.3130584,76228460.21822608,119.3,0.0,124.5,BID
847,1712180872.2616184,76229301.96906783,119.0,-8.667599535755363e-08,124.5,ASK
848,1712180872.2698808,76238810.47915184,119.0,-9.791015761677393e-07,124.5,ASK
849,1712180872.2762563,76253052.62759902,119.1,-1.4665294425125355e-06,124.5,ASK
850,1712180872.2799733,76253429.42664173,119.0,-3.8799405307717774e-08,124.5,ASK
851,1712180880.4530294,76253429.42664173,119.0,-0.0,124.5,ASK
852,1712180910.470808,76253429.42664173,119.0,-0.0,124.5,ASK
853,1712180910.491037,76253956.0092636,119.2,-5.420618962634976e-08,124.5,ASK
854,1712180940.3219051,76253956.0092636,119.2,-0.0,124.5,ASK
855,1712180941.3411834,76254039.62130374,119.6,8.606931998042924e-09,124.5,BID
856,1712180941.36144,76254875.74170506,119.6,8.606931998042923e-08,124.5,BID
857,1712180970.3024712,76254875.74170506,119.6,0.0,124.5,BID
858,1712181000.4273028,76254875.74170506,119.6,0.0,124.5,BID
859,1712181030.3132124,76254875.74170506,119.6,0.0,124.5,BID
860,1712181032.7319033,76255402.74170506,119.7,5.43732843278978e-08,124.5,BID
861,1712181032.8518577,76268228.02820507,119.7,-1.323250378466082e-06,124.5,ASK
862,1712181032.8917456,76268903.04329236,119.7,-6.964475762225206e-08,124.5,ASK
863,1712181033.1521585,76276698.04329236,119.3,-8.042500025350348e-07,124.5,ASK
864,1712181033.1600125,76282403.34479237,119.3,-5.886451245470401e-07,124.5,ASK
865,1712181053.0419853,76299167.80413856,119.4,-1.7296749803299386e-06,124.5,ASK
866,1712181060.4520266,76299167.80413856,119.4,-0.0,124.5,ASK
867,1712181087.582279,76299210.54661345,119.5,4.407553427918235e-09,124.5,BID
868,1712181089.7274094,76299253.18214306,119.5,4.396525356058196e-09,124.5,BID
869,1712181090.432221,76299253.18214306,119.5,0.0,124.5,BID
870,1712181092.0523143,76299295.96038572,119.5,4.411237116390306e-09,124.5,BID
871,1712181093.022406,76300226.44961725,119.5,9.5950847417727e-08,124.5,BID
872,1712181093.0330217,76301542.94515803,119.6,1.3575531933076873e-07,124.5,BID
1073,1712181094.3877048,76301585.54515804,119.6,4.3928569642292344e-09,124.5,BID
873,1712181094.3877048,76301585.54515804,119.6,4.392856964229234e-09,124.5,BID
874,1712181095.8723006,76301628.18068764,119.6,4.396520728997478e-09,124.5,BID
875,1712181096.692331,76301747.80802707,119.6,1.2335816691323994e-08,124.5,BID
876,1712181096.7324128,76303059.16205408,119.6,-1.3522513307233312e-07,124.5,ASK
877,1712181096.932475,76303128.18068764,119.6,-7.117112324627406e-09,124.5,ASK
878,1712181098.099829,76303170.85180616,119.6,4.400190613997683e-09,124.5,BID
879,1712181099.8916974,76303213.48733577,119.6,4.396520730534067e-09,124.5,BID
880,1712181099.96251,76304465.91775776,119.6,1.2914900704954048e-07,124.5,BID
881,1712181101.4126348,76304508.55328764,119.6,4.3965207581926605e-09,124.5,BID
882,1712181115.033044,76304551.15328763,119.8,4.392856962692645e-09,124.5,BID
883,1712181117.105598,76304593.75328764,119.8,4.392856964229234e-09,124.5,BID
1083,1712181117.105598,76304593.75328764,119.8,4.3928569642292344e-09,124.5,BID
884,1712181120.3425944,76304593.75328764,119.8,0.0,124.5,BID
885,1712181120.8828216,76304636.35328764,119.8,4.392567681488373e-09,124.5,BID
886,1712181122.5457366,76304678.95328765,119.8,4.39256768302486e-09,124.5,BID
887,1712181124.8325374,76304721.44705322,119.8,4.381613647120891e-09,124.5,BID
888,1712181134.4227135,76305556.17159411,119.8,8.607004792883604e-08,124.5,BID
889,1712181137.352646,76306051.15328763,119.8,5.103851150689118e-08,124.5,BID
890,1712181137.4789596,76308271.97334065,119.8,-2.289930139113405e-07,124.5,ASK
891,1712181137.5527003,76319557.75177231,119.8,-1.163698253669564e-06,124.5,ASK
892,1712181141.5328732,76319600.21024407,119.8,4.377974433923309e-09,124.5,BID
893,1712181150.4951053,76319600.21024407,119.8,0.0,124.5,BID
894,1712181177.4730012,76319642.77477361,119.9,4.388096825024756e-09,124.5,BID
895,1712181177.9029431,76340430.50024407,119.9,2.143064968088405e-06,124.5,BID
896,1712181177.9631193,76350751.74213807,119.9,-1.0640457976824385e-06,124.5,ASK
897,1712181177.9701338,76352446.74213807,119.9,-1.7474230771773805e-07,124.5,ASK
898,1712181178.005738,76354189.39708185,119.9,-1.796551896352135e-07,124.5,ASK
899,1712181178.1907375,76355107.39708185,119.9,-9.463919674624397e-08,124.5,ASK
900,1712181178.3028889,76356355.39708185,119.9,-1.286598230275735e-07,124.5,ASK
901,1712181178.3636253,76365850.87172598,119.9,-9.789151340351528e-07,124.5,ASK
902,1712181179.542874,76365893.36549155,119.9,4.380801569710513e-09,124.5,BID
903,1712181180.452863,76365893.36549155,119.9,0.0,124.5,BID
904,1712181186.2731445,76365935.82396331,120.0,4.3746597557152524e-09,124.5,BID
905,1712181186.3728385,76367393.36549155,120.0,1.5017611330652065e-07,124.5,BID
906,1712181186.453128,76369719.36549155,120.0,-2.396567320951738e-07,124.5,ASK
907,1712181186.5595095,76373930.36549155,120.0,-4.338755369100504e-07,124.5,ASK
908,1712181186.7980669,76375280.43735453,120.0,-1.391031000754959e-07,124.5,ASK
909,1712181187.4606287,76377174.43735453,120.0,-1.9514610945324986e-07,124.5,ASK
910,1712181189.264809,76377216.93112013,120.2,4.378296215105279e-09,124.5,BID
911,1712181197.6132238,76377259.4248857,120.2,4.378296213569955e-09,124.5,BID
912,1712181210.4632325,76377259.4248857,120.2,0.0,124.5,BID
913,1712181240.3468244,76377259.4248857,120.2,0.0,124.5,BID
914,1712181259.3134067,76385759.4248857,120.2,8.756646547527746e-07,124.5,BID
915,1712181270.3234022,76385759.4248857,120.2,0.0,124.5,BID
916,1712181282.5538228,76385880.8631857,120.1,1.2509180646615784e-08,124.5,BID
917,1712181282.5615213,76385947.8631857,120.2,6.9015714427214205e-09,124.5,BID
918,1712181282.5667963,76386140.61532208,120.2,1.9855114029256212e-08,124.5,BID
1118,1712181282.5667963,76386140.61532208,120.2,1.985511402925621e-08,124.5,BID
919,1712181285.3235736,76386182.45239606,120.2,4.309575448351515e-09,124.5,BID
920,1712181285.9262912,76387014.39915147,120.2,8.569761147756953e-08,124.5,BID
921,1712181287.8536086,76387056.20147705,120.2,4.305996066245044e-09,124.5,BID
922,1712181300.38876,76387056.20147705,120.2,0.0,124.5,BID
923,1712181330.3141675,76387056.20147705,120.2,0.0,124.5,BID
924,1712181332.6336308,76387305.78550367,120.2,2.5732167089031443e-08,124.5,BID
925,1712181346.5502164,76391465.5192807,120.2,4.288694514874421e-07,124.5,BID
926,1712181360.4637642,76391465.5192807,120.2,0.0,124.5,BID
927,1712181368.3951733,76391565.82186835,119.8,-1.0340653419687322e-08,124.5,ASK
928,1712181368.401304,76391723.42277488,119.8,-1.6247799696985712e-08,124.5,ASK
929,1712181375.1639707,76391765.22510046,120.2,4.309593312401373e-09,124.5,BID
1129,1712181375.1639707,76391765.22510046,120.2,4.3095933124013734e-09,124.5,BID
930,1712181390.4911144,76391765.22510046,120.2,0.0,124.5,BID
931,1712181420.3071315,76391765.22510046,120.2,0.0,124.5,BID
932,1712181424.224117,76394261.06536669,120.2,2.573066579178668e-07,124.5,BID
933,1712181441.5642517,76395002.20336668,120.0,-7.640702989509459e-08,124.5,ASK
934,1712181445.4941723,76395790.01536667,120.0,-8.121884862920042e-08,124.5,ASK
935,1712181449.7739215,76395831.71379252,120.2,4.298865892829097e-09,124.5,BID
936,1712181450.3044436,76395831.71379252,120.2,0.0,124.5,BID
937,1712181457.694202,76395873.17178263,120.2,4.273863130785594e-09,124.5,BID
938,1712181473.274282,76397118.7660651,120.0,-1.2840708065407637e-07,124.5,ASK
939,1712181475.7785723,76397160.60313909,120.2,4.312942511600797e-09,124.5,BID
940,1712181480.0542872,76397202.09530726,120.2,4.2773865134705395e-09,124.5,BID
941,1712181480.4642797,76397202.09530726,120.2,0.0,124.5,BID
942,1712181488.4669387,76397243.45110019,120.2,4.263255440176118e-09,124.5,BID
943,1712181493.284376,76413882.38620834,120.2,1.7152622547373843e-06,124.5,BID
944,1712181502.9143505,76413923.84419845,120.2,4.2737906681281315e-09,124.5,BID
945,1712181510.4643414,76413923.84419845,120.2,0.0,124.5,BID
946,1712181522.5760005,76413965.33636662,120.2,4.27642791232056e-09,124.5,BID
947,1712181522.7043943,76414131.7257177,120.2,1.7149069247435492e-08,124.5,BID
948,1712181536.0344636,76414173.42414354,120.2,4.297686046101773e-09,124.5,BID
949,1712181538.4646466,76419160.60313909,120.2,5.140081224795093e-07,124.5,BID
950,1712181539.0242653,76420108.80313909,120.2,-9.77270922442366e-08,124.5,ASK
951,1712181540.3446696,76420108.80313909,120.2,-0.0,124.5,ASK
952,1712181540.8743124,76420150.50156493,120.3,4.297356771884964e-09,124.5,BID
953,1712181544.7646675,76421196.59856492,120.2,-1.0780867469029533e-07,124.5,ASK
954,1712181546.8958592,76422386.52456494,120.2,-1.2263140515889493e-07,124.5,ASK
955,1712181551.8945296,76422428.22299077,120.3,4.297356770349281e-09,124.5,BID
956,1712181552.1145172,76423190.34199077,120.2,-7.85424672353849e-08,124.5,ASK
957,1712181554.2944276,76423232.04041661,120.3,4.297356771884964e-09,124.5,BID
958,1712181570.3475652,76423232.04041661,120.3,0.0,124.5,BID
959,1712181600.4758456,76423232.04041661,120.3,0.0,124.5,BID
960,1712181604.7918167,76423232.3387011,120.2,-3.087367679567905e-11,124.5,ASK
961,1712181604.795544,76423541.59765197,120.1,-3.2009579262880144e-08,124.5,ASK
962,1712181604.7991133,76423671.05936697,120.0,-1.3399822433656428e-08,124.5,ASK
963,1712181610.5448103,76423712.72327425,120.3,4.3123865567602535e-09,124.5,BID
964,1712181616.407924,76423823.31527425,120.1,-1.1446728963148253e-08,124.5,ASK
965,1712181622.9148536,76423864.97918153,120.3,4.3123865567602535e-09,124.5,BID
966,1712181630.3227172,76423864.97918153,120.3,0.0,124.5,BID
967,1712181656.8351374,76425656.55608945,120.3,1.8543415364266604e-07,124.5,BID
968,1712181656.8431313,76448802.63504186,120.3,2.395695960200733e-06,124.5,BID
969,1712181660.4747827,76448802.63504186,120.3,0.0,124.5,BID
970,1712181667.9750245,76448844.26448768,120.3,4.3074482453273915e-09,124.5,BID
971,1712181669.376119,76451972.37961653,120.3,3.236697908698351e-07,124.5,BID
972,1712181677.4650166,76452013.70145561,120.3,4.275619810093042e-09,124.5,BID
973,1712181690.468914,76452013.70145561,120.3,0.0,124.5,BID
974,1712181720.3178792,76452013.70145561,120.3,0.0,124.5,BID
975,1712181721.7957475,76452055.36536288,120.2,4.310841708467656e-09,124.5,BID
976,1712181749.6351964,76453868.9346439,120.2,1.8764466919181405e-07,124.5,BID
977,1712181750.355223,76453868.9346439,120.2,0.0,124.5,BID
978,1712181767.3052032,76453868.93464465,120.2,7.862892689082086e-17,124.5,BID
979,1712181767.3098054,76453910.59855117,120.3,4.3107421678569495e-09,124.5,BID
980,1712181780.4651203,76453910.59855117,120.3,0.0,124.5,BID
981,1712181802.5179536,76453952.22799699,120.3,4.307174470082571e-09,124.5,BID
982,1712181802.5253918,76455284.22799699,120.3,1.378148635178184e-07,124.5,BID
983,1712181810.4651628,76455284.22799699,120.3,0.0,124.5,BID
984,1712181814.2753434,76455325.89190426,120.3,4.310666310338502e-09,124.5,BID
985,1712181840.345383,76455325.89190426,120.3,0.0,124.5,BID
986,1712181867.6852746,76455395.89190426,120.2,-7.242395276498625e-09,124.5,ASK
987,1712181870.3157506,76455395.89190426,120.2,-0.0,124.5,ASK
988,1712181872.025361,76455439.89190426,120.2,4.552358782235902e-09,124.5,BID
989,1712181874.5753455,76455529.8723439,120.1,-9.309619195302989e-09,124.5,ASK
990,1712181874.6752636,76460439.89190426,120.1,5.080038787860495e-07,124.5,BID
991,1712181880.2963572,76461453.07201898,120.2,1.0482634984580657e-07,124.5,BID
992,1712181880.3044465,76463638.96939321,120.3,2.261588433779911e-07,124.5,BID
993,1712181880.475504,76463680.77171879,120.4,4.324981453551447e-09,124.5,BID
994,1712181881.395296,76465405.94871879,120.3,-1.7849146970150616e-07,124.5,ASK
995,1712181883.6456869,76465447.61262608,120.4,4.310660323900921e-09,124.5,BID
996,1712181887.3355303,76465489.2076674,120.4,4.303535264757466e-09,124.5,BID
997,1712181891.2555332,76465530.83711322,120.4,4.307094847342186e-09,124.5,BID
998,1712181896.8359993,76465573.78999908,120.4,4.444021527163939e-09,124.5,BID
999,1712181896.844716,76465847.58129925,120.4,2.8327187040802963e-08,124.5,BID
1000,1712181900.4652836,76465847.58129925,120.4,0.0,124.5,BID
1201,1712181903.4958813,76465889.10953845,120.4,4.296591642848846e-09,124.5,BID
1202,1712181915.9665954,76465930.8425401,120.4,4.317776759821357e-09,124.5,BID
1203,1712181930.4667032,76465930.8425401,120.4,0.0,124.5,BID
1204,1712181938.0656643,76466305.4115401,120.4,-3.875359024839088e-08,124.5,ASK
1205,1712181938.185417,76466305.8425401,120.4,-4.4592043588902126e-11,124.5,ASK
1206,1712181960.2956762,76466305.8425401,120.4,-0.0,124.5,ASK
1207,1712181990.3493483,76466305.8425401,120.4,-0.0,124.5,ASK
1208,1712181990.5089655,76466498.44334558,120.5,1.9926736677417226e-08,124.5,BID
1209,1712181990.5135002,76475891.84036131,120.5,9.718534061999213e-07,124.5,BID
1210,1712181990.6766973,76476487.1603533,120.5,-6.159260180593861e-08,124.5,ASK
1211,1712181990.6808004,76477643.4407823,120.5,-1.196303181431058e-07,124.5,ASK
1212,1712181991.175497,76477946.8767823,120.5,-3.1393893995321085e-08,124.5,ASK
1213,1712181991.335705,76477946.87679476,120.5,-1.2888562234974029e-15,124.5,ASK
1214,1712182005.2457209,76478250.3127823,120.5,3.1393892706464854e-08,124.5,BID
1215,1712182006.126246,76478361.1337823,120.5,-1.1465688732530022e-08,124.5,ASK
1216,1712182010.2396312,76478862.15352967,120.5,-5.183617249920882e-08,124.5,ASK
1217,1712182011.2055497,76478961.87672968,120.5,-1.0317495517632782e-08,124.5,ASK
1218,1712182020.465454,76478961.87672968,120.5,-0.0,124.5,ASK
1219,1712182031.355867,76479036.38004093,120.8,7.706996088763014e-09,124.5,BID
1220,1712182040.6158037,76479036.380106,120.5,-6.7315157793073645e-15,124.5,ASK
1221,1712182040.6192694,76479456.32949534,120.5,-4.3441670537246496e-08,124.5,ASK
1222,1712182045.1374106,76483171.68875694,120.5,-3.8433539152008053e-07,124.5,ASK
1223,1712182050.4756875,76483171.68875694,120.5,-0.0,124.5,ASK
1224,1712182080.3159118,76483171.68875694,120.5,-0.0,124.5,ASK
1225,1712182084.5000384,76485187.22578612,120.5,-2.084863155998357e-07,124.5,ASK
1226,1712182097.715778,76495111.55718611,120.5,-1.0265687300327246e-06,124.5,ASK
1227,1712182099.8860087,76495181.97972132,120.5,-7.284477877990089e-09,124.5,ASK
1228,1712182110.3520997,76495181.97972132,120.5,-0.0,124.5,ASK
1229,1712182140.4660652,76495181.97972132,120.5,-0.0,124.5,ASK
1230,1712182170.468312,76495181.97972132,120.5,-0.0,124.5,ASK
1231,1712182197.3106744,76495633.89047945,120.5,-4.6738464831974264e-08,124.5,ASK
1232,1712182197.313557,76499049.66824862,120.5,-3.532737521048125e-07,124.5,ASK
1233,1712182200.3699565,76499049.66824862,120.5,-0.0,124.5,ASK
1234,1712182202.9116564,76502466.16018897,120.5,-3.5344010328323656e-07,124.5,ASK
1235,1712182230.3361585,76502466.16018897,120.5,-0.0,124.5,ASK
1236,1712182246.3559952,76504125.91118897,120.5,-1.716958775815061e-07,124.5,ASK
1237,1712182260.4761715,76504125.91118897,120.5,-0.0,124.5,ASK
1238,1712182290.4662848,76504125.91118897,120.5,-0.0,124.5,ASK
1239,1712182292.266112,76504167.6096148,120.7,4.313478163446708e-09,124.5,BID
1240,1712182296.1824458,76504179.67478897,120.7,1.2480774574213006e-09,124.5,BID
1241,1712182296.1840937,76504246.60588963,120.8,6.923662834697983e-09,124.5,BID
1242,1712182302.2763977,76504288.23533545,120.8,4.306342552116713e-09,124.5,BID
1243,1712182320.320609,76504288.23533545,120.8,0.0,124.5,BID
1244,1712182345.097168,76504371.22288732,120.5,-8.584599053734022e-09,124.5,ASK
1245,1712182345.1019664,76504470.80733547,120.5,-1.0301455339499797e-08,124.5,ASK
1246,1712182350.3383718,76504470.80733547,120.5,-0.0,124.5,ASK
1247,1712182366.4845295,76504471.22292466,120.5,-4.2990285174773565e-11,124.5,ASK
1248,1712182377.5146997,76505970.80733547,120.5,1.5512328448699646e-07,124.5,BID
1249,1712182379.104287,76506977.03233546,120.5,-1.040881232211354e-07,124.5,ASK
1250,1712182380.4646978,76506977.03233546,120.5,-0.0,124.5,ASK
1251,1712182381.2751048,76510568.0420118,120.5,-3.7145745837681993e-07,124.5,ASK
1252,1712182382.9947145,76525531.0620118,120.8,1.5477890286581324e-06,124.5,BID
1253,1712182382.9985409,76526117.06205417,120.9,6.061640206238573e-08,124.5,BID
1254,1712182383.00431,76527027.3644161,120.9,9.416254262458313e-08,124.5,BID
1255,1712182383.0585928,76529260.3644161,120.9,-2.309836450793071e-07,124.5,ASK
1256,1712182383.063013,76537911.43737987,120.9,-8.948752203401746e-07,124.5,ASK
1257,1712182383.0778787,76545700.6975958,120.4,-8.057284895425933e-07,124.5,ASK
1258,1712182383.079522,76546531.26237985,120.4,-8.591441168579209e-08,124.5,ASK
1259,1712182383.4175265,76547047.65216391,120.4,-5.3415850695150376e-08,124.5,ASK
1260,1712182383.4240348,76557415.33527987,120.3,-1.0724430081287222e-06,124.5,ASK
1261,1712182383.6540976,76563194.4608851,120.2,-5.977982524255069e-07,124.5,ASK
1262,1712182383.6639657,76567211.00027986,120.3,-4.154746574150049e-07,124.5,ASK
1263,1712182384.3846014,76578095.07317986,120.3,-1.1258588588223313e-06,124.5,ASK
1264,1712182384.584432,76587881.98027986,120.3,-1.0123669843314613e-06,124.5,ASK
1265,1712182384.588007,76587890.07317986,120.2,-8.371372770531859e-10,124.5,ASK
1266,1712182401.583947,76589515.82323895,120.4,-1.681691332907999e-07,124.5,ASK
1267,1712182410.5141218,76589515.82323895,120.4,-0.0,124.5,ASK
1268,1712182418.7894075,76625722.74683896,120.5,-3.741429540098155e-06,124.5,ASK
1269,1712182440.3332846,76625722.74683896,120.5,-0.0,124.5,ASK
1270,1712182457.942944,76634790.99331295,120.5,-9.36641738296942e-07,124.5,ASK
1271,1712182467.0578673,76637946.05437697,120.5,-3.258801895063281e-07,124.5,ASK
1272,1712182468.0859585,76640310.65902418,120.5,-2.442354664149343e-07,124.5,ASK
1273,1712182468.143239,76641677.54355817,120.5,-1.4118287473055945e-07,124.5,ASK
1274,1712182470.3192005,76641677.54355817,120.5,-0.0,124.5,ASK
1275,1712182475.9029517,76642455.01605198,120.6,8.028769538119438e-08,124.5,BID
1276,1712182475.9060588,76643955.01605117,120.6,1.5490135530922085e-07,124.5,BID
1277,1712182475.9221892,76643955.01605198,120.6,8.309556237047002e-17,124.5,BID
1278,1712182478.352173,76645385.10328722,120.5,-1.476816340455041e-07,124.5,ASK
1279,1712182479.012073,76646456.91709107,120.5,-1.106836072965387e-07,124.5,ASK
1280,1712182497.222185,76651507.42930461,120.5,-5.215541248688451e-07,124.5,ASK
1281,1712182500.4000127,76651507.42930461,120.5,-0.0,124.5,ASK
1282,1712182530.3275783,76651507.42930461,120.5,-0.0,124.5,ASK
1283,1712182541.6411154,76653086.42930461,120.6,-1.633548435755989e-07,124.5,ASK
1284,1712182560.470966,76653086.42930461,120.6,-0.0,124.5,ASK
1285,1712182565.0507956,76654223.23394036,120.8,1.1760537369873829e-07,124.5,BID
1286,1712182587.0207388,76655823.3383249,120.8,1.6553492850346244e-07,124.5,BID
1287,1712182587.0304503,76658579.60278955,120.8,2.8514267287795735e-07,124.5,BID
1288,1712182587.0337934,76664998.31920527,120.8,6.640327801266316e-07,124.5,BID
1289,1712182590.470332,76664998.31920527,120.8,0.0,124.5,BID
1290,1712182620.310071,76664998.31920527,120.8,0.0,124.5,BID
1291,1712182650.3398883,76664998.31920527,120.8,0.0,124.5,BID
1292,1712182680.4623113,76664998.31920527,120.8,0.0,124.5,BID
1293,1712182684.1490538,76665298.31920527,120.8,3.103115489610477e-08,124.5,BID
1294,1712182691.3387563,76665347.98807944,120.8,5.137608426731978e-09,124.5,BID
1295,1712182710.459612,76665347.98807944,120.8,0.0,124.5,BID
1296,1712182710.9711163,76665556.60866174,120.8,2.1579031063145003e-08,124.5,BID
1297,1712182710.973145,76667003.61721851,120.8,1.49673834917305e-07,124.5,BID
1298,1712182740.3182,76667003.61721851,120.8,0.0,124.5,BID
1299,1712182765.578174,76667713.24242581,120.6,-7.33997932692383e-08,124.5,ASK
1300,1712182765.582602,76667792.61721851,120.6,-8.210099239190748e-09,124.5,ASK
1301,1712182770.0936213,76667892.61721851,120.6,-1.0343459126543605e-08,124.5,ASK
1302,1712182770.0955384,76687951.67019492,120.5,-2.0747999457871686e-06,124.5,ASK
1303,1712182770.099553,76688900.41978031,120.6,-9.813352557807597e-08,124.5,ASK
1304,1712182770.3275049,76688900.41978031,120.6,-0.0,124.5,ASK
1305,1712182800.400945,76688900.41978031,120.6,-0.0,124.5,ASK
1306,1712182825.0671854,76689900.41978031,120.5,-1.0343612777443924e-07,124.5,ASK
1307,1712182825.0772452,76693887.37236212,120.5,-4.1239493668251963e-07,124.5,ASK
1308,1712182828.5076623,76697950.41891241,120.3,-4.202658021291665e-07,124.5,ASK
1309,1712182828.5111003,76706282.3931058,120.4,-8.61827147281251e-07,124.5,ASK
1310,1712182828.5150704,76715220.33841959,120.1,-9.245064535172536e-07,124.5,ASK
1311,1712182828.518772,76725168.10539988,120.4,-1.0289584964436666e-06,124.5,ASK
1312,1712182828.520542,76725265.70107374,120.2,-1.0094918591524374e-08,124.5,ASK
1313,1712182828.5223107,76725503.81306374,120.1,-2.4629382222760203e-08,124.5,ASK
1314,1712182830.310227,76725503.81306374,120.1,-0.0,124.5,ASK
1315,1712182833.47696,76729653.1906571,120.5,4.290001109922081e-07,124.5,BID
1316,1712182860.3500748,76729653.1906571,120.5,0.0,124.5,BID
1317,1712182867.6767032,76753507.00892194,120.2,-2.4660955710464904e-06,124.5,ASK
1318,1712182867.6863585,76754183.03530142,120.2,-6.989009649686893e-08,124.5,ASK
1319,1712182879.5464313,76770780.54567485,120.5,1.7159117407479409e-06,124.5,BID
1320,1712182890.333185,76770780.54567485,120.5,0.0,124.5,BID
1321,1712182920.4561496,76770780.54567485,120.5,0.0,124.5,BID
1322,1712182925.475958,76771294.80870885,120.4,5.3139220522167576e-08,124.5,BID
1323,1712182940.7077851,76771294.80870923,120.4,4.0033478973684896e-17,124.5,BID
1324,1712182940.7096784,76772480.46699964,120.5,1.2251504228755956e-07,124.5,BID
1325,1712182940.7112424,76779672.5641861,120.7,7.431652931279503e-07,124.5,BID
1326,1712182940.712805,76794740.27139641,120.9,1.5569585275906823e-06,124.5,BID
1327,1712182940.7157042,76796031.65081412,120.8,1.334392929649149e-07,124.5,BID
1328,1712182950.4558363,76796031.65081412,120.8,0.0,124.5,BID
1329,1712182977.2156022,76796859.46538363,120.8,8.551180274942288e-08,124.5,BID
1330,1712182980.295766,76796859.46538363,120.8,0.0,124.5,BID
1331,1712183010.3151598,76796859.46538363,120.8,0.0,124.5,BID
1332,1712183040.4548447,76796859.46538363,120.8,0.0,124.5,BID
1333,1712183070.454655,76796859.46538363,120.8,0.0,124.5,BID
1334,1712183086.5407605,76796900.9413372,120.6,4.284349484007591e-09,124.5,BID
1335,1712183095.734934,76798973.90982807,120.6,2.141318214782716e-07,124.5,BID
1336,1712183100.3245895,76798973.90982807,120.6,0.0,124.5,BID
1337,1712183130.32758,76798973.90982807,120.6,0.0,124.5,BID
1338,1712183160.3894594,76798973.90982807,120.6,0.0,124.5,BID
1339,1712183184.2841086,76799084.01082806,120.3,-1.1382103266393758e-08,124.5,ASK
1340,1712183190.2840405,76799084.01082806,120.3,-0.0,124.5,ASK
1341,1712183220.4605963,76799084.01082806,120.3,-0.0,124.5,ASK
1342,1712183250.463368,76799084.01082806,120.3,-0.0,124.5,ASK
1343,1712183262.8172946,76827678.91222008,120.5,2.956100988119753e-06,124.5,BID
1344,1712183262.8333187,76827678.91222018,120.5,1.0783228697930773e-17,124.5,BID
1345,1712183280.3280246,76827678.91222018,120.5,0.0,124.5,BID
1346,1712183310.3058474,76827678.91222018,120.5,0.0,124.5,BID
1347,1712183340.4627426,76827678.91222018,120.5,0.0,124.5,BID
1348,1712183340.5464475,76827830.98636837,120.4,-1.5715615086475132e-08,124.5,ASK
1349,1712183347.4928267,76828065.96047193,120.4,-2.4282645082283443e-08,124.5,ASK
1350,1712183347.5728848,76829501.06486893,120.4,1.4830626099262488e-07,124.5,BID
1351,1712183347.5763493,76829501.06486908,120.4,1.5399127099947593e-17,124.5,BID
1352,1712183370.442589,76829501.06486908,120.4,0.0,124.5,BID
1353,1712183398.29274,76829545.74096736,120.3,-4.61680341302479e-09,124.5,ASK
1354,1712183400.5338593,76829545.74096736,120.3,-0.0,124.5,ASK
1355,1712183430.4420812,76829545.74096736,120.3,-0.0,124.5,ASK
1356,1712183460.3422244,76829545.74096736,120.3,-0.0,124.5,ASK
1357,1712183482.061909,76829656.07096736,120.3,-1.140435855124982e-08,124.5,ASK
1358,1712183490.3220713,76829656.07096736,120.3,-0.0,124.5,ASK
1359,1712183490.4380252,76834634.82096736,120.4,5.146322146271844e-07,124.5,BID
1360,1712183502.9818788,76834717.80851921,120.5,8.578070318178045e-09,124.5,BID
1361,1712183515.7416737,76841445.53411844,120.4,6.954163845413797e-07,124.5,BID
1362,1712183516.3019123,76841745.53411844,120.5,3.1009724205504456e-08,124.5,BID
1363,1712183520.4564226,76841745.53411844,120.5,0.0,124.5,BID
1364,1712183550.451763,76841745.53411844,120.5,0.0,124.5,BID
1365,1712183575.2313638,76841907.5456579,120.5,1.67439245618864e-08,124.5,BID
1366,1712183576.7212424,76841911.50922216,120.5,-4.0963514831837407e-10,124.5,ASK
1367,1712183580.3314717,76841911.50922216,120.5,-0.0,124.5,ASK
1368,1712183597.9812045,76846900.22404139,120.5,5.155835949388912e-07,124.5,BID
1369,1712183597.983094,76850210.26440889,120.5,3.420926178205336e-07,124.5,BID
1370,1712183609.0435448,76858509.01959561,120.5,8.576762127594248e-07,124.5,BID
1371,1712183610.2912977,76858509.01959561,120.5,0.0,124.5,BID
1372,1712183628.572113,76865194.0395956,120.5,6.90753928801548e-07,124.5,BID
1373,1712183628.6514063,76866727.0880226,120.5,-1.584077869616527e-07,124.5,ASK
1374,1712183628.73119,76866807.77478233,120.5,-8.337251987651826e-09,124.5,ASK
1375,1712183629.6921742,76867619.86982727,120.3,-8.391266486164817e-08,124.5,ASK
1376,1712183629.6939838,76868340.7950226,120.3,-7.449220960459542e-08,124.5,ASK
1377,1712183637.0063884,76868507.04606168,120.3,-1.717849137429613e-08,124.5,ASK
1378,1712183640.4430969,76868507.04606168,120.3,-0.0,124.5,ASK
1379,1712183661.261036,76869336.3409578,120.5,8.567923895230957e-08,124.5,BID
1380,1712183670.4469814,76869336.3409578,120.5,0.0,124.5,BID
1381,1712183696.79084,76870336.3409578,120.5,1.0331470117493817e-07,124.5,BID
1382,1712183700.3066533,76870336.3409578,120.5,0.0,124.5,BID
1383,1712183711.5215762,76870419.32850966,120.5,8.593822624682339e-09,124.5,BID
1384,1712183730.3389726,76870419.32850966,120.5,0.0,124.5,BID
1385,1712183736.1307216,76871034.97089593,120.4,6.375312767871003e-08,124.5,BID
1386,1712183737.5706978,76871699.9750522,120.3,-6.886480824966266e-08,124.5,ASK
1387,1712183740.909449,76871900.66972774,120.2,-2.0783028524458042e-08,124.5,ASK
1388,1712183740.912939,76872188.97530642,120.1,-2.9855615496655776e-08,124.5,ASK
1389,1712183740.915964,76876093.9742955,120.0,-4.043839486801424e-07,124.5,ASK
1390,1712183740.9182408,76880257.17163104,120.1,-4.311217960339146e-07,124.5,ASK
1391,1712183747.1706548,76880373.36764432,120.4,1.2032731072459296e-08,124.5,BID
1392,1712183747.1746795,76880423.36764432,120.2,5.177772770382808e-09,124.5,BID
1393,1712183760.450627,76880423.36764432,120.2,0.0,124.5,BID
1394,1712183770.8738875,76883423.36764432,120.2,3.106277182319283e-07,124.5,BID
1395,1712183790.4533873,76883423.36764432,120.2,0.0,124.5,BID
1396,1712183820.3302634,76883423.36764432,120.2,0.0,124.5,BID
1397,1712183840.860057,76891923.36764432,120.2,8.800790084163002e-07,124.5,BID
1398,1712183850.3008826,76891923.36764432,120.2,0.0,124.5,BID
1399,1712183853.5701497,76892412.36789832,120.3,5.062509855727981e-08,124.5,BID
1400,1712183880.4697802,76892412.36789832,120.3,0.0,124.5,BID
1401,1712183910.449654,76892412.36789832,120.3,0.0,124.5,BID
1402,1712183940.3411016,76892412.36789832,120.3,0.0,124.5,BID
1403,1712183948.7297702,76892412.36789854,120.3,2.314011558219799e-17,124.5,BID
1404,1712183948.7341428,76893242.243417,120.5,8.59146262321235e-08,124.5,BID
1405,1712183970.3254783,76893242.243417,120.5,0.0,124.5,BID
1406,1712184000.3397083,76893242.243417,120.5,0.0,124.5,BID
1407,1712184030.2947917,76893242.243417,120.5,0.0,124.5,BID
1408,1712184050.1791816,76894745.93658344,120.5,1.5585814448803993e-07,124.5,BID
1409,1712184058.5200608,76896624.30458345,120.5,-1.946932776432364e-07,124.5,ASK
1410,1712184060.459165,76896624.30458345,120.5,-0.0,124.5,ASK
1411,1712184084.9192207,76896624.70814729,120.5,-4.182771871764839e-11,124.5,ASK
1412,1712184084.922335,76898283.98858345,120.5,-1.719775363988482e-07,124.5,ASK
1413,1712184090.4488947,76898283.98858345,120.5,-0.0,124.5,ASK
1414,1712184120.2992084,76898283.98858345,120.5,-0.0,124.5,ASK
1415,1712184150.3190207,76898283.98858345,120.5,-0.0,124.5,ASK
1416,1712184169.229215,76898383.49107102,120.6,1.0312806446143257e-08,124.5,BID
1417,1712184177.658867,76898383.98858345,120.6,-5.156403141217816e-11,124.5,ASK
1418,1712184177.662264,76900042.36337616,120.6,-1.7188010742285088e-07,124.5,ASK
1419,1712184177.6795638,76900042.83397733,120.5,-4.877484886059489e-11,124.5,ASK
1420,1712184177.686494,76900290.37864277,120.1,-2.565644622372177e-08,124.5,ASK
1421,1712184177.6896706,76900481.47179112,120.3,-1.980560185229278e-08,124.5,ASK
1422,1712184177.6925876,76900863.40456615,120.2,-3.9584927779887626e-08,124.5,ASK
1423,1712184178.31854,76902521.86156616,120.1,-1.718886276911863e-07,124.5,ASK
1424,1712184180.4586947,76902521.86156616,120.1,-0.0,124.5,ASK
1425,1712184194.378737,76907338.45892632,120.1,-4.991836127424744e-07,124.5,ASK
1426,1712184196.5088272,76908720.84750132,120.4,1.432683015588849e-07,124.5,BID
1427,1712184210.43863,76908720.84750132,120.4,0.0,124.5,BID
1428,1712184240.3188276,76908720.84750132,120.4,0.0,124.5,BID
1429,1712184264.828253,76910379.71980132,120.6,1.7190931308682101e-07,124.5,BID
1430,1712184264.8380573,76915340.67337196,120.6,5.141047448823152e-07,124.5,BID
1431,1712184270.3259633,76915340.67337196,120.6,0.0,124.5,BID
1432,1712184280.1685617,76923632.54733548,120.6,-8.592176955530013e-07,124.5,ASK
1433,1712184300.3284776,76923632.54733548,120.6,-0.0,124.5,ASK
1434,1712184321.158128,76925611.0746854,120.2,-2.05039883590672e-07,124.5,ASK
1435,1712184330.3384333,76925611.0746854,120.2,-0.0,124.5,ASK
1436,1712184360.4580889,76925611.0746854,120.2,-0.0,124.5,ASK
1437,1712184390.4491858,76925611.0746854,120.2,-0.0,124.5,ASK
1438,1712184420.321217,76925611.0746854,120.2,-0.0,124.5,ASK
1439,1712184450.319144,76925611.0746854,120.2,-0.0,124.5,ASK
1440,1712184480.439581,76925611.0746854,120.2,-0.0,124.5,ASK
1441,1712184510.439787,76925611.0746854,120.2,-0.0,124.5,ASK
1442,1712184540.310387,76925611.0746854,120.2,-0.0,124.5,ASK
1443,1712184547.3001406,76928731.13425694,120.4,-3.233318381691521e-07,124.5,ASK
1444,1712184547.3099277,76933563.36096768,120.4,-5.007637543461255e-07,124.5,ASK
1445,1712184570.3269272,76933563.36096768,120.4,-0.0,124.5,ASK
1446,1712184580.3805366,76946331.40304369,120.6,1.3230211937585629e-06,124.5,BID
1447,1712184580.4005277,76946331.40304443,120.6,7.720272205289922e-17,124.5,BID
1448,1712184600.3712676,76946331.40304443,120.6,0.0,124.5,BID
1449,1712184621.390158,76946781.40304443,120.6,4.670080263878429e-08,124.5,BID
1450,1712184630.312578,76946781.40304443,120.6,0.0,124.5,BID
1451,1712184660.4706442,76946781.40304443,120.6,0.0,124.5,BID
1452,1712184690.4410436,76946781.40304443,120.6,0.0,124.5,BID
1453,1712184720.291536,76946781.40304443,120.6,0.0,124.5,BID
1454,1712184750.309563,76946781.40304443,120.6,0.0,124.5,BID
1455,1712184765.861028,76948281.40304443,120.6,-1.556684653863021e-07,124.5,ASK
1456,1712184780.44273,76948281.40304443,120.6,-0.0,124.5,ASK
1457,1712184805.3079803,76948391.28504443,120.6,-1.1403227462486773e-08,124.5,ASK
1458,1712184810.4518805,76948391.28504443,120.6,-0.0,124.5,ASK
1459,1712184812.1717494,76951391.25804444,120.6,-3.113278558356248e-07,124.5,ASK
1460,1712184814.8013673,76951500.54504444,120.6,-1.1341464533447784e-08,124.5,ASK
1461,1712184835.3564205,76951781.40304443,120.6,-2.9146568630015024e-08,124.5,ASK
1462,1712184835.3608515,76954610.55404443,120.6,-2.936004806248677e-07,124.5,ASK
1463,1712184840.3233457,76954610.55404443,120.6,-0.0,124.5,ASK
1464,1712184847.012071,76957378.72875968,120.6,-2.872501929235086e-07,124.5,ASK
1465,1712184847.0165064,76957719.98004442,120.6,-3.5411239340964145e-08,124.5,ASK
1466,1712184865.4616606,76973954.1889566,120.6,-1.6846045216338675e-06,124.5,ASK
1467,1712184870.3018734,76973954.1889566,120.6,-0.0,124.5,ASK
1468,1712184872.8616672,76974004.1889566,120.5,-5.187184748743886e-09,124.5,ASK
1469,1712184882.621723,76984506.78431316,120.6,1.0895780491148835e-06,124.5,BID
1470,1712184882.7215576,76992459.07059543,120.6,8.249995624208422e-07,124.5,BID
1471,1712184888.1021142,76995083.40724552,120.6,2.722583809381664e-07,124.5,BID
1472,1712184900.4216914,76995083.40724552,120.6,0.0,124.5,BID
1473,1712184908.9917736,76998398.4992849,120.6,3.442287197899296e-07,124.5,BID
1474,1712184927.5616713,76999296.2602519,120.6,-9.322067220986017e-08,124.5,ASK
1475,1712184927.5719073,77002544.43626665,120.6,-3.372803704781768e-07,124.5,ASK
1476,1712184930.461888,77002544.43626665,120.6,-0.0,124.5,ASK
1477,1712184940.0423417,77005543.65826663,120.5,-3.114006745024585e-07,124.5,ASK
1478,1712184960.3065348,77005543.65826663,120.5,-0.0,124.5,ASK
1479,1712184990.3325484,77005543.65826663,120.5,-0.0,124.5,ASK
1480,1712185007.382103,77005681.53226665,120.5,-1.4314527438393884e-08,124.5,ASK
1481,1712185009.722241,77006310.88526665,120.5,-6.534147689989387e-08,124.5,ASK
1482,1712185020.442481,77006310.88526665,120.5,-0.0,124.5,ASK
1483,1712185025.3026786,77011014.99552365,120.6,4.883913501341785e-07,124.5,BID
1484,1712185046.2234888,77011097.8455645,120.7,8.60167834090848e-09,124.5,BID
1485,1712185046.2280393,77011097.84556507,120.6,5.878874383984632e-17,124.5,BID
1486,1712185050.4733417,77011097.84556507,120.6,0.0,124.5,BID
1487,1712185072.9929056,77017624.77157436,120.5,-6.775995838746093e-07,124.5,ASK
1488,1712185080.3132071,77017624.77157436,120.5,-0.0,124.5,ASK
1489,1712185085.9228742,77023624.49161904,120.7,6.228162971893818e-07,124.5,BID
1490,1712185100.1154025,77036933.38543758,120.7,1.3815637906491156e-06,124.5,BID
1491,1712185100.1200807,77056803.10543758,120.7,2.062627146674573e-06,124.5,BID
1492,1712185100.1727617,77058845.84074558,120.7,-2.1205136759677093e-07,124.5,ASK
1493,1712185100.532844,77059359.68574558,120.7,-5.334099555406925e-08,124.5,ASK
1494,1712185107.2130723,77063624.48574558,120.7,-4.427184809414577e-07,124.5,ASK
1495,1712185110.2965288,77063624.48574558,120.7,-0.0,124.5,ASK
1496,1712185113.9930427,77063624.49161904,120.7,-6.093579892398584e-13,124.5,ASK
1497,1712185114.0032444,77063848.9692725,120.7,-2.3289054626386107e-08,124.5,ASK
1498,1712185140.4431252,77063848.9692725,120.7,-0.0,124.5,ASK
1499,1712185170.4530685,77063848.9692725,120.7,-0.0,124.5,ASK
1500,1712185182.763079,77064586.24640849,120.5,-7.649063932782191e-08,124.5,ASK
1501,1712185200.4428902,77064586.24640849,120.5,-0.0,124.5,ASK
1502,1712185205.349466,77065440.41479748,120.5,-8.867087783525685e-08,124.5,ASK
1503,1712185205.4430118,77065527.46562497,120.5,-9.036711483525402e-09,124.5,ASK
1504,1712185230.3032515,77065527.46562497,120.5,-0.0,124.5,ASK
1505,1712185253.272812,77065703.46562497,120.5,-1.8270274292553506e-08,124.5,ASK
1506,1712185257.3730507,77066226.4967528,120.5,-5.4295012323371e-08,124.5,ASK
1507,1712185257.3777814,77090941.72185642,120.5,-2.5656473968481904e-06,124.5,ASK
1508,1712185257.3823516,77091341.72185642,120.5,-4.1523350664894334e-08,124.5,ASK
1509,1712185260.4426086,77091341.72185642,120.5,-0.0,124.5,ASK
1510,1712185269.772848,77092341.72185642,120.5,-1.0377486690757601e-07,124.5,ASK
1511,1712185290.4626307,77092341.72185642,120.5,-0.0,124.5,ASK
1512,1712185292.161873,77094264.0008628,120.8,1.9948175355384545e-07,124.5,BID
1513,1712185292.1715178,77094833.0008628,120.7,5.904716089325357e-08,124.5,BID
1514,1712185292.1736677,77096216.38990276,120.8,1.435592183124913e-07,124.5,BID
1515,1712185292.175921,77101906.38990276,120.6,5.904716089325356e-07,124.5,BID
1516,1712185320.295449,77101906.38990276,120.6,0.0,124.5,BID
1517,1712185331.262664,77102693.38990276,120.6,-8.166001797616836e-08,124.5,ASK
1518,1712185350.3228252,77102693.38990276,120.6,-0.0,124.5,ASK
1519,1712185380.462617,77102693.38990276,120.6,-0.0,124.5,ASK
1520,1712185402.2637131,77110992.14508948,120.4,-8.610798270658128e-07,124.5,ASK
1521,1712185402.2736166,77111192.14508948,120.4,-2.075202383228685e-08,124.5,ASK
1522,1712185402.2772036,77111234.33248582,120.6,-4.377369272129617e-09,124.5,ASK
1523,1712185402.2793715,77112064.2080045,120.5,-8.610798270735436e-08,124.5,ASK
1524,1712185402.28154,77112258.05794911,120.4,-2.0113893351799927e-08,124.5,ASK
1525,1712185410.4628365,77112258.05794911,120.4,-0.0,124.5,ASK
1526,1712185440.3053796,77112258.05794911,120.4,-0.0,124.5,ASK
1527,1712185455.353044,77114667.6793598,120.4,-2.49992731027455e-07,124.5,ASK
1528,1712185463.9427917,77123245.0546581,120.4,-8.898831436194059e-07,124.5,ASK
1529,1712185470.3129003,77123245.0546581,120.4,-0.0,124.5,ASK
