,time,acc_trade_volume,trade_price,dev,high,ask_bid
0,1712173460.2529428,1287268.673708,849.0,0.0,858.7,BID
1,1712173470.332549,1287268.673708,849.0,0.0,858.7,BID
2,1712173500.2634928,1287268.673708,849.0,0.0,858.7,BID
3,1712173530.2236378,1287268.673708,849.0,0.0,858.7,BID
4,1712173538.0826457,1287270.30923853,847.6,-1.3561278836793083e-09,858.7,ASK
5,1712173538.083877,1287278.29768165,846.9,-6.623753126787107e-09,858.7,ASK
6,1712173538.085023,1287290.16752852,849.0,-9.842084889468509e-09,858.7,ASK
7,1712173548.3524196,1287296.02709551,850.9,4.8585593698068e-09,858.7,BID
8,1712173550.3620982,1287301.89696655,850.9,4.867103147897735e-09,858.7,BID
9,1712173552.3122013,1287307.75584789,852.9,4.8579908515411425e-09,858.7,BID
10,1712173560.343194,1287307.75584789,852.9,0.0,858.7,BID
11,1712173590.3433309,1287307.75584789,852.9,0.0,858.7,BID
12,1712173598.3721468,1288480.22624301,851.0,9.721469505203042e-07,858.7,BID
13,1712173605.52227,1288486.08512435,851.0,4.857857095365952e-09,858.7,BID
14,1712173620.2330272,1288486.08512435,851.0,0.0,858.7,BID
15,1712173650.2420878,1288486.08512435,851.0,0.0,858.7,BID
16,1712173680.3356092,1288486.08512435,851.0,0.0,858.7,BID
17,1712173710.3334136,1288486.08512435,851.0,0.0,858.7,BID
18,1712173740.236066,1288486.08512435,851.0,0.0,858.7,BID
19,1712173770.2260106,1288486.08512435,851.0,0.0,858.7,BID
20,1712173800.2495575,1288486.08512435,851.0,0.0,858.7,BID
21,1712173830.2120657,1288486.08512435,851.0,0.0,858.7,BID
22,1712173860.3327634,1288486.08512435,851.0,0.0,858.7,BID
23,1712173890.341668,1288486.08512435,851.0,0.0,858.7,BID
24,1712173920.2219734,1288486.08512435,851.0,0.0,858.7,BID
25,1712173950.2270305,1288486.08512435,851.0,0.0,858.7,BID
26,1712173960.3020213,1288544.83953093,850.0,4.867942621344731e-08,858.7,BID
27,1712173980.3574195,1288544.83953093,850.0,0.0,858.7,BID
28,1712174010.322956,1288544.83953093,850.0,0.0,858.7,BID
29,1712174040.2229145,1288544.83953093,850.0,0.0,858.7,BID
30,1712174070.2420914,1288544.83953093,850.0,0.0,858.7,BID
31,1712174100.3229651,1288544.83953093,850.0,0.0,858.7,BID
32,1712174130.3317218,1288544.83953093,850.0,0.0,858.7,BID
33,1712174160.2563443,1288544.83953093,850.0,0.0,858.7,BID
34,1712174167.7321107,1288550.69909792,851.0,4.854610152247124e-09,858.7,BID
35,1712174190.2534654,1288550.69909792,851.0,0.0,858.7,BID
36,1712174220.2649038,1288550.69909792,851.0,0.0,858.7,BID
37,1712174250.2470727,1288550.69909792,851.0,0.0,858.7,BID
38,1712174280.3320851,1288550.69909792,851.0,0.0,858.7,BID
39,1712174310.3239143,1288550.69909792,851.0,0.0,858.7,BID
40,1712174340.2136223,1288550.69909792,851.0,0.0,858.7,BID
41,1712174370.2330544,1288550.69909792,851.0,0.0,858.7,BID
42,1712174376.3928366,1288556.55797926,853.0,4.854022042802886e-09,858.7,BID
43,1712174400.307091,1288556.55797926,853.0,0.0,858.7,BID
44,1712174430.2342126,1288556.55797926,853.0,0.0,858.7,BID
45,1712174460.3326733,1288556.55797926,853.0,0.0,858.7,BID
46,1712174490.3427715,1288556.55797926,853.0,0.0,858.7,BID
47,1712174520.2302778,1288556.55797926,853.0,0.0,858.7,BID
48,1712174550.2225113,1288556.55797926,853.0,0.0,858.7,BID
49,1712174580.3346305,1288556.55797926,853.0,0.0,858.7,BID
50,1712174610.3245234,1288556.55797926,853.0,0.0,858.7,BID
51,1712174617.453175,1288568.28130868,849.0,9.713940246936866e-09,858.7,BID
52,1712174640.2147093,1288568.28130868,849.0,0.0,858.7,BID
53,1712174654.723204,1289333.06383686,849.0,6.336928910397663e-07,858.7,BID
54,1712174657.0936768,1289569.3508022,849.0,-1.9578555296968418e-07,858.7,ASK
55,1712174670.2330155,1289569.3508022,849.0,-0.0,858.7,ASK
56,1712174700.3348925,1289569.3508022,849.0,-0.0,858.7,ASK
57,1712174730.3364582,1289569.3508022,849.0,-0.0,858.7,ASK
58,1712174760.2433133,1289569.3508022,849.0,-0.0,858.7,ASK
59,1712174790.226312,1289569.3508022,849.0,-0.0,858.7,ASK
60,1712174820.3451998,1289569.3508022,849.0,-0.0,858.7,ASK
61,1712174850.334957,1289569.3508022,849.0,-0.0,858.7,ASK
62,1712174880.2347238,1289569.3508022,849.0,-0.0,858.7,ASK
63,1712174910.2150688,1289569.3508022,849.0,-0.0,858.7,ASK
64,1712174917.0934465,1289575.20831272,854.6,4.850219926013104e-09,858.7,BID
65,1712174935.6336272,1289639.83046009,854.6,5.350935790166621e-08,858.7,BID
66,1712174940.3383696,1289639.83046009,854.6,0.0,858.7,BID
67,1712174970.3334298,1289639.83046009,854.6,0.0,858.7,BID
68,1712175000.2669902,1289639.83046009,854.6,0.0,858.7,BID
69,1712175030.226312,1289639.83046009,854.6,0.0,858.7,BID
70,1712175060.3333764,1289639.83046009,854.6,0.0,858.7,BID
71,1712175090.3431897,1289639.83046009,854.6,0.0,858.7,BID
72,1712175120.234775,1289639.83046009,854.6,0.0,858.7,BID
73,1712175150.2306533,1289639.83046009,854.6,0.0,858.7,BID
74,1712175180.3348942,1289639.83046009,854.6,0.0,858.7,BID
75,1712175210.3450172,1289639.83046009,854.6,0.0,858.7,BID
76,1712175240.2555797,1289639.83046009,854.6,0.0,858.7,BID
77,1712175270.234618,1289639.83046009,854.6,0.0,858.7,BID
78,1712175300.2687275,1289639.83046009,854.6,0.0,858.7,BID
79,1712175330.2238772,1289639.83046009,854.6,0.0,858.7,BID
80,1712175355.404381,1290873.30735446,854.5,1.0218557762976268e-06,858.7,BID
81,1712175355.4060795,1290887.68457682,854.5,1.1910598230590133e-08,858.7,BID
82,1712175355.4078815,1291686.44021949,854.6,6.617173544460469e-07,858.7,BID
83,1712175355.4095497,1293786.44021949,854.5,1.7397140878921398e-06,858.7,BID
84,1712175355.4112396,1293906.15833678,854.5,9.917871201201833e-08,858.7,BID
85,1712175355.412251,1294377.80083177,854.5,3.907252823727352e-07,858.7,BID
86,1712175355.4836287,1294912.14573144,854.6,-4.426701665472334e-07,858.7,ASK
87,1712175355.485379,1299373.5693866,854.6,-3.6960007547319536e-06,858.7,ASK
88,1712175355.5034173,1304312.69061321,854.6,-4.091742276066847e-06,858.7,ASK
89,1712175356.2835028,1304341.83541321,846.1,-2.4144580547151067e-08,858.7,ASK
90,1712175359.1137514,1304347.69292373,854.6,4.852568367365776e-09,858.7,BID
91,1712175360.344618,1304347.69292373,854.6,0.0,858.7,BID
92,1712175364.5537274,1304406.17057409,854.6,4.7945720898761615e-08,858.7,BID
93,1712175390.3432229,1304406.17057409,854.6,0.0,858.7,BID
94,1712175420.2338204,1304406.17057409,854.6,0.0,858.7,BID
95,1712175450.2332408,1304406.17057409,854.6,0.0,858.7,BID
96,1712175480.3364277,1304406.17057409,854.6,0.0,858.7,BID
97,1712175510.3356185,1304406.17057409,854.6,0.0,858.7,BID
98,1712175538.3832707,1305091.17057409,848.3,-5.616072628329266e-07,858.7,ASK
99,1712175538.4832706,1307149.54705641,848.3,1.6875900468838152e-06,858.7,BID
100,1712175538.4850943,1307149.54705642,848.3,8.208253081607831e-18,858.7,BID
101,1712175540.2238958,1307149.54705642,848.3,0.0,858.7,BID
102,1712175544.8861144,1307155.40730922,850.5,4.7954642016498514e-09,858.7,BID
103,1712175550.093959,1307936.78737022,848.6,6.394058820214353e-07,858.7,BID
104,1712175550.1735196,1307995.70794527,848.6,4.821490096739288e-08,858.7,BID
105,1712175554.387567,1308585.261064,848.1,-4.824332622431259e-07,858.7,ASK
106,1712175570.2528565,1308585.261064,848.1,-0.0,858.7,ASK
107,1712175573.2036364,1308585.26106401,848.1,-8.184463783201598e-18,858.7,ASK
108,1712175600.2465448,1308585.26106401,848.1,-0.0,858.7,ASK
109,1712175621.1738458,1308596.26106401,847.4,-8.992373188967853e-09,858.7,ASK
110,1712175630.2143686,1308596.26106401,847.4,-0.0,858.7,ASK
111,1712175660.343055,1308596.26106401,847.4,-0.0,858.7,ASK
112,1712175690.3433747,1308596.26106401,847.4,-0.0,858.7,ASK
113,1712175696.1932187,1308602.120631,848.2,4.790091962507918e-09,858.7,BID
114,1712175697.2132287,1308632.120631,845.1,-2.4524467271929054e-08,858.7,ASK
115,1712175697.2747946,1310968.70446724,845.1,1.91011579399954e-06,858.7,BID
116,1712175701.493564,1310974.56334858,848.2,4.7895314556802275e-09,858.7,BID
117,1712175707.5332675,1311003.78904858,845.1,-2.389149077169629e-08,858.7,ASK
118,1712175708.4034288,1312318.55300022,845.1,1.0747961834103331e-06,858.7,BID
119,1712175718.093187,1313213.32291175,845.1,7.314585137074469e-07,858.7,BID
120,1712175720.218984,1313213.32291175,845.1,0.0,858.7,BID
121,1712175722.2534857,1313277.94505912,845.0,-5.26594875263202e-08,858.7,ASK
122,1712175748.6233697,1313283.84814801,845.1,4.8103266205506245e-09,858.7,BID
123,1712175750.227443,1313283.84814801,845.1,0.0,858.7,BID
124,1712175780.3371584,1313283.84814801,845.1,0.0,858.7,BID
125,1712175803.0332348,1313313.84814801,845.1,2.4445302045179882e-08,858.7,BID
126,1712175810.3330138,1313313.84814801,845.1,0.0,858.7,BID
127,1712175817.303847,1313363.84814801,845.1,4.074132841140985e-08,858.7,BID
128,1712175840.2346394,1313363.84814801,845.1,0.0,858.7,BID
129,1712175858.7331471,1313369.707715,846.6,4.77436647799936e-09,858.7,BID
130,1712175863.793146,1313810.04695122,847.6,3.587877554646604e-07,858.7,BID
131,1712175868.8832555,1313815.90583256,848.3,4.773807811459964e-09,858.7,BID
132,1712175870.2348082,1313815.90583256,848.3,0.0,858.7,BID
133,1712175872.4731345,1313944.75272324,848.3,1.0495148923406033e-07,858.7,BID
134,1712175900.343037,1313944.75272324,848.3,0.0,858.7,BID
135,1712175930.344283,1313944.75272324,848.3,0.0,858.7,BID
136,1712175960.2289357,1313944.75272324,848.3,0.0,858.7,BID
137,1712175981.4037306,1313950.61229023,848.9,4.772451492489329e-09,858.7,BID
138,1712175990.2347949,1313950.61229023,848.9,0.0,858.7,BID
139,1712176020.334645,1313950.61229023,848.9,0.0,858.7,BID
140,1712176050.3343413,1313950.61229023,848.9,0.0,858.7,BID
141,1712176080.2327805,1313950.61229023,848.9,0.0,858.7,BID
142,1712176110.2142956,1313950.61229023,848.9,0.0,858.7,BID
143,1712176140.3338451,1313950.61229023,848.9,0.0,858.7,BID
144,1712176170.3400445,1313950.61229023,848.9,0.0,858.7,BID
145,1712176187.363907,1314009.52592284,848.7,4.798329215722916e-08,858.7,BID
146,1712176200.4198248,1314009.52592284,848.7,0.0,858.7,BID
147,1712176230.3311338,1314009.52592284,848.7,0.0,858.7,BID
148,1712176260.2385623,1314009.52592284,848.7,0.0,858.7,BID
149,1712176284.0862076,1314015.38480418,849.2,4.771679398280862e-09,858.7,BID
150,1712176290.2380643,1314015.38480418,849.2,0.0,858.7,BID
151,1712176304.7304237,1314021.24368552,849.2,4.771660063178337e-09,858.7,BID
152,1712176306.956518,1314027.10256686,849.2,4.771660062988713e-09,858.7,BID
153,1712176308.8564997,1314032.96007738,854.5,4.770543623607071e-09,858.7,BID
154,1712176320.368853,1314032.96007738,854.5,0.0,858.7,BID
155,1712176322.4668632,1314038.8175879,849.2,4.7704855159605806e-09,858.7,BID
156,1712176324.8970203,1314044.67509842,854.5,4.7704855159605806e-09,858.7,BID
157,1712176350.3473542,1314044.67509842,854.5,0.0,858.7,BID
158,1712176366.9590251,1314097.71441407,854.5,4.31960352099506e-08,858.7,BID
159,1712176366.9600568,1314109.28394023,854.5,9.422400218612351e-09,858.7,BID
160,1712176380.2566135,1314109.28394023,854.5,0.0,858.7,BID
161,1712176410.239867,1314109.28394023,854.5,0.0,858.7,BID
162,1712176440.3486445,1314109.28394023,854.5,0.0,858.7,BID
163,1712176470.3409617,1314109.28394023,854.5,0.0,858.7,BID
164,1712176500.2396438,1314109.28394023,854.5,0.0,858.7,BID
165,1712176530.2401488,1314109.28394023,854.5,0.0,858.7,BID
166,1712176550.590649,1314409.28394023,846.1,-2.443136335841532e-07,858.7,ASK
167,1712176550.5930312,1314590.90875538,845.0,-1.4791139512776617e-07,858.7,ASK
168,1712176550.5952404,1315146.466675,846.0,-4.5243458002944114e-07,858.7,ASK
169,1712176560.3419712,1315146.466675,846.0,-0.0,858.7,ASK
170,1712176570.781773,1315380.74101024,853.7,1.906518341605412e-07,858.7,BID
171,1712176590.3571002,1315380.74101024,853.7,0.0,858.7,BID
172,1712176620.2432723,1315380.74101024,853.7,0.0,858.7,BID
173,1712176650.2330492,1315380.74101024,853.7,0.0,858.7,BID
174,1712176680.3515563,1315380.74101024,853.7,0.0,858.7,BID
175,1712176710.3436866,1315380.74101024,853.7,0.0,858.7,BID
176,1712176740.2337575,1315380.74101024,853.7,0.0,858.7,BID
177,1712176770.234328,1315380.74101024,853.7,0.0,858.7,BID
178,1712176800.264577,1315380.74101024,853.7,0.0,858.7,BID
179,1712176830.2276988,1315380.74101024,853.7,0.0,858.7,BID
180,1712176860.3430402,1315380.74101024,853.7,0.0,858.7,BID
181,1712176882.904251,1315386.60057723,853.8,4.775640809330038e-09,858.7,BID
182,1712176890.3572109,1315386.60057723,853.8,0.0,858.7,BID
183,1712176920.2389212,1315386.60057723,853.8,0.0,858.7,BID
184,1712176950.258236,1315386.60057723,853.8,0.0,858.7,BID
185,1712176980.2671251,1315386.60057723,853.8,0.0,858.7,BID
186,1712177010.244676,1315386.60057723,853.8,0.0,858.7,BID
187,1712177040.350247,1315386.60057723,853.8,0.0,858.7,BID
188,1712177070.346733,1315386.60057723,853.8,0.0,858.7,BID
189,1712177100.251729,1315386.60057723,853.8,0.0,858.7,BID
190,1712177130.249532,1315386.60057723,853.8,0.0,858.7,BID
191,1712177160.2662156,1315386.60057723,853.8,0.0,858.7,BID
192,1712177190.239843,1315386.60057723,853.8,0.0,858.7,BID
193,1712177220.3472264,1315386.60057723,853.8,0.0,858.7,BID
194,1712177250.3483162,1315386.60057723,853.8,0.0,858.7,BID
195,1712177258.240741,1315402.28809187,853.7,1.2790917201127141e-08,858.7,BID
196,1712177265.6159022,1315511.56248083,845.3,-8.909758451043254e-08,858.7,ASK
197,1712177280.275835,1315511.56248083,845.3,-0.0,858.7,ASK
198,1712177284.405813,1315517.42204782,853.7,4.7772241380914305e-09,858.7,BID
199,1712177310.2471178,1315517.42204782,853.7,0.0,858.7,BID
200,1712177340.3858054,1315517.42204782,853.7,0.0,858.7,BID
201,1712177370.356136,1315517.42204782,853.7,0.0,858.7,BID
202,1712177400.2579627,1315517.42204782,853.7,0.0,858.7,BID
203,1712177430.248471,1315517.42204782,853.7,0.0,858.7,BID
204,1712177430.9768193,1315782.42614811,846.0,-2.170547405470279e-07,858.7,ASK
205,1712177430.9875138,1315888.78398811,846.2,-8.711364594381042e-08,858.7,ASK
206,1712177437.446318,1315912.41906256,848.5,1.93585870819511e-08,858.7,BID
207,1712177455.216469,1315924.10267045,845.7,-9.569597136229086e-09,858.7,ASK
208,1712177458.2065382,1315929.96910278,848.5,4.8049707380138e-09,858.7,BID
209,1712177460.3762796,1315929.96910278,848.5,0.0,858.7,BID
210,1712177490.366719,1315929.96910278,848.5,0.0,858.7,BID
211,1712177520.2391255,1315929.96910278,848.5,0.0,858.7,BID
212,1712177550.2581432,1315929.96910278,848.5,0.0,858.7,BID
213,1712177580.3498333,1315929.96910278,848.5,0.0,858.7,BID
214,1712177610.3589678,1315929.96910278,848.5,0.0,858.7,BID
215,1712177640.2673538,1315929.96910278,848.5,0.0,858.7,BID
216,1712177664.5378556,1316219.75282988,846.0,-2.3728293816347546e-07,858.7,ASK
217,1712177664.5403423,1316323.97539633,845.1,-8.534032272168697e-08,858.7,ASK
218,1712177670.263245,1316323.97539633,845.1,-0.0,858.7,ASK
219,1712177684.5874834,1316388.58423814,846.0,-5.28890768700797e-08,858.7,ASK
220,1712177700.34905,1316388.58423814,846.0,-0.0,858.7,ASK
221,1712177716.7090237,1317054.35699494,846.0,-5.449822984075109e-07,858.7,ASK
222,1712177716.712401,1317408.9250129,846.1,-2.9023911146262334e-07,858.7,ASK
223,1712177716.715518,1318093.9250129,846.0,-5.607211628835965e-07,858.7,ASK
224,1712177716.808066,1319495.4742681,846.0,1.1472676324297251e-06,858.7,BID
225,1712177730.369438,1319495.4742681,846.0,0.0,858.7,BID
226,1712177760.2538867,1319495.4742681,846.0,0.0,858.7,BID
227,1712177790.228423,1319495.4742681,846.0,0.0,858.7,BID
228,1712177815.2476764,1319502.54307111,848.8,5.77389441268914e-09,858.7,BID
229,1712177820.2701333,1319502.54307111,848.8,0.0,858.7,BID
230,1712177850.2575524,1319502.54307111,848.8,0.0,858.7,BID
231,1712177880.35152,1319502.54307111,848.8,0.0,858.7,BID
232,1712177910.3576646,1319502.54307111,848.8,0.0,858.7,BID
233,1712177940.2380085,1319502.54307111,848.8,0.0,858.7,BID
234,1712177947.5759113,1320684.57616804,846.0,-9.654959738234003e-07,858.7,ASK
235,1712177970.2433133,1320684.57616804,846.0,-0.0,858.7,ASK
236,1712177971.258155,1320690.47438926,848.8,4.813791727803237e-09,858.7,BID
237,1712178000.330173,1320690.47438926,848.8,0.0,858.7,BID
238,1712178030.2485564,1320690.47438926,848.8,0.0,858.7,BID
239,1712178060.350728,1320690.47438926,848.8,0.0,858.7,BID
240,1712178079.248542,1321375.47438926,846.5,-5.591070288498536e-07,858.7,ASK
241,1712178079.2519455,1323847.33876496,846.0,-2.0175718931641325e-06,858.7,ASK
242,1712178079.388655,1324845.4547804,846.0,8.146769048761476e-07,858.7,BID
243,1712178079.4129715,1328690.47438926,846.0,3.138361298363631e-06,858.7,BID
244,1712178079.8597243,1329062.80568926,848.8,3.039022582347184e-07,858.7,BID
245,1712178079.8630202,1329316.54258926,848.8,2.0710377265496001e-07,858.7,BID
246,1712178079.8661785,1329410.47438926,848.8,7.666851038316052e-08,858.7,BID
247,1712178079.918859,1329605.81503288,848.8,1.5943989323804758e-07,858.7,BID
248,1712178079.9222195,1329715.08942184,848.9,8.919135611785824e-08,858.7,BID
249,1712178079.9245512,1330069.6574398,850.3,2.894036073676364e-07,858.7,BID
250,1712178090.3582587,1330069.6574398,850.3,0.0,858.7,BID
251,1712178120.260286,1330069.6574398,850.3,0.0,858.7,BID
252,1712178138.3884892,1330659.28008131,848.0,-4.781599810648174e-07,858.7,ASK
253,1712178150.2558515,1330659.28008131,848.0,-0.0,858.7,ASK
254,1712178180.3507123,1330659.28008131,848.0,-0.0,858.7,ASK
255,1712178210.3553736,1330659.28008131,848.0,-0.0,858.7,ASK
256,1712178240.2572117,1330659.28008131,848.0,-0.0,858.7,ASK
257,1712178270.2393246,1330659.28008131,848.0,-0.0,858.7,ASK
258,1712178300.358426,1330659.28008131,848.0,-0.0,858.7,ASK
259,1712178330.3569648,1330659.28008131,848.0,-0.0,858.7,ASK
260,1712178360.2344253,1330659.28008131,848.0,-0.0,858.7,ASK
261,1712178390.268638,1330659.28008131,848.0,-0.0,858.7,ASK
262,1712178420.271259,1330659.28008131,848.0,-0.0,858.7,ASK
263,1712178450.2425113,1330659.28008131,848.0,-0.0,858.7,ASK
264,1712178480.3525505,1330659.28008131,848.0,-0.0,858.7,ASK
265,1712178510.3466446,1330659.28008131,848.0,-0.0,858.7,ASK
266,1712178540.2335155,1330659.28008131,848.0,-0.0,858.7,ASK
267,1712178561.910669,1330706.44989263,847.8,-3.82374491480368e-08,858.7,ASK
268,1712178563.2408466,1330800.78951528,847.8,-7.647489830400068e-08,858.7,ASK
269,1712178570.2504723,1330800.78951528,847.8,-0.0,858.7,ASK
270,1712178600.2519374,1330800.78951528,847.8,-0.0,858.7,ASK
271,1712178630.245783,1330800.78951528,847.8,-0.0,858.7,ASK
272,1712178660.2491405,1330800.78951528,847.8,-0.0,858.7,ASK
273,1712178690.2405517,1330800.78951528,847.8,-0.0,858.7,ASK
274,1712178720.3479798,1330800.78951528,847.8,-0.0,858.7,ASK
275,1712178750.3586817,1330800.78951528,847.8,-0.0,858.7,ASK
276,1712178780.2392638,1330800.78951528,847.8,-0.0,858.7,ASK
277,1712178810.2402868,1330800.78951528,847.8,-0.0,858.7,ASK
278,1712178840.357923,1330800.78951528,847.8,-0.0,858.7,ASK
279,1712178870.3416548,1330800.78951528,847.8,-0.0,858.7,ASK
280,1712178900.2764552,1330800.78951528,847.8,-0.0,858.7,ASK
281,1712178930.2392752,1330800.78951528,847.8,-0.0,858.7,ASK
282,1712178960.3358078,1330800.78951528,847.8,-0.0,858.7,ASK
283,1712178990.3277705,1330800.78951528,847.8,-0.0,858.7,ASK
284,1712179020.2492976,1330800.78951528,847.8,-0.0,858.7,ASK
285,1712179050.25266,1330800.78951528,847.8,-0.0,858.7,ASK
286,1712179080.3443403,1330800.78951528,847.8,-0.0,858.7,ASK
287,1712179110.3341165,1330800.78951528,847.8,-0.0,858.7,ASK
288,1712179140.2387912,1330800.78951528,847.8,-0.0,858.7,ASK
289,1712179170.2366347,1330800.78951528,847.8,-0.0,858.7,ASK
290,1712179176.7639527,1330806.67594838,850.6,4.7793084502278775e-09,858.7,BID
291,1712179200.2607763,1330806.67594838,850.6,0.0,858.7,BID
292,1712179230.234131,1330806.67594838,850.6,0.0,858.7,BID
293,1712179260.396336,1330806.67594838,850.6,0.0,858.7,BID
294,1712179277.8364713,1330912.68301838,849.0,-8.613068271637396e-08,858.7,ASK
295,1712179278.093275,1331390.65165499,849.0,3.883492392365992e-07,858.7,BID
296,1712179290.3463924,1331390.65165499,849.0,0.0,858.7,BID
297,1712179320.243564,1331390.65165499,849.0,0.0,858.7,BID
298,1712179346.2827778,1331396.53808809,850.6,4.780797604791792e-09,858.7,BID
299,1712179350.244908,1331396.53808809,850.6,0.0,858.7,BID
300,1712179380.2628148,1331396.53808809,850.6,0.0,858.7,BID
301,1712179400.1426654,1331491.12306189,850.6,7.681897842927768e-08,858.7,BID
302,1712179400.1451705,1331597.13013189,850.6,8.609565025523275e-08,858.7,BID
303,1712179410.244933,1331597.13013189,850.6,0.0,858.7,BID
304,1712179440.3326354,1331597.13013189,850.6,0.0,858.7,BID
305,1712179470.371892,1331597.13013189,850.6,0.0,858.7,BID
306,1712179493.142009,1331815.24719022,851.0,-1.7712335635323988e-07,858.7,ASK
307,1712179500.238402,1331815.24719022,851.0,-0.0,858.7,ASK
308,1712179513.6417885,1331825.95162048,850.0,-8.691443950807293e-09,858.7,ASK
309,1712179530.2448769,1331825.95162048,850.0,-0.0,858.7,ASK
310,1712179560.3381083,1331825.95162048,850.0,-0.0,858.7,ASK
311,1712179590.344622,1331825.95162048,850.0,-0.0,858.7,ASK
312,1712179620.238156,1331825.95162048,850.0,-0.0,858.7,ASK
313,1712179650.2410448,1331825.95162048,850.0,-0.0,858.7,ASK
314,1712179680.330826,1331825.95162048,850.0,-0.0,858.7,ASK
315,1712179710.330749,1331825.95162048,850.0,-0.0,858.7,ASK
316,1712179740.2348485,1331825.95162048,850.0,-0.0,858.7,ASK
317,1712179741.3411934,1332681.04704438,850.0,-6.942881464607772e-07,858.7,ASK
318,1712179741.690707,1333256.94246828,850.0,4.675938558892551e-07,858.7,BID
319,1712179747.5911622,1333946.60551723,850.0,5.599666032056387e-07,858.7,BID
320,1712179770.225373,1333946.60551723,850.0,0.0,858.7,BID
321,1712179800.3406217,1333946.60551723,850.0,0.0,858.7,BID
322,1712179830.2325337,1333946.60551723,850.0,0.0,858.7,BID
323,1712179857.8802657,1333952.48641927,850.0,4.7690167185244475e-09,858.7,BID
324,1712179860.3419964,1333952.48641927,850.0,0.0,858.7,BID
325,1712179890.3305252,1333952.48641927,850.0,0.0,858.7,BID
326,1712179920.2289972,1333952.48641927,850.0,0.0,858.7,BID
327,1712179922.72022,1336449.64303602,848.0,-2.025018151659862e-06,858.7,ASK
328,1712179922.7297862,1336685.49209262,848.0,-1.9125697501853482e-07,858.7,ASK
329,1712179937.7000115,1336691.36265188,850.8,4.76061012021292e-09,858.7,BID
330,1712179950.239732,1336691.36265188,850.8,0.0,858.7,BID
331,1712179957.669658,1336697.23734388,850.8,4.7550056584720214e-09,858.7,BID
332,1712179980.280796,1336697.23734388,850.8,0.0,858.7,BID
333,1712180005.7297597,1336703.11617445,851.6,4.758336187662955e-09,858.7,BID
334,1712180010.2442863,1336703.11617445,851.6,0.0,858.7,BID
335,1712180040.3611298,1336703.11617445,851.6,0.0,858.7,BID
336,1712180055.2294593,1336708.98948823,851.5,4.753851624526648e-09,858.7,BID
337,1712180061.4396758,1337163.95491957,851.4,3.682483578824845e-07,858.7,BID
338,1712180061.4431136,1337905.3261408,851.4,6.000647873297935e-07,858.7,BID
339,1712180070.3341036,1337905.3261408,851.4,0.0,858.7,BID
340,1712180071.4792962,1337917.07702211,851.0,-9.503273053964846e-09,858.7,ASK
341,1712180100.214229,1337917.07702211,851.0,-0.0,858.7,ASK
342,1712180130.2238195,1337917.07702211,851.0,-0.0,858.7,ASK
343,1712180131.465546,1337922.94208009,851.0,4.7432205656563335e-09,858.7,BID
344,1712180131.9390693,1337928.84208009,851.0,4.771479059990724e-09,858.7,BID
345,1712180140.1494062,1337934.70713807,851.0,4.7432205656563335e-09,858.7,BID
346,1712180147.0794094,1337940.57219605,851.0,4.74322056584463e-09,858.7,BID
347,1712180159.1230328,1337946.44000338,851.0,4.745444034398933e-09,858.7,BID
348,1712180160.280517,1337946.44000338,851.0,0.0,858.7,BID
349,1712180162.49212,1338285.22488753,851.0,2.739783583663138e-07,858.7,BID
350,1712180162.4957776,1338653.21589672,851.5,2.9759761225578334e-07,858.7,BID
351,1712180164.9393332,1338659.0809547,851.5,4.743124714962082e-09,858.7,BID
352,1712180190.2308235,1338659.0809547,851.5,0.0,858.7,BID
353,1712180220.3332636,1338659.0809547,851.5,0.0,858.7,BID
354,1712180250.3380115,1338659.0809547,851.5,0.0,858.7,BID
355,1712180280.2340422,1338659.0809547,851.5,0.0,858.7,BID
356,1712180310.2278783,1338659.0809547,851.5,0.0,858.7,BID
357,1712180340.3315578,1338659.0809547,851.5,0.0,858.7,BID
358,1712180370.3449402,1338659.0809547,851.5,0.0,858.7,BID
359,1712180400.2660682,1338659.0809547,851.5,0.0,858.7,BID
360,1712180410.5138242,1339416.80896092,851.5,6.12913194126227e-07,858.7,BID
361,1712180430.2575412,1339416.80896092,851.5,0.0,858.7,BID
362,1712180460.362075,1339416.80896092,851.5,0.0,858.7,BID
363,1712180490.3541532,1339416.80896092,851.5,0.0,858.7,BID
364,1712180520.25173,1339416.80896092,851.5,0.0,858.7,BID
365,1712180550.2476065,1339416.80896092,851.5,0.0,858.7,BID
366,1712180580.3502338,1339416.80896092,851.5,0.0,858.7,BID
367,1712180602.8472924,1339524.39368388,850.0,-8.697804456702802e-08,858.7,ASK
368,1712180610.3422186,1339524.39368388,850.0,-0.0,858.7,ASK
369,1712180640.2497647,1339524.39368388,850.0,-0.0,858.7,ASK
370,1712180670.223259,1339524.39368388,850.0,-0.0,858.7,ASK
371,1712180680.8685677,1340485.35518624,851.5,7.768423914362344e-07,858.7,BID
372,1712180700.2519715,1340485.35518624,851.5,0.0,858.7,BID
373,1712180730.244598,1340485.35518624,851.5,0.0,858.7,BID
374,1712180746.0092678,1340497.07989019,851.5,9.471998701954585e-09,858.7,BID
375,1712180760.340235,1340497.07989019,851.5,0.0,858.7,BID
376,1712180790.347028,1340497.07989019,851.5,0.0,858.7,BID
377,1712180820.2562163,1340497.07989019,851.5,0.0,858.7,BID
378,1712180850.2401168,1340497.07989019,851.5,0.0,858.7,BID
379,1712180880.344941,1340497.07989019,851.5,0.0,858.7,BID
380,1712180910.3558414,1340497.07989019,851.5,0.0,858.7,BID
381,1712180940.254295,1340497.07989019,851.5,0.0,858.7,BID
382,1712180970.2273955,1340497.07989019,851.5,0.0,858.7,BID
383,1712181000.291682,1340497.07989019,851.5,0.0,858.7,BID
384,1712181030.242941,1340497.07989019,851.5,0.0,858.7,BID
385,1712181060.3424692,1340497.07989019,851.5,0.0,858.7,BID
386,1712181090.3267035,1340497.07989019,851.5,0.0,858.7,BID
387,1712181120.2654295,1340497.07989019,851.5,0.0,858.7,BID
388,1712181150.4530616,1340497.07989019,851.5,0.0,858.7,BID
389,1712181180.3453205,1340497.07989019,851.5,0.0,858.7,BID
390,1712181210.3486445,1340497.07989019,851.5,0.0,858.7,BID
391,1712181217.3092434,1342204.70096789,850.0,1.379768397889524e-06,858.7,BID
392,1712181217.7431326,1342535.60096789,850.0,2.673692476766861e-07,858.7,BID
393,1712181225.4776857,1342657.70096789,850.0,9.865755557980497e-08,858.7,BID
394,1712181240.2564652,1342657.70096789,850.0,0.0,858.7,BID
395,1712181241.3766768,1342727.40096789,850.0,5.6234583361887465e-08,858.7,BID
396,1712181262.7033186,1342993.80096789,850.0,2.149339025484173e-07,858.7,BID
397,1712181263.483431,1343143.80096789,850.0,1.2102134152494626e-07,858.7,BID
398,1712181265.4377785,1343832.12158189,850.0,5.553432273702446e-07,858.7,BID
399,1712181265.467143,1343954.32158189,850.0,9.859205289580652e-08,858.7,BID
400,1712181266.6933498,1344543.42158189,850.0,4.752911486155263e-07,858.7,BID
401,1712181270.248165,1344543.42158189,850.0,0.0,858.7,BID
402,1712181300.2908185,1344543.42158189,850.0,0.0,858.7,BID
403,1712181330.2391102,1344543.42158189,850.0,0.0,858.7,BID
404,1712181335.2796595,1345004.02158189,850.0,3.711425648911478e-07,858.7,BID
405,1712181336.4036746,1345211.4296174,850.0,1.6712538054319417e-07,858.7,BID
406,1712181341.6038773,1345452.7296174,850.0,1.944348695358948e-07,858.7,BID
407,1712181352.5101626,1345691.48057505,850.0,1.923809005479454e-07,858.7,BID
408,1712181360.3451295,1345691.48057505,850.0,0.0,858.7,BID
409,1712181390.365804,1345691.48057505,850.0,0.0,858.7,BID
410,1712181390.568267,1345912.98057505,850.0,1.7834018011629877e-07,858.7,BID
411,1712181398.774388,1346274.08057505,850.0,2.907387767043435e-07,858.7,BID
412,1712181406.3940508,1346639.59805441,850.0,2.942954993439949e-07,858.7,BID
413,1712181412.1283576,1346889.64139841,850.0,2.013217833221821e-07,858.7,BID
414,1712181420.2328055,1346889.64139841,850.0,0.0,858.7,BID
415,1712181440.9442842,1347714.14139841,850.0,6.633002459884339e-07,858.7,BID
416,1712181450.2258985,1347714.14139841,850.0,0.0,858.7,BID
417,1712181450.485248,1348026.64139841,850.0,2.5126079615796774e-07,858.7,BID
418,1712181462.204315,1348368.54139841,850.0,2.748994118604344e-07,858.7,BID
419,1712181480.3526535,1348368.54139841,850.0,0.0,858.7,BID
420,1712181510.3534455,1348368.54139841,850.0,0.0,858.7,BID
421,1712181517.5043633,1348374.4292159,850.0,4.731892399010359e-09,858.7,BID
422,1712181520.2347429,1348380.29977516,850.0,4.7180223891100905e-09,858.7,BID
423,1712181522.5676355,1348386.07989019,850.0,4.645334612145808e-09,858.7,BID
424,1712181522.5717824,1348386.16827023,850.4,7.10288389299603e-11,858.7,BID
425,1712181540.2693508,1348386.16827023,850.4,0.0,858.7,BID
426,1712181570.2646215,1348386.16827023,850.4,0.0,858.7,BID
427,1712181579.4875646,1348503.68544118,850.4,9.44444886510906e-08,858.7,BID
428,1712181594.365295,1348509.55600044,852.9,4.717965578364906e-09,858.7,BID
429,1712181600.399191,1348509.55600044,852.9,0.0,858.7,BID
430,1712181607.874849,1348520.27058582,852.9,8.615318276301109e-09,858.7,BID
431,1712181607.87803,1348815.58882077,852.9,2.3745768003293575e-07,858.7,BID
432,1712181607.9346335,1351703.45915438,852.9,-2.322061114077407e-06,858.7,ASK
433,1712181622.8946722,1351709.32421236,853.7,4.715939946656309e-09,858.7,BID
434,1712181630.2368245,1351709.32421236,853.7,0.0,858.7,BID
435,1712181654.994736,1351735.84456464,853.7,2.1277631278670457e-08,858.7,BID
436,1712181655.1150916,1352528.87461052,853.7,-6.362585508287868e-07,858.7,ASK
437,1712181660.3565345,1352528.87461052,853.7,-0.0,858.7,ASK
438,1712181690.3528898,1352528.87461052,853.7,-0.0,858.7,ASK
439,1712181720.244576,1352528.87461052,853.7,-0.0,858.7,ASK
440,1712181750.2670135,1352528.87461052,853.7,-0.0,858.7,ASK
441,1712181758.005389,1352581.77570677,852.0,-4.241944128236038e-08,858.7,ASK
442,1712181780.34725,1352581.77570677,852.0,-0.0,858.7,ASK
443,1712181787.698816,1352593.48530864,854.0,9.389159258984876e-09,858.7,BID
444,1712181810.347906,1352593.48530864,854.0,0.0,858.7,BID
445,1712181840.2773712,1352593.48530864,854.0,0.0,858.7,BID
446,1712181870.23932,1352593.48530864,854.0,0.0,858.7,BID
447,1712181879.2254086,1353212.38427545,854.0,4.962503794197707e-07,858.7,BID
448,1712181891.647884,1353436.38427545,854.8,1.7960942084455e-07,858.7,BID
449,1712181899.721868,1353651.38427545,854.8,1.7239297089990294e-07,858.7,BID
450,1712181900.3552327,1353651.38427545,854.8,0.0,858.7,BID
451,1712181930.3487506,1353651.38427545,854.8,0.0,858.7,BID
452,1712181949.8754714,1353768.63145438,854.8,9.398382405544332e-08,858.7,BID
453,1712181960.2309246,1353768.63145438,854.8,0.0,858.7,BID
454,1712181990.257375,1353768.63145438,854.8,0.0,858.7,BID
455,1712181996.7672577,1353797.17959709,854.8,2.2881984138817746e-08,858.7,BID
456,1712182002.6167564,1354427.78816577,855.6,5.054470762920393e-07,858.7,BID
457,1712182002.6219316,1354534.69012799,856.0,8.568434832255575e-08,858.7,BID
458,1712182020.3523242,1354534.69012799,856.0,0.0,858.7,BID
459,1712182050.3610091,1354534.69012799,856.0,0.0,858.7,BID
460,1712182080.238063,1354534.69012799,856.0,0.0,858.7,BID
461,1712182110.2660265,1354534.69012799,856.0,0.0,858.7,BID
462,1712182122.8065495,1354592.03262794,856.0,4.5937180984298575e-08,858.7,BID
463,1712182122.810015,1354885.22530582,856.0,2.348771874053793e-07,858.7,BID
464,1712182124.5721538,1355290.02530582,856.4,3.242860161079556e-07,858.7,BID
465,1712182140.348468,1355290.02530582,856.4,0.0,858.7,BID
466,1712182170.353128,1355290.02530582,856.4,0.0,858.7,BID
467,1712182184.423664,1355409.17190931,856.7,9.539913484162717e-08,858.7,BID
468,1712182184.4262474,1355499.66295874,856.4,7.24550056289899e-08,858.7,BID
469,1712182191.7017248,1355638.18440785,856.7,1.1091232158550665e-07,858.7,BID
470,1712182191.7057743,1356061.40219067,856.7,3.3886497095151217e-07,858.7,BID
471,1712182200.282299,1356061.40219067,856.7,0.0,858.7,BID
472,1712182220.3262625,1356073.07897722,856.4,9.347960337132228e-09,858.7,BID
473,1712182220.3284388,1356401.46543053,856.7,2.628928367942606e-07,858.7,BID
474,1712182221.1060283,1357276.91408741,856.7,-7.008485842064953e-07,858.7,ASK
475,1712182221.3931527,1358202.2906755,856.7,-7.408188550222021e-07,858.7,ASK
476,1712182222.036916,1358425.6801755,856.8,1.788365469193698e-07,858.7,BID
477,1712182222.0507858,1358640.6906755,856.8,1.72128660350711e-07,858.7,BID
478,1712182222.0603614,1359848.34655661,856.7,-9.668001747822218e-07,858.7,ASK
479,1712182226.6962078,1361212.62030981,856.7,-1.092182072456209e-06,858.7,ASK
480,1712182230.272102,1361212.62030981,856.7,-0.0,858.7,ASK
481,1712182240.5260508,1362903.75131637,856.7,-1.3490844602457409e-06,858.7,ASK
482,1712182260.3561916,1362903.75131637,856.7,-0.0,858.7,ASK
483,1712182290.341064,1362903.75131637,856.7,-0.0,858.7,ASK
484,1712182320.248705,1362903.75131637,856.7,-0.0,858.7,ASK
485,1712182350.2585914,1362903.75131637,856.7,-0.0,858.7,ASK
486,1712182360.7947922,1363465.4905483,855.0,-4.4760506570145923e-07,858.7,ASK
487,1712182380.3503015,1363465.4905483,855.0,-0.0,858.7,ASK
488,1712182410.393468,1363465.4905483,855.0,-0.0,858.7,ASK
489,1712182440.2560265,1363465.4905483,855.0,-0.0,858.7,ASK
490,1712182470.2576747,1363465.4905483,855.0,-0.0,858.7,ASK
491,1712182500.2866442,1363465.4905483,855.0,-0.0,858.7,ASK
492,1712182530.2439098,1363465.4905483,855.0,-0.0,858.7,ASK
493,1712182542.5112586,1363471.33370386,856.9,4.657497849381848e-09,858.7,BID
494,1712182546.231516,1363476.96067932,857.2,4.4851837050939014e-09,858.7,BID
495,1712182546.2370985,1363477.17481445,856.9,1.7068412744158927e-10,858.7,BID
496,1712182549.1816103,1363483.01047878,857.2,4.651526694342055e-09,858.7,BID
497,1712182560.3628616,1363483.01047878,857.2,0.0,858.7,BID
498,1712182590.3584015,1363483.01047878,857.2,0.0,858.7,BID
499,1712182620.245055,1363483.01047878,857.2,0.0,858.7,BID
500,1712182650.263373,1363483.01047878,857.2,0.0,858.7,BID
501,1712182676.969238,1363485.78779899,857.2,2.213736729814391e-09,858.7,BID
502,1712182676.9738045,1363488.84410338,858.0,2.436108469287639e-09,858.7,BID
503,1712182680.3455815,1363488.84410338,858.0,0.0,858.7,BID
504,1712182710.348359,1363488.84410338,858.0,0.0,858.7,BID
505,1712182740.2366252,1363488.84410338,858.0,0.0,858.7,BID
506,1712182756.7980502,1363494.67568968,858.5,4.6482019817324494e-09,858.7,BID
507,1712182757.3580642,1363538.98137116,854.7,-3.53148776104336e-08,858.7,ASK
508,1712182757.3677056,1363669.39904437,854.6,-1.039524506523456e-07,858.7,ASK
509,1712182757.5434656,1363783.81464773,854.2,-9.119762735658012e-08,858.7,ASK
510,1712182757.548004,1364834.22140896,854.6,-8.372512277205107e-07,858.7,ASK
511,1712182760.1680262,1364840.05367453,858.5,4.648743409846352e-09,858.7,BID
512,1712182770.2462316,1364840.05367453,858.5,0.0,858.7,BID
513,1712182800.318159,1364840.05367453,858.5,0.0,858.7,BID
514,1712182830.2297378,1364840.05367453,858.5,0.0,858.7,BID
515,1712182860.262623,1364840.05367453,858.5,0.0,858.7,BID
516,1712182890.245736,1364840.05367453,858.5,0.0,858.7,BID
517,1712182920.345901,1364840.05367453,858.5,0.0,858.7,BID
518,1712182950.3464663,1364840.05367453,858.5,0.0,858.7,BID
519,1712182980.2234476,1364840.05367453,858.5,0.0,858.7,BID
520,1712183010.2411456,1364840.05367453,858.5,0.0,858.7,BID
521,1712183040.3475082,1364840.05367453,858.5,0.0,858.7,BID
522,1712183070.3394952,1364840.05367453,858.5,0.0,858.7,BID
523,1712183100.24843,1364840.05367453,858.5,0.0,858.7,BID
524,1712183130.2457173,1364840.05367453,858.5,0.0,858.7,BID
525,1712183160.279158,1364840.05367453,858.5,0.0,858.7,BID
526,1712183190.213884,1364840.05367453,858.5,0.0,858.7,BID
527,1712183220.3419216,1364840.05367453,858.5,0.0,858.7,BID
528,1712183250.3432806,1364840.05367453,858.5,0.0,858.7,BID
529,1712183280.2144594,1365525.05367453,858.4,5.458460895307237e-07,858.7,BID
530,1712183280.218205,1366684.04445283,858.5,9.235482980105312e-07,858.7,BID
531,1712183280.226286,1367369.04445283,858.2,5.458460895307237e-07,858.7,BID
532,1712183280.22906,1368593.66179418,858.5,9.758431926240069e-07,858.7,BID
533,1712183280.25925,1368593.66179418,858.5,0.0,858.7,BID
534,1712183280.3297858,1370671.00436709,858.5,-1.6511026572996417e-06,858.7,ASK
535,1712183280.3524694,1371228.43961268,858.5,-4.430577928111822e-07,858.7,ASK
536,1712183280.3650458,1372122.44897292,858.5,-7.105718862127689e-07,858.7,ASK
537,1712183280.469089,1375104.39422732,858.5,-2.370094272205244e-06,858.7,ASK
538,1712183280.4738166,1377307.16454295,858.5,-1.7507944856983586e-06,858.7,ASK
539,1712183280.5513422,1379690.36026771,858.5,-1.8941992742699887e-06,858.7,ASK
540,1712183280.5904715,1385677.29749371,858.5,-4.758506416728102e-06,858.7,ASK
541,1712183280.6573868,1386442.86787604,858.5,-6.084866834671511e-07,858.7,ASK
542,1712183292.7932258,1386448.69878322,858.6,4.634491424221973e-09,858.7,BID
543,1712183303.7533698,1386454.52901144,858.6,4.6339517767528316e-09,858.7,BID
544,1712183308.7730713,1386460.35856086,858.6,4.633412256418018e-09,858.7,BID
545,1712183310.234315,1386460.35856086,858.6,0.0,858.7,BID
546,1712183310.8531654,1386466.18811028,858.6,4.5776052270639455e-09,858.7,BID
547,1712183340.3487082,1386466.18811028,858.6,0.0,858.7,BID
548,1712183370.3326848,1386466.18811028,858.6,0.0,858.7,BID
549,1712183389.172555,1386472.0176597,858.7,4.577587235444219e-09,858.7,BID
550,1712183400.424322,1386472.0176597,858.7,0.0,858.7,BID
551,1712183430.3322015,1386472.0176597,858.7,0.0,858.7,BID
552,1712183460.2601595,1386472.0176597,858.7,0.0,858.7,BID
553,1712183490.2486024,1386472.0176597,858.7,0.0,858.7,BID
554,1712183514.271793,1386483.66317035,858.7,9.286325650759577e-09,858.7,BID
555,1712183520.3368766,1386483.66317035,858.7,0.0,858.7,BID
556,1712183550.3438458,1386483.66317035,858.7,0.0,858.7,BID
557,1712183566.75136,1386547.86528573,858.7,5.119543613235948e-08,858.7,BID
558,1712183580.2514813,1386547.86528573,858.7,0.0,858.7,BID
559,1712183610.217401,1386547.86528573,858.7,0.0,858.7,BID
560,1712183640.335421,1386547.86528573,858.7,0.0,858.7,BID
561,1712183670.324412,1386547.86528573,858.7,0.0,858.7,BID
562,1712183700.222907,1386547.86528573,858.7,0.0,858.7,BID
563,1712183702.0810194,1386559.51486634,858.4,9.294014252087518e-09,858.7,BID
564,1712183708.1007123,1386571.16444695,858.4,9.294014252087518e-09,858.7,BID
565,1712183730.2506683,1386571.16444695,858.4,0.0,858.7,BID
566,1712183741.3199189,1386577.1268188,858.4,4.756693535261473e-09,858.7,BID
567,1712183760.3402889,1386577.1268188,858.4,0.0,858.7,BID
568,1712183790.3303976,1386577.1268188,858.4,0.0,858.7,BID
569,1712183820.250246,1386577.1268188,858.4,0.0,858.7,BID
570,1712183850.2247696,1386577.1268188,858.4,0.0,858.7,BID
571,1712183880.363535,1386577.1268188,858.4,0.0,858.7,BID
572,1712183891.8298488,1386588.79134696,857.3,9.305752900647044e-09,858.7,BID
573,1712183910.3346806,1386588.79134696,857.3,0.0,858.7,BID
574,1712183940.2697086,1386588.79134696,857.3,0.0,858.7,BID
575,1712183959.8896596,1386860.29438779,855.0,-2.165985643806769e-07,858.7,ASK
576,1712183970.2438953,1386860.29438779,855.0,-0.0,858.7,ASK
577,1712184000.2616296,1386860.29438779,855.0,-0.0,858.7,ASK
578,1712184030.223962,1386860.29438779,855.0,-0.0,858.7,ASK
579,1712184060.34402,1386860.29438779,855.0,-0.0,858.7,ASK
580,1712184090.3326955,1386860.29438779,855.0,-0.0,858.7,ASK
581,1712184120.2128422,1386860.29438779,855.0,-0.0,858.7,ASK
582,1712184134.7990534,1386939.66853994,855.0,-6.33602565765232e-08,858.7,ASK
583,1712184134.8095334,1386974.75625923,855.0,-2.800870102777595e-08,858.7,ASK
584,1712184134.913492,1386974.75625924,855.0,7.991833406862625e-18,858.7,BID
585,1712184134.9158044,1387342.52831024,855.0,2.935732966192696e-07,858.7,BID
586,1712184150.2336235,1387342.52831024,855.0,0.0,858.7,BID
587,1712184180.3385468,1387342.52831024,855.0,0.0,858.7,BID
588,1712184210.328621,1387342.52831024,855.0,0.0,858.7,BID
589,1712184240.2385857,1387342.52831024,855.0,0.0,858.7,BID
590,1712184246.8085735,1387353.52831024,855.0,-8.777838762568652e-09,858.7,ASK
591,1712184270.2419312,1387353.52831024,855.0,-0.0,858.7,ASK
592,1712184300.2697392,1387353.52831024,855.0,-0.0,858.7,ASK
593,1712184303.9686162,1387359.36805831,857.4,4.671287453068543e-09,858.7,BID
594,1712184306.7886782,1387365.20100332,857.4,4.665845600591136e-09,858.7,BID
595,1712184320.9780252,1387371.03394833,857.4,4.665845600404892e-09,858.7,BID
596,1712184323.208283,1387376.86689334,857.4,4.665845600404892e-09,858.7,BID
597,1712184325.718422,1387382.69780052,857.4,4.664215514948086e-09,858.7,BID
598,1712184330.2510226,1387382.69780052,857.4,0.0,858.7,BID
599,1712184334.728294,1387388.53074553,857.4,4.6657522585395875e-09,858.7,BID
600,1712184350.9361727,1387394.36369054,857.4,4.6657522585395875e-09,858.7,BID
601,1712184360.337917,1387394.36369054,857.4,0.0,858.7,BID
602,1712184390.3382397,1387394.36369054,857.4,0.0,858.7,BID
603,1712184420.2425933,1387394.36369054,857.4,0.0,858.7,BID
604,1712184450.2333822,1387394.36369054,857.4,0.0,858.7,BID
605,1712184480.333571,1387394.36369054,857.4,0.0,858.7,BID
606,1712184504.909944,1387956.33967206,855.3,4.495190203611914e-07,858.7,BID
607,1712184510.3295631,1387956.33967206,855.3,0.0,858.7,BID
608,1712184540.227005,1387956.33967206,855.3,0.0,858.7,BID
609,1712184570.2330897,1387956.33967206,855.3,0.0,858.7,BID
610,1712184600.2645936,1387956.33967206,855.3,0.0,858.7,BID
611,1712184630.230573,1387956.33967206,855.3,0.0,858.7,BID
612,1712184660.3552597,1387956.33967206,855.3,0.0,858.7,BID
613,1712184690.3260546,1387956.33967206,855.3,0.0,858.7,BID
614,1712184720.2198365,1387956.33967206,855.3,0.0,858.7,BID
615,1712184724.651289,1387967.99468371,858.0,9.428072142480433e-09,858.7,BID
616,1712184750.230185,1387967.99468371,858.0,0.0,858.7,BID
617,1712184780.3311148,1387967.99468371,858.0,0.0,858.7,BID
618,1712184810.3338013,1387967.99468371,858.0,0.0,858.7,BID
619,1712184840.2453048,1387967.99468371,858.0,0.0,858.7,BID
620,1712184870.2242594,1387967.99468371,858.0,0.0,858.7,BID
621,1712184900.316218,1387967.99468371,858.0,0.0,858.7,BID
622,1712184930.341791,1387967.99468371,858.0,0.0,858.7,BID
623,1712184958.833482,1387980.97972344,855.6,-1.0528166886829354e-08,858.7,ASK
624,1712184958.8389957,1388018.44167614,854.2,-3.037385315184146e-08,858.7,ASK
625,1712184958.8439271,1388118.44167614,854.1,-8.10792042663689e-08,858.7,ASK
626,1712184958.8462129,1388162.84457401,855.8,-3.6001516264151974e-08,858.7,ASK
627,1712184958.8485558,1388221.28309668,855.6,-4.7381489165818974e-08,858.7,ASK
628,1712184958.8509276,1388234.26965424,855.5,-1.052939753127566e-08,858.7,ASK
629,1712184958.8532877,1388247.25924853,855.3,-1.0531859687788436e-08,858.7,ASK
630,1712184958.8558805,1388293.54391229,855.1,-3.75272370738674e-08,858.7,ASK
631,1712184958.858245,1388527.65529324,854.2,-1.8981564477133413e-07,858.7,ASK
632,1712184958.8606346,1388644.57333369,855.3,-9.479621684066204e-08,858.7,ASK
633,1712184958.8630505,1388674.77057705,854.0,-2.448368462675128e-08,858.7,ASK
634,1712184960.2325327,1388674.77057705,854.0,-0.0,858.7,ASK
635,1712184990.2457318,1388674.77057705,854.0,-0.0,858.7,ASK
636,1712185020.322135,1388674.77057705,854.0,-0.0,858.7,ASK
637,1712185050.3611135,1388674.77057705,854.0,-0.0,858.7,ASK
638,1712185080.232029,1388674.77057705,854.0,-0.0,858.7,ASK
639,1712185110.2267835,1388674.77057705,854.0,-0.0,858.7,ASK
640,1712185136.703185,1388680.60828254,857.7,4.730848051604845e-09,858.7,BID
641,1712185140.3254647,1388680.60828254,857.7,0.0,858.7,BID
642,1712185143.5758638,1388692.60828254,855.0,-9.724702002275553e-09,858.7,ASK
643,1712185144.073174,1388704.60828254,856.7,9.724702002275553e-09,858.7,BID
644,1712185170.3370852,1388704.60828254,856.7,0.0,858.7,BID
645,1712185184.8033447,1388718.99559745,857.7,1.165916843357884e-08,858.7,BID
646,1712185188.4333613,1388733.38291236,857.7,1.165916843339016e-08,858.7,BID
647,1712185194.7431488,1388747.77190489,857.6,-1.1660527940489928e-08,858.7,ASK
648,1712185200.3555431,1388747.77190489,857.6,-0.0,858.7,ASK
649,1712185230.2258892,1388747.77190489,857.6,-0.0,858.7,ASK
650,1712185250.443194,1388982.04624013,854.8,-1.899508237644164e-07,858.7,ASK
651,1712185260.3371344,1388982.04624013,854.8,-0.0,858.7,ASK
652,1712185290.343114,1388982.04624013,854.8,-0.0,858.7,ASK
653,1712185320.2167535,1388982.04624013,854.8,-0.0,858.7,ASK
654,1712185350.242938,1388982.04624013,854.8,-0.0,858.7,ASK
655,1712185367.7580986,1389215.22800531,857.7,1.890342689097968e-07,858.7,BID
656,1712185380.3469758,1389215.22800531,857.7,0.0,858.7,BID
657,1712185410.342992,1389215.22800531,857.7,0.0,858.7,BID
658,1712185430.6128669,1389623.29609438,857.7,-3.307563435180778e-07,858.7,ASK
659,1712185440.2266903,1389623.29609438,857.7,-0.0,858.7,ASK
660,1712185470.230576,1389623.29609438,857.7,-0.0,858.7,ASK
661,1712185500.3327832,1389623.29609438,857.7,-0.0,858.7,ASK
662,1712185529.675644,1389629.13039873,858.2,4.732392016144088e-09,858.7,BID
663,1712185530.3508174,1389629.13039873,858.2,0.0,858.7,BID
664,1712185533.6130085,1389634.96334374,858.2,4.731270196403413e-09,858.7,BID
665,1712185535.573556,1389640.79628875,858.2,4.731270196403413e-09,858.7,BID
666,1712185537.743162,1389646.62923376,858.2,4.7312701965922686e-09,858.7,BID
667,1712185560.2345052,1389646.62923376,858.2,0.0,858.7,BID
668,1712185590.2371953,1389646.62923376,858.2,0.0,858.7,BID
669,1712185620.346835,1389646.62923376,858.2,0.0,858.7,BID
670,1712185650.350885,1389646.62923376,858.2,0.0,858.7,BID
671,1712185680.2459664,1389646.62923376,858.2,0.0,858.7,BID
672,1712185710.235974,1389646.62923376,858.2,0.0,858.7,BID
673,1712185718.103438,1390564.38135081,856.9,7.444061859416528e-07,858.7,BID
674,1712185740.333815,1390564.38135081,856.9,0.0,858.7,BID
675,1712185758.4506478,1390587.72129712,856.9,1.8919405734717608e-08,858.7,BID
676,1712185770.328457,1390587.72129712,856.9,0.0,858.7,BID
677,1712185800.2590957,1390587.72129712,856.9,0.0,858.7,BID
678,1712185803.700525,1390599.39263232,856.8,9.531352695479373e-09,858.7,BID
679,1712185823.9033592,1390949.26439268,856.6,2.857214782209344e-07,858.7,BID
680,1712185830.2417796,1390949.26439268,856.6,0.0,858.7,BID
681,1712185858.1754477,1391984.10206853,856.0,-8.448826741356047e-07,858.7,ASK
682,1712185860.3481286,1391984.10206853,856.0,-0.0,858.7,ASK
683,1712185890.3431718,1391984.10206853,856.0,-0.0,858.7,ASK
684,1712185920.2263005,1391984.10206853,856.0,-0.0,858.7,ASK
685,1712185945.7540507,1391990.29573648,856.0,-5.053102573846642e-09,858.7,ASK
686,1712185950.238244,1391990.29573648,856.0,-0.0,858.7,ASK
687,1712185952.363721,1391999.58623841,856.0,-7.57962107944303e-09,858.7,ASK
688,1712185980.3531544,1391999.58623841,856.0,-0.0,858.7,ASK
689,1712186010.3233068,1391999.58623841,856.0,-0.0,858.7,ASK
690,1712186040.2570715,1391999.58623841,856.0,-0.0,858.7,ASK
691,1712186063.6536548,1392630.58702961,856.0,-5.147962836807247e-07,858.7,ASK
692,1712186063.6594136,1392747.70015798,856.0,-9.55456856724374e-08,858.7,ASK
693,1712186070.253383,1392747.70015798,856.0,-0.0,858.7,ASK
694,1712186100.2558062,1392747.70015798,856.0,-0.0,858.7,ASK
695,1712186128.740703,1392765.34136933,856.7,1.4426410472875576e-08,858.7,BID
696,1712186130.2731595,1392765.34136933,856.7,0.0,858.7,BID
697,1712186160.3429751,1392765.34136933,856.7,0.0,858.7,BID
698,1712186190.3525257,1392765.34136933,856.7,0.0,858.7,BID
699,1712186220.2382584,1392765.34136933,856.7,0.0,858.7,BID
700,1712186250.228338,1392765.34136933,856.7,0.0,858.7,BID
701,1712186280.325982,1392765.34136933,856.7,0.0,858.7,BID
702,1712186310.3602347,1392765.34136933,856.7,0.0,858.7,BID
703,1712186340.24307,1392765.34136933,856.7,0.0,858.7,BID
704,1712186370.2451894,1392765.34136933,856.7,0.0,858.7,BID
705,1712186400.2943325,1392765.34136933,856.7,0.0,858.7,BID
706,1712186417.5938962,1393115.39971238,857.0,2.876847351418109e-07,858.7,BID
707,1712186430.2437265,1393115.39971238,857.0,0.0,858.7,BID
708,1712186457.2649307,1393215.39971238,856.0,-8.216168272123614e-08,858.7,ASK
709,1712186457.270874,1393229.80214001,856.8,-1.1833276893543648e-08,858.7,ASK
710,1712186457.2759464,1393232.16092866,856.7,-1.938020446691687e-09,858.7,ASK
711,1712186457.2804017,1394612.3857648,855.9,-1.1340159507089989e-06,858.7,ASK
712,1712186460.3370352,1394612.3857648,855.9,-0.0,858.7,ASK
713,1712186466.374984,1394652.3857648,857.0,3.2830111723299105e-08,858.7,BID
714,1712186475.925173,1395419.67908315,857.0,6.29758134149368e-07,858.7,BID
715,1712186475.930961,1395819.24690832,857.0,3.279464085341695e-07,858.7,BID
716,1712186490.3486,1395819.24690832,857.0,0.0,858.7,BID
717,1712186520.2488165,1395819.24690832,857.0,0.0,858.7,BID
718,1712186550.2620454,1395819.24690832,857.0,0.0,858.7,BID
719,1712186563.2066147,1397143.18514338,857.0,1.085704362673167e-06,858.7,BID
720,1712186576.93697,1397190.42709823,857.0,3.874107954860222e-08,858.7,BID
721,1712186580.3775597,1397190.42709823,857.0,0.0,858.7,BID
722,1712186610.3402357,1397190.42709823,857.0,0.0,858.7,BID
723,1712186640.2444634,1397190.42709823,857.0,0.0,858.7,BID
724,1712186670.2526584,1397190.42709823,857.0,0.0,858.7,BID
725,1712186700.3520188,1397190.42709823,857.0,0.0,858.7,BID
726,1712186701.6595612,1397248.67500131,858.4,4.7726298711235774e-08,858.7,BID
727,1712186701.665465,1397255.75249583,858.4,5.799051978313386e-09,858.7,BID
728,1712186701.7594855,1397290.42709823,858.4,-2.8411158931613425e-08,858.7,ASK
729,1712186726.0901723,1397302.07667885,858.4,9.545259745528452e-09,858.7,BID
730,1712186726.0997074,1397987.07667885,858.0,5.612650909049636e-07,858.7,BID
731,1712186726.104626,1401836.74864099,857.5,3.1542868376419527e-06,858.7,BID
732,1712186726.205175,1402389.14172041,858.4,-4.526116086656749e-07,858.7,ASK
733,1712186730.350576,1402389.14172041,858.4,-0.0,858.7,ASK
734,1712186760.259873,1402389.14172041,858.4,-0.0,858.7,ASK
735,1712186790.2541597,1402389.14172041,858.4,-0.0,858.7,ASK
736,1712186820.3758152,1402389.14172041,858.4,-0.0,858.7,ASK
737,1712186836.021412,1402447.38962348,856.8,4.75525693772882e-08,858.7,BID
738,1712186850.3511796,1402447.38962348,856.8,0.0,858.7,BID
739,1712186857.9312708,1402567.5953676,856.5,-9.812986912969888e-08,858.7,ASK
740,1712186880.265294,1402567.5953676,856.5,-0.0,858.7,ASK
741,1712186910.239126,1402567.5953676,856.5,-0.0,858.7,ASK
742,1712186919.2026997,1405840.43408459,856.8,2.6715548944671667e-06,858.7,BID
743,1712186940.2878022,1405840.43408459,856.8,0.0,858.7,BID
744,1712186970.2825544,1405840.43408459,856.8,0.0,858.7,BID
745,1712187000.3329444,1405840.43408459,856.8,0.0,858.7,BID
746,1712187030.2783368,1405840.43408459,856.8,0.0,858.7,BID
747,1712187037.4886732,1405852.10541979,856.8,-9.556577583574665e-09,858.7,ASK
748,1712187037.498854,1406507.47767528,856.5,-5.366237622749204e-07,858.7,ASK
749,1712187037.5015037,1409440.42514654,855.9,-2.401519584323947e-06,858.7,ASK
750,1712187037.5071492,1410125.42514654,853.4,-5.608831836852739e-07,858.7,ASK
751,1712187037.509827,1410134.33511024,854.1,-7.2955457030219914e-09,858.7,ASK
752,1712187037.5125134,1410146.03375319,854.8,-9.578937376080816e-09,858.7,ASK
753,1712187037.51517,1410181.32787083,850.0,-2.8899090609180774e-08,858.7,ASK
754,1712187037.5178638,1412181.32787083,855.8,-1.637615134847515e-06,858.7,ASK
755,1712187037.520574,1412298.36906933,854.4,-9.583421903211865e-08,858.7,ASK
756,1712187037.523252,1412983.36906933,852.8,-5.608831836852739e-07,858.7,ASK
757,1712187037.5259771,1413091.8823934,856.8,-8.88515309148417e-08,858.7,ASK
758,1712187037.5287218,1413776.8823934,851.5,-5.608831836852739e-07,858.7,ASK
759,1712187037.5314105,1415958.5348934,851.3,-1.7863535764890276e-06,858.7,ASK
760,1712187037.5340962,1435958.53606928,850.0,-1.6376152311294565e-05,858.7,ASK
761,1712187037.536831,1437370.13470473,850.1,-1.1558276448715144e-06,858.7,ASK
762,1712187037.5395496,1437828.06825481,849.0,-3.749594561827725e-07,858.7,ASK
763,1712187037.5422766,1437863.25887064,852.5,-2.8814342543915824e-08,858.7,ASK
764,1712187037.5450065,1438548.25887064,851.2,-5.608831836852739e-07,858.7,ASK
765,1712187037.5511138,1440548.0236042,850.1,-1.6374224969060149e-06,858.7,ASK
766,1712187060.3392527,1440548.0236042,850.1,-0.0,858.7,ASK
767,1712187061.673544,1440612.22571958,852.0,-5.1327482761630654e-08,858.7,ASK
768,1712187063.2135634,1440715.42491958,852.0,-8.250437119824326e-08,858.7,ASK
769,1712187090.35638,1440715.42491958,852.0,-0.0,858.7,ASK
770,1712187112.984243,1442127.02355503,854.1,1.128398084928333e-06,858.7,BID
771,1712187112.9906223,1444328.45762521,854.1,1.7597735832998444e-06,858.7,BID
772,1712187120.3279705,1444328.45762521,854.1,0.0,858.7,BID
773,1712187134.124298,1444915.31208531,852.0,-4.679630114951173e-07,858.7,ASK
774,1712187150.2354364,1444915.31208531,852.0,-0.0,858.7,ASK
775,1712187180.3684752,1444915.31208531,852.0,-0.0,858.7,ASK
776,1712187210.3868158,1444915.31208531,852.0,-0.0,858.7,ASK
777,1712187213.4750206,1446440.95461552,852.1,-1.2160761859822922e-06,858.7,ASK
778,1712187213.5752478,1447027.98814165,852.1,4.679192388544843e-07,858.7,BID
779,1712187214.1951616,1447643.08004165,852.1,-4.902843208477275e-07,858.7,ASK
780,1712187214.2009478,1449007.97130503,852.1,-1.0879427709865174e-06,858.7,ASK
781,1712187227.2856123,1449697.91881838,855.3,5.499510691060529e-07,858.7,BID
782,1712187227.2906342,1450382.91881838,855.3,5.460074499123744e-07,858.7,BID
783,1712187227.345121,1455379.65860438,855.3,-3.982857150992056e-06,858.7,ASK
784,1712187227.3512282,1455379.6586053,855.3,-7.332552233247913e-16,858.7,ASK
785,1712187240.2563105,1455379.6586053,855.3,-0.0,858.7,ASK
786,1712187270.2624469,1455379.6586053,855.3,-0.0,858.7,ASK
787,1712187300.3480844,1455379.6586053,855.3,-0.0,858.7,ASK
788,1712187315.708651,1455407.3410325,852.1,-2.2060729760839005e-08,858.7,ASK
789,1712187330.3505838,1455407.3410325,852.1,-0.0,858.7,ASK
790,1712187360.2490854,1455407.3410325,852.1,-0.0,858.7,ASK
791,1712187390.2539427,1455407.3410325,852.1,-0.0,858.7,ASK
792,1712187420.3525865,1455407.3410325,852.1,-0.0,858.7,ASK
793,1712187450.3483064,1455407.3410325,852.1,-0.0,858.7,ASK
794,1712187480.2616258,1455407.3410325,852.1,-0.0,858.7,ASK
795,1712187510.2614698,1455407.3410325,852.1,-0.0,858.7,ASK
796,1712187540.377679,1455407.3410325,852.1,-0.0,858.7,ASK
797,1712187570.3504524,1455407.3410325,852.1,-0.0,858.7,ASK
798,1712187582.971091,1455532.9512792,852.1,-1.0009966244921224e-07,858.7,ASK
799,1712187600.2945583,1455532.9512792,852.1,-0.0,858.7,ASK
800,1712187630.2596345,1455532.9512792,852.1,-0.0,858.7,ASK
801,1712187660.3503966,1455532.9512792,852.1,-0.0,858.7,ASK
802,1712187690.3528135,1455532.9512792,852.1,-0.0,858.7,ASK
803,1712187720.2316382,1455532.9512792,852.1,-0.0,858.7,ASK
804,1712187750.2441072,1455532.9512792,852.1,-0.0,858.7,ASK
805,1712187772.41843,1455936.85562905,855.2,3.221465407521711e-07,858.7,BID
806,1712187780.3641708,1455936.85562905,855.2,0.0,858.7,BID
807,1712187792.8887613,1455963.52962905,855.2,2.12688230061677e-08,858.7,BID
808,1712187810.385054,1455963.52962905,855.2,0.0,858.7,BID
809,1712187838.458827,1456027.9544056,855.2,5.136890780106885e-08,858.7,BID
810,1712187840.2444863,1456027.9544056,855.2,0.0,858.7,BID
811,1712187870.2602675,1456027.9544056,855.2,0.0,858.7,BID
812,1712187900.2851048,1456027.9544056,855.2,0.0,858.7,BID
813,1712187911.453654,1456033.6828695,854.6,4.598281285645374e-09,858.7,BID
814,1712187930.2624023,1456033.6828695,854.6,0.0,858.7,BID
815,1712187960.3493173,1456033.6828695,854.6,0.0,858.7,BID
816,1712187990.3444502,1456033.6828695,854.6,0.0,858.7,BID
817,1712188020.294496,1456033.6828695,854.6,0.0,858.7,BID
818,1712188050.2636704,1456033.6828695,854.6,0.0,858.7,BID
819,1712188080.365441,1456033.6828695,854.6,0.0,858.7,BID
820,1712188110.3612096,1456033.6828695,854.6,0.0,858.7,BID
821,1712188140.2532098,1456033.6828695,854.6,0.0,858.7,BID
822,1712188170.2671618,1456033.6828695,854.6,0.0,858.7,BID
823,1712188200.2709348,1456033.6828695,854.6,0.0,858.7,BID
824,1712188221.1989884,1456054.0182695,854.6,1.6446304663680266e-08,858.7,BID
825,1712188221.2032647,1457471.25381072,854.6,1.1461927225981173e-06,858.7,BID
826,1712188223.463621,1457529.48581034,854.7,4.709527262431303e-08,858.7,BID
827,1712188223.471297,1457626.43757672,854.7,7.84099790301964e-08,858.7,BID
828,1712188230.25347,1457626.43757672,854.7,0.0,858.7,BID
829,1712188260.3637836,1457626.43757672,854.7,0.0,858.7,BID
830,1712188266.980924,1457626.4375771,854.7,3.0697150975817993e-16,858.7,BID
831,1712188266.990477,1457635.6621771,854.7,7.45221404284265e-09,858.7,BID
832,1712188277.9724276,1458814.00974291,854.7,-9.519435289560404e-07,858.7,ASK
833,1712188290.3608258,1458814.00974291,854.7,-0.0,858.7,ASK
834,1712188320.2811687,1458814.00974291,854.7,-0.0,858.7,ASK
835,1712188350.2582386,1458814.00974291,854.7,-0.0,858.7,ASK
836,1712188361.021495,1458825.70838586,854.8,9.443158726156965e-09,858.7,BID
837,1712188362.2219958,1458831.03753917,852.4,-4.301698991538351e-09,858.7,ASK
838,1712188362.2286234,1458931.03753917,854.7,-8.072012084209474e-08,858.7,ASK
839,1712188380.3713684,1458931.03753917,854.7,-0.0,858.7,ASK
840,1712188410.370048,1458931.03753917,854.7,-0.0,858.7,ASK
841,1712188440.269142,1458931.03753917,854.7,-0.0,858.7,ASK
842,1712188467.507376,1458936.88342358,854.8,4.718424040566263e-09,858.7,BID
843,1712188470.246347,1458936.88342358,854.8,0.0,858.7,BID
844,1712188494.1308317,1458948.58206653,854.8,9.442358354830188e-09,858.7,BID
845,1712188500.3626978,1458948.58206653,854.8,0.0,858.7,BID
846,1712188530.359342,1458948.58206653,854.8,0.0,858.7,BID
847,1712188560.2634928,1458948.58206653,854.8,0.0,858.7,BID
848,1712188568.8689346,1458970.59876653,854.7,-1.7771906873907362e-08,858.7,ASK
849,1712188583.8882473,1459048.58206653,854.7,-6.29482140973458e-08,858.7,ASK
850,1712188590.2420793,1459048.58206653,854.7,-0.0,858.7,ASK
851,1712188594.1576066,1459131.77549035,852.3,-6.71491996246284e-08,858.7,ASK
1052,1712188594.1615562,1459155.2414061,852.3,-1.8940408853444732e-08,858.7,ASK
852,1712188594.1615562,1459155.2414061,852.3,-1.894040885344473e-08,858.7,ASK
853,1712188594.1646185,1459178.71282964,852.1,-1.894485444131433e-08,858.7,ASK
854,1712188594.167777,1459184.89184366,852.3,-4.987363506256194e-09,858.7,ASK
855,1712188594.1738288,1459658.80394317,852.1,-3.825160296720106e-07,858.7,ASK
856,1712188594.176908,1461404.01723317,852.0,-1.4086410946501443e-06,858.7,ASK
857,1712188599.008342,1461409.87474369,854.7,4.727863395249387e-09,858.7,BID
858,1712188620.340352,1461409.87474369,854.7,0.0,858.7,BID
859,1712188633.187697,1461423.51831708,852.0,-1.0994495085191084e-08,858.7,ASK
860,1712188636.8567517,1461429.3758276,854.7,4.720198204777017e-09,858.7,BID
861,1712188640.7269833,1461435.22717737,854.7,4.715233645149464e-09,858.7,BID
862,1712188648.916584,1461441.07237933,854.7,4.710279512699451e-09,858.7,BID
863,1712188650.3632011,1461441.07237933,854.7,0.0,858.7,BID
864,1712188651.006778,1461446.91758129,854.7,4.710178443529826e-09,858.7,BID
865,1712188678.2995665,1461452.76893106,854.7,4.7151324694904634e-09,858.7,BID
866,1712188680.23848,1461452.76893106,854.7,0.0,858.7,BID
867,1712188692.5258296,1461458.6114048,854.7,4.707942063953501e-09,858.7,BID
868,1712188694.6755571,1461464.45933752,854.7,4.712340981618818e-09,858.7,BID
869,1712188696.7254877,1461470.30453948,854.7,4.710140499517641e-09,858.7,BID
870,1712188698.6659677,1461476.14974144,854.7,4.710140499517641e-09,858.7,BID
871,1712188710.268706,1461476.14974144,854.7,0.0,858.7,BID
872,1712188740.3645413,1461476.14974144,854.7,0.0,858.7,BID
873,1712188744.1091094,1461959.77812666,854.7,3.897078284161087e-07,858.7,BID
874,1712188744.114775,1462646.15091144,854.7,5.530792972766236e-07,858.7,BID
875,1712188770.3802648,1462646.15091144,854.7,0.0,858.7,BID
876,1712188800.3898127,1462646.15091144,854.7,0.0,858.7,BID
877,1712188802.1640563,117.0001,853.7,9.520621466131937e-08,853.7,BID
878,1712188803.0838604,123.17911402,852.0,-5.028034464786111e-09,853.7,ASK
879,1712188809.9328313,223.17911402,852.0,-8.137276349449218e-08,853.7,ASK
880,1712188811.583892,229.04142522,853.0,4.770324628087145e-09,853.7,BID
881,1712188812.8541343,473.63785865,851.5,-1.990348772909569e-07,853.7,ASK
882,1712188812.8598108,485.33787035,852.0,-9.520622849468918e-09,853.7,ASK
883,1712188812.8640313,496.33787035,850.6,-8.95100398439414e-09,853.7,ASK
884,1712188812.8670723,2083.59668694,852.0,-1.291596362869256e-06,853.7,ASK
885,1712188812.870121,2169.15293305,848.1,-6.961948180185584e-08,853.7,ASK
886,1712188812.873188,2190.15293305,849.4,-1.7088280333843362e-08,853.7,ASK
887,1712188816.9834642,2196.0111289,853.0,4.766975854064946e-09,853.7,BID
888,1712188819.4435678,2201.8734401,853.0,4.770324628087145e-09,853.7,BID
889,1712188821.546109,2207.73643775,853.0,4.770883211421866e-09,853.7,BID
890,1712188823.3029404,2213.5994354,853.0,4.770883211422236e-09,853.7,BID
891,1712188824.9679115,2219.46243305,853.0,4.770883211422236e-09,853.7,BID
892,1712188826.859066,2225.32474425,853.0,4.770324628087145e-09,853.7,BID
893,1712188830.3401132,2225.32474425,853.0,0.0,853.7,BID
894,1712188860.308107,2225.32474425,853.0,0.0,853.7,BID
895,1712188860.586922,2225.32474425,853.0,0.0,853.7,BID
896,1712188890.3752985,2225.32474425,853.0,0.0,853.7,BID
897,1712188919.9336908,2342.5580385,852.9,9.524904239258578e-08,853.7,BID
898,1712188920.2465084,2342.5580385,852.9,0.0,853.7,BID
899,1712188920.578583,2342.5580385,852.9,0.0,853.7,BID
900,1712188950.2551787,2342.5580385,852.9,0.0,853.7,BID
901,1712188980.3575706,2342.5580385,852.9,0.0,853.7,BID
902,1712188980.7026863,2342.5580385,852.9,0.0,853.7,BID
903,1712188983.32781,3649.43675782,850.0,-1.0617191621797715e-06,853.7,ASK
904,1712189007.8478098,3713.86153437,849.0,-5.233922533980474e-08,853.7,ASK
905,1712189010.370098,3713.86153437,849.0,-0.0,853.7,ASK
906,1712189017.402243,4448.23293597,850.0,-5.960450529469648e-07,853.7,ASK
907,1712189017.4604995,4970.17710802,849.0,4.236306601633626e-07,853.7,BID
908,1712189017.480314,5999.3747459,849.0,8.353377585599538e-07,853.7,BID
909,1712189017.4862134,6907.76468831,849.0,7.372854255225654e-07,853.7,BID
910,1712189040.2493966,6907.76468831,849.0,0.0,853.7,BID
911,1712189040.6051743,6907.76468831,849.0,0.0,853.7,BID
912,1712189042.719741,7024.76478831,849.0,-9.475334155168317e-08,853.7,ASK
913,1712189044.4057148,7129.79578831,849.0,-8.506008299578219e-08,853.7,ASK
914,1712189046.0497663,7234.99248831,849.0,-8.519427628873796e-08,853.7,ASK
915,1712189047.7397833,7340.47768831,849.0,-8.542792001244101e-08,853.7,ASK
916,1712189049.421015,7445.60808831,849.0,-8.51405827744169e-08,853.7,ASK
917,1712189051.11001,7653.76788831,849.0,-1.685796561432851e-07,853.7,ASK
918,1712189052.7498715,7749.94844773,848.0,-7.789249237697444e-08,853.7,ASK
919,1712189052.7652988,7758.92038831,848.2,-7.265988235549497e-09,853.7,ASK
920,1712189054.519838,7839.62662134,848.0,-6.536050194522359e-08,853.7,ASK
921,1712189054.527052,7864.34998831,848.0,-2.0022390022025624e-08,853.7,ASK
922,1712189066.250295,9518.61779834,848.0,-1.3397202465786538e-06,853.7,ASK
923,1712189066.6032095,11031.74745754,848.0,1.2254185373359449e-06,853.7,BID
924,1712189066.879794,12751.74745754,848.0,1.3929539160128475e-06,853.7,BID
925,1712189067.5200307,12777.74745754,848.0,2.10562801257756e-08,853.7,BID
926,1712189067.9109669,13737.16851964,848.0,7.769937939287213e-07,853.7,BID
927,1712189067.9870143,14804.02475277,848.0,8.6400091148904e-07,853.7,BID
928,1712189070.241981,14804.02475277,848.0,0.0,853.7,BID
929,1712189074.0922744,15179.6612248,848.0,3.025708273347169e-07,853.7,BID
930,1712189075.0943708,15265.21747091,848.0,6.891456526907169e-08,853.7,BID
931,1712189100.2890463,15265.21747091,848.0,0.0,853.7,BID
932,1712189100.5923877,15265.21747091,848.0,0.0,853.7,BID
933,1712189125.0851648,16933.30899811,849.0,-1.3479158618260878e-06,853.7,ASK
934,1712189125.0913136,17044.12634844,849.0,-8.95469234389554e-08,853.7,ASK
935,1712189130.353827,17044.12634844,849.0,-0.0,853.7,ASK
936,1712189160.2766194,17044.12634844,849.0,-0.0,853.7,ASK
937,1712189160.448971,17044.12634844,849.0,-0.0,853.7,ASK
938,1712189168.3687727,17266.12634844,851.4,1.791703696086844e-07,853.7,BID
939,1712189190.28434,17266.12634844,851.4,0.0,853.7,BID
940,1712189207.0885444,18440.66240669,851.4,9.477926241005004e-07,853.7,BID
941,1712189215.8895583,22517.5414497,851.4,3.289840153627981e-06,853.7,BID
942,1712189215.8968089,22745.48627304,851.4,1.839402211162754e-07,853.7,BID
943,1712189220.321323,22745.48627304,851.4,0.0,853.7,BID
944,1712189220.652243,22745.48627304,851.4,0.0,853.7,BID
945,1712189250.3591435,22745.48627304,851.4,0.0,853.7,BID
946,1712189260.2493963,23716.69957304,851.4,-7.807819193580813e-07,853.7,ASK
947,1712189260.257294,23915.48744304,851.4,-1.5981038839120545e-07,853.7,ASK
948,1712189280.3151202,23915.48744304,851.4,-0.0,853.7,ASK
949,1712189280.4584775,23915.48744304,851.4,-0.0,853.7,ASK
950,1712189289.4835565,24020.51844304,853.0,8.43694026925896e-08,853.7,BID
951,1712189289.4894753,25087.82038559,853.0,8.573433308793099e-07,853.7,BID
952,1712189310.2544334,25087.82038559,853.0,0.0,853.7,BID
953,1712189340.3006723,25087.82038559,853.0,0.0,853.7,BID
954,1712189340.6486378,25087.82038559,853.0,0.0,853.7,BID
955,1712189370.3581996,25087.82038559,853.0,0.0,853.7,BID
956,1712189400.322392,25087.82038559,853.0,0.0,853.7,BID
957,1712189400.563188,25087.82038559,853.0,0.0,853.7,BID
958,1712189415.4376683,25107.4088437,853.0,1.5778440190109112e-08,853.7,BID
959,1712189415.4456224,26587.82243574,853.0,1.192468400905079e-06,853.7,BID
960,1712189430.2573092,26587.82243574,853.0,0.0,853.7,BID
961,1712189453.6345837,26599.51560692,855.2,9.409114528525193e-09,855.2,BID
962,1712189460.3284023,26599.51560692,855.2,0.0,855.2,BID
963,1712189460.6053529,26599.51560692,855.2,0.0,855.2,BID
964,1712189490.357874,26599.51560692,855.2,0.0,855.2,BID
965,1712189497.6261957,26686.24922027,855.0,6.979115606800477e-08,855.2,BID
966,1712189497.6310656,26772.98283361,855.1,6.97911560599546e-08,855.2,BID
967,1712189497.6344526,27802.18047149,855.0,8.281552006861294e-07,855.2,BID
968,1712189497.6404228,27932.54431186,855.2,1.0489869818028269e-07,855.2,BID
969,1712189497.773878,28364.46758338,855.0,-3.475518116651176e-07,855.2,ASK
970,1712189502.987432,29049.21625938,855.2,5.509905545065584e-07,855.2,BID
971,1712189502.9949198,34491.47364438,855.2,4.379172270686605e-06,855.2,BID
972,1712189515.5466683,34745.82993238,855.2,2.0467058510581405e-07,855.2,BID
973,1712189515.6470046,35185.24427627,855.2,3.535795854508325e-07,855.2,BID
974,1712189515.654479,35261.63827627,855.2,6.14712724482496e-08,855.2,BID
975,1712189520.34115,35261.63827627,855.2,0.0,855.2,BID
976,1712189520.410085,35261.63827627,855.2,0.0,855.2,BID
977,1712189550.260086,35261.63827627,855.2,0.0,855.2,BID
1178,1712189556.9367292,35273.30416521,857.2,9.33146520001154e-09,857.2,BID
978,1712189556.9367292,35273.30416521,857.2,9.331465200011541e-09,857.2,BID
979,1712189580.304338,35273.30416521,857.2,0.0,857.2,BID
980,1712189580.5842657,35273.30416521,857.2,0.0,857.2,BID
981,1712189610.3532553,35273.30416521,857.2,0.0,857.2,BID
982,1712189640.3054192,35273.30416521,857.2,0.0,857.2,BID
983,1712189640.360978,35273.30416521,857.2,0.0,857.2,BID
984,1712189670.2359216,35273.30416521,857.2,0.0,857.2,BID
985,1712189700.356604,35273.30416521,857.2,0.0,857.2,BID
986,1712189700.4547436,35273.30416521,857.2,0.0,857.2,BID
987,1712189720.4353893,35283.8134963,857.0,8.470297961000975e-09,857.2,BID
988,1712189730.2619865,35283.8134963,857.0,0.0,857.2,BID
989,1712189760.3707194,35283.8134963,857.0,0.0,857.2,BID
990,1712189790.3558152,35283.8134963,857.0,0.0,857.2,BID
991,1712189820.247028,35283.8134963,857.0,0.0,857.2,BID
992,1712189850.2492688,35283.8134963,857.0,0.0,857.2,BID
993,1712189880.3462758,35283.8134963,857.0,0.0,857.2,BID
994,1712189910.3860185,35283.8134963,857.0,0.0,857.2,BID
995,1712189931.126268,35360.03777856,857.0,6.143470886618524e-08,857.2,BID
996,1712189931.129896,35365.27749863,857.0,4.223072589161749e-09,857.2,BID
997,1712189933.2956576,35444.29637844,857.0,6.36870788694422e-08,857.2,BID
998,1712189940.2196453,35444.29637844,857.0,0.0,857.2,BID
999,1712189970.238318,35444.29637844,857.0,0.0,857.2,BID
1000,1712189993.5287054,35467.63360131,857.0,1.8807085387986444e-08,857.2,BID
1201,1712190000.2693396,35467.63360131,857.0,0.0,857.2,BID
1202,1712190021.74641,35490.97082418,856.9,1.8815262987017885e-08,857.2,BID
1203,1712190030.261086,35490.97082418,856.9,0.0,857.2,BID
1204,1712190060.3570352,35490.97082418,856.9,0.0,857.2,BID
1205,1712190068.0726533,35514.37906388,854.4,-1.887221489835497e-08,857.2,ASK
1206,1712190068.0796328,35628.94440218,854.4,-9.236498395481112e-08,857.2,ASK
1207,1712190090.358703,35628.94440218,854.4,-0.0,857.2,ASK
1208,1712190111.881868,36850.02437001,853.0,-9.843667824752696e-07,857.2,ASK
1209,1712190111.9751668,36960.84167001,854.3,8.933474622259842e-08,857.2,BID
1210,1712190111.9768183,37266.08937001,854.3,2.4607372508203174e-07,857.2,BID
1211,1712190120.2471838,37266.08937001,854.3,0.0,857.2,BID
1212,1712190150.259834,37266.08937001,854.3,0.0,857.2,BID
1213,1712190180.3517702,37266.08937001,854.3,0.0,857.2,BID
1214,1712190210.3639011,37266.08937001,854.3,0.0,857.2,BID
1215,1712190211.774747,37951.08937001,854.8,-5.515877160302209e-07,857.2,ASK
1216,1712190211.777362,38534.76535473,853.9,-4.699978150560518e-07,857.2,ASK
1217,1712190240.224439,38534.76535473,853.9,-0.0,857.2,ASK
1218,1712190270.2442548,38534.76535473,853.9,-0.0,857.2,ASK
1219,1712190300.3421495,38534.76535473,853.9,-0.0,857.2,ASK
1220,1712190330.3508234,38534.76535473,853.9,-0.0,857.2,ASK
1221,1712190360.244417,38534.76535473,853.9,-0.0,857.2,ASK
1222,1712190390.250425,38534.76535473,853.9,-0.0,857.2,ASK
1223,1712190407.404777,38760.72708445,856.8,1.8336427322403845e-07,857.2,BID
1224,1712190410.1556292,39219.76535473,856.8,3.725020998742194e-07,857.2,BID
1225,1712190410.274593,39357.0282101,856.8,-1.113865774826736e-07,857.2,ASK
1226,1712190420.3543532,39357.0282101,856.8,-0.0,857.2,ASK
1227,1712190450.3467538,39357.0282101,856.8,-0.0,857.2,ASK
1228,1712190480.2432463,39357.0282101,856.8,-0.0,857.2,ASK
1229,1712190500.534062,40529.8752529,856.8,-9.51202519218087e-07,857.2,ASK
1230,1712190510.2473123,40529.8752529,856.8,-0.0,857.2,ASK
1231,1712190540.275504,40529.8752529,856.8,-0.0,857.2,ASK
1232,1712190570.2510636,40529.8752529,856.8,-0.0,857.2,ASK
1233,1712190576.4657156,41691.29525024,856.8,-9.4116791299473e-07,857.2,ASK
1234,1712190600.3361287,41691.29525024,856.8,-0.0,857.2,ASK
1235,1712190630.2573185,41691.29525024,856.8,-0.0,857.2,ASK
1236,1712190660.3538854,41691.29525024,856.8,-0.0,857.2,ASK
1237,1712190690.3501992,41691.29525024,856.8,-0.0,857.2,ASK
1238,1712190720.2916353,41691.29525024,856.8,-0.0,857.2,ASK
1239,1712190750.2334757,41691.29525024,856.8,-0.0,857.2,ASK
1240,1712190780.2703795,41691.29525024,856.8,-0.0,857.2,ASK
1241,1712190796.049734,41714.64064536,856.7,1.9049290697602363e-08,857.2,BID
1242,1712190810.2375116,41714.64064536,856.7,0.0,857.2,BID
1243,1712190840.3452034,41714.64064536,856.7,0.0,857.2,BID
1244,1712190870.3612092,41714.64064536,856.7,0.0,857.2,BID
1245,1712190900.2893586,41714.64064536,856.7,0.0,857.2,BID
1246,1712190930.2617834,41714.64064536,856.7,0.0,857.2,BID
1247,1712190940.3758962,41720.59372111,856.7,5.307168493908879e-09,857.2,BID
1248,1712190960.3663423,41720.59372111,856.7,0.0,857.2,BID
1249,1712190990.362546,41720.59372111,856.7,0.0,857.2,BID
1250,1712191020.2229264,41720.59372111,856.7,0.0,857.2,BID
1251,1712191050.302914,41720.59372111,856.7,0.0,857.2,BID
1252,1712191080.3531587,41720.59372111,856.7,0.0,857.2,BID
1253,1712191110.3751583,41720.59372111,856.7,0.0,857.2,BID
1254,1712191140.2544775,41720.59372111,856.7,0.0,857.2,BID
1255,1712191159.454292,42071.14291484,855.8,3.1251327145786095e-07,857.2,BID
1256,1712191170.2673736,42071.14291484,855.8,0.0,857.2,BID
1257,1712191200.2691467,42071.14291484,855.8,0.0,857.2,BID
1258,1712191230.2694285,42071.14291484,855.8,0.0,857.2,BID
1259,1712191260.3651197,42071.14291484,855.8,0.0,857.2,BID
1260,1712191290.365949,42071.14291484,855.8,0.0,857.2,BID
1261,1712191320.275511,42071.14291484,855.8,0.0,857.2,BID
1262,1712191350.244237,42071.14291484,855.8,0.0,857.2,BID
1263,1712191380.3464477,42071.14291484,855.8,0.0,857.2,BID
1264,1712191410.3658276,42071.14291484,855.8,0.0,857.2,BID
1265,1712191440.3370595,42071.14291484,855.8,0.0,857.2,BID
1266,1712191470.2609062,42071.14291484,855.8,0.0,857.2,BID
1267,1712191500.279107,42071.14291484,855.8,0.0,857.2,BID
1268,1712191530.267419,42071.14291484,855.8,0.0,857.2,BID
1269,1712191560.3668673,42071.14291484,855.8,0.0,857.2,BID
1270,1712191590.357018,42071.14291484,855.8,0.0,857.2,BID
1271,1712191612.907496,43348.44189658,854.4,-1.1758313708573188e-06,857.2,ASK
1272,1712191613.013599,44008.574762,854.4,6.076924378639835e-07,857.2,BID
1273,1712191620.2646208,44008.574762,854.4,0.0,857.2,BID
1274,1712191650.286827,44008.574762,854.4,0.0,857.2,BID
1275,1712191680.3678815,44008.574762,854.4,0.0,857.2,BID
1276,1712191710.368035,44008.574762,854.4,0.0,857.2,BID
1277,1712191718.148568,44014.41928166,856.7,5.372049527764304e-09,857.2,BID
1278,1712191730.1481693,44020.26243722,856.7,5.370795701415815e-09,857.2,BID
1279,1712191740.2494428,44020.26243722,856.7,0.0,857.2,BID
1280,1712191756.7283192,44031.93513478,856.7,1.0728979618018902e-08,857.2,BID
1281,1712191770.268493,44031.93513478,856.7,0.0,857.2,BID
1282,1712191800.2903988,44031.93513478,856.7,0.0,857.2,BID
1283,1712191830.239926,44031.93513478,856.7,0.0,857.2,BID
1284,1712191860.3696375,44031.93513478,856.7,0.0,857.2,BID
1285,1712191890.3607874,44031.93513478,856.7,0.0,857.2,BID
1286,1712191920.2463925,44031.93513478,856.7,0.0,857.2,BID
1287,1712191950.2737,44031.93513478,856.7,0.0,857.2,BID
1288,1712191980.3162358,44031.93513478,856.7,0.0,857.2,BID
1289,1712192010.3794851,44031.93513478,856.7,0.0,857.2,BID
1290,1712192040.36152,44031.93513478,856.7,0.0,857.2,BID
1291,1712192070.395933,44031.93513478,856.7,0.0,857.2,BID
1292,1712192100.243037,44031.93513478,856.7,0.0,857.2,BID
1293,1712192109.4788637,44032.87845777,856.7,8.84135820545489e-10,857.2,BID
1294,1712192109.488893,44066.95322746,856.7,3.1936807200778286e-08,857.2,BID
1295,1712192130.273152,44066.95322746,856.7,0.0,857.2,BID
1296,1712192148.9900055,45297.62334563,856.6,1.153421418585991e-06,857.2,BID
1297,1712192160.3827193,45297.62334563,856.6,0.0,857.2,BID
1298,1712192190.3635366,45297.62334563,856.6,0.0,857.2,BID
1299,1712192199.4203146,45308.35642742,856.7,1.0049441233577337e-08,857.2,BID
1300,1712192199.4300623,47633.88042129,856.8,2.177400412195152e-06,857.2,BID
1301,1712192209.600612,47830.85931941,856.8,-1.8443238388028413e-07,857.2,ASK
1302,1712192220.2769778,47830.85931941,856.8,-0.0,857.2,ASK
1303,1712192250.274788,47830.85931941,856.8,-0.0,857.2,ASK
1304,1712192280.2837594,47830.85931941,856.8,-0.0,857.2,ASK
1305,1712192310.2658706,47830.85931941,856.8,-0.0,857.2,ASK
1306,1712192340.4031832,47830.85931941,856.8,-0.0,857.2,ASK
1307,1712192370.3817444,47830.85931941,856.8,-0.0,857.2,ASK
1308,1712192370.523927,47936.19639941,856.9,9.842763762642461e-08,857.2,BID
1309,1712192400.485124,47936.19639941,856.9,0.0,857.2,BID
1310,1712192430.3636284,47936.19639941,856.9,0.0,857.2,BID
1311,1712192460.2498028,47936.19639941,856.9,0.0,857.2,BID
1312,1712192461.7717476,47942.02934442,858.4,5.460275151086175e-09,858.4,BID
1313,1712192490.2605548,47942.02934442,858.4,0.0,858.4,BID
1314,1712192520.381253,47942.02934442,858.4,0.0,858.4,BID
1315,1712192550.376488,47942.02934442,858.4,0.0,858.4,BID
1316,1712192580.265017,47942.02934442,858.4,0.0,858.4,BID
1317,1712192610.2557034,47942.02934442,858.4,0.0,858.4,BID
1318,1712192640.3366811,47942.02934442,858.4,0.0,858.4,BID
1319,1712192670.3824024,47942.02934442,858.4,0.0,858.4,BID
1320,1712192700.2653728,47942.02934442,858.4,0.0,858.4,BID
1321,1712192730.252499,47942.02934442,858.4,0.0,858.4,BID
1322,1712192760.3797238,47942.02934442,858.4,0.0,858.4,BID
1323,1712192790.3672128,47942.02934442,858.4,0.0,858.4,BID
1324,1712192820.292778,47942.02934442,858.4,0.0,858.4,BID
1325,1712192841.539307,48556.77905251,858.2,5.83108806704694e-07,858.4,BID
1326,1712192850.241175,48556.77905251,858.2,0.0,858.4,BID
1327,1712192851.3294106,48573.71202376,858.4,1.605340504027438e-08,858.4,BID
1328,1712192880.3792408,48573.71202376,858.4,0.0,858.4,BID
1329,1712192898.199452,48956.25430883,858.4,3.626665120859895e-07,858.4,BID
1330,1712192898.20283,49329.72614158,858.4,3.540673338138843e-07,858.4,BID
1331,1712192910.361231,49329.72614158,858.4,0.0,858.4,BID
1332,1712192940.2723742,49329.72614158,858.4,0.0,858.4,BID
1333,1712192947.7436967,49906.96821053,858.4,5.469137817401605e-07,858.4,BID
1334,1712192947.859418,50012.30529054,858.4,-9.980267185052693e-08,858.4,ASK
1335,1712192947.8681643,51413.37957455,858.4,-1.327461868052396e-06,858.4,ASK
1336,1712192952.4687204,54961.80500924,858.4,-3.361991230541066e-06,858.4,ASK
1337,1712192956.228958,55260.81058652,858.4,2.832958299956614e-07,858.4,BID
1338,1712192970.2507038,55260.81058652,858.4,0.0,858.4,BID
1339,1712193000.2793438,55260.81058652,858.4,0.0,858.4,BID
1340,1712193017.7486691,55273.40053451,858.5,1.2135893702943484e-08,858.5,BID
1341,1712193030.2718282,55273.40053451,858.5,0.0,858.5,BID
1342,1712193060.3487823,55273.40053451,858.5,0.0,858.5,BID
1343,1712193090.3583438,55273.40053451,858.5,0.0,858.5,BID
1344,1712193120.2527895,55273.40053451,858.5,0.0,858.5,BID
1345,1712193150.2816446,55273.40053451,858.5,0.0,858.5,BID
1346,1712193180.360776,55273.40053451,858.5,0.0,858.5,BID
1347,1712193210.3629885,55273.40053451,858.5,0.0,858.5,BID
1348,1712193240.229163,55273.40053451,858.5,0.0,858.5,BID
1349,1712193270.246793,55273.40053451,858.5,0.0,858.5,BID
1350,1712193282.7898924,55283.07897793,858.5,9.329294840659904e-09,858.5,BID
1351,1712193300.2912753,55283.07897793,858.5,0.0,858.5,BID
1352,1712193330.2481008,55283.07897793,858.5,0.0,858.5,BID
1353,1712193349.5380774,55294.72720157,858.5,1.1314587778168904e-08,858.5,BID
1354,1712193360.3608422,55294.72720157,858.5,0.0,858.5,BID
1355,1712193388.3779452,55345.68456907,858.5,4.9497333234931483e-08,858.5,BID
1356,1712193390.3728127,55345.68456907,858.5,0.0,858.5,BID
1357,1712193396.268437,55388.48773355,858.5,4.157499837781496e-08,858.5,BID
1358,1712193396.27105,55391.54374204,858.5,2.9683213743148e-09,858.5,BID
1359,1712193420.2525032,55391.54374204,858.5,0.0,858.5,BID
1360,1712193450.2814152,55391.54374204,858.5,0.0,858.5,BID
1361,1712193454.9284787,55435.04985735,858.5,4.2256163300613337e-08,858.5,BID
1362,1712193465.188174,55448.09947878,858.5,1.2674699412440541e-08,858.5,BID
1363,1712193480.3479464,55448.09947878,858.5,0.0,858.5,BID
1364,1712193510.3546023,55448.09947878,858.5,0.0,858.5,BID
1365,1712193522.5517912,56279.80893902,858.5,8.077759467218941e-07,858.5,BID
1366,1712193540.269075,56279.80893902,858.5,0.0,858.5,BID
1367,1712193570.281643,56279.80893902,858.5,0.0,858.5,BID
1368,1712193600.2748404,56279.80893902,858.5,0.0,858.5,BID
1369,1712193619.3642547,56579.80893902,858.5,2.915606893525948e-07,858.5,BID
1370,1712193630.2608526,56579.80893902,858.5,0.0,858.5,BID
1371,1712193660.321829,56579.80893902,858.5,0.0,858.5,BID
1372,1712193690.2378788,56579.80893902,858.5,0.0,858.5,BID
1373,1712193704.8980353,59095.43465251,858.4,-2.4442467504402045e-06,858.5,ASK
1374,1712193704.9000626,64353.65170653,858.4,-5.109019151170615e-06,858.5,ASK
1375,1712193720.353211,64353.65170653,858.4,-0.0,858.5,ASK
1376,1712193750.3850727,64353.65170653,858.4,-0.0,858.5,ASK
1377,1712193752.1381435,64397.68945117,858.4,4.251256745618271e-08,858.5,BID
1378,1712193780.258347,64397.68945117,858.4,0.0,858.5,BID
1379,1712193810.2578545,64397.68945117,858.4,0.0,858.5,BID
1380,1712193815.277973,65301.69459127,858.4,8.726645151583924e-07,858.5,BID
1381,1712193840.3618836,65301.69459127,858.4,0.0,858.5,BID
1382,1712193870.3579466,65301.69459127,858.4,0.0,858.5,BID
1383,1712193900.288057,65301.69459127,858.4,0.0,858.5,BID
1384,1712193930.2526658,65301.69459127,858.4,0.0,858.5,BID
1385,1712193960.36821,65301.69459127,858.4,0.0,858.5,BID
1386,1712193990.36205,65301.69459127,858.4,0.0,858.5,BID
1387,1712194020.274212,65301.69459127,858.4,0.0,858.5,BID
1388,1712194050.2910686,65301.69459127,858.4,0.0,858.5,BID
1389,1712194080.3474724,65301.69459127,858.4,0.0,858.5,BID
1390,1712194110.360559,65301.69459127,858.4,0.0,858.5,BID
1391,1712194140.268474,65301.69459127,858.4,0.0,858.5,BID
1392,1712194170.2506917,65301.69459127,858.4,0.0,858.5,BID
1393,1712194200.3581226,65301.69459127,858.4,0.0,858.5,BID
1394,1712194230.266066,65301.69459127,858.4,0.0,858.5,BID
1395,1712194260.36412,65301.69459127,858.4,0.0,858.5,BID
1396,1712194290.343378,65301.69459127,858.4,0.0,858.5,BID
1397,1712194320.2783487,65301.69459127,858.4,0.0,858.5,BID
1398,1712194322.198455,65359.94249434,858.4,5.675761588090532e-08,858.5,BID
1399,1712194350.2525303,65359.94249434,858.4,0.0,858.5,BID
1400,1712194361.234503,65845.19278625,858.4,4.728120059037755e-07,858.5,BID
1401,1712194361.2382605,66459.94249434,858.2,5.989919995034202e-07,858.5,BID
1402,1712194380.3624828,66459.94249434,858.2,0.0,858.5,BID
1403,1712194410.362868,66459.94249434,858.2,0.0,858.5,BID
1404,1712194440.2686,66459.94249434,858.2,0.0,858.5,BID
1405,1712194470.2752805,66459.94249434,858.2,0.0,858.5,BID
1406,1712194500.3534417,66459.94249434,858.2,0.0,858.5,BID
1407,1712194524.849353,66468.82023582,857.2,-8.693492485444786e-09,858.5,ASK
1408,1712194530.3520646,66468.82023582,857.2,-0.0,858.5,ASK
1409,1712194557.5192456,66577.42488416,857.1,-1.0634987068665177e-07,858.5,ASK
1410,1712194557.5234282,66694.09738445,857.1,-1.1425022324720369e-07,858.5,ASK
1411,1712194560.302607,66694.09738445,857.1,-0.0,858.5,ASK
1412,1712194570.4318757,66710.60460887,858.2,1.6161456629495032e-08,858.5,BID
1413,1712194590.2829762,66710.60460887,858.2,0.0,858.5,BID
1414,1712194616.878936,66727.09484895,858.2,1.6144604129353392e-08,858.5,BID
1415,1712194620.3711133,66727.09484895,858.2,0.0,858.5,BID
1416,1712194650.385919,66727.09484895,858.2,0.0,858.5,BID
1417,1712194680.2712457,66727.09484895,858.2,0.0,858.5,BID
1418,1712194710.2586825,66727.09484895,858.2,0.0,858.5,BID
1419,1712194740.3514311,66727.09484895,858.2,0.0,858.5,BID
1420,1712194770.3537605,66727.09484895,858.2,0.0,858.5,BID
1421,1712194800.2982483,66727.09484895,858.2,0.0,858.5,BID
1422,1712194830.2480602,66727.09484895,858.2,0.0,858.5,BID
1423,1712194856.463097,66789.22936881,857.1,-6.08354364029312e-08,858.5,ASK
1424,1712194856.467571,66797.4348255,857.1,-8.03390031411838e-09,858.5,ASK
1425,1712194860.3576872,66797.4348255,857.1,-0.0,858.5,ASK
1426,1712194890.366085,66797.4348255,857.1,-0.0,858.5,ASK
1427,1712194920.2399347,66797.4348255,857.1,-0.0,858.5,ASK
1428,1712194931.7931786,68449.12677415,857.0,-1.6170635883062568e-06,858.5,ASK
1429,1712194931.7978327,68949.12677415,856.8,-4.895173066708783e-07,858.5,ASK
1430,1712194950.2502,68949.12677415,856.8,-0.0,858.5,ASK
1431,1712194980.375935,68949.12677415,856.8,-0.0,858.5,ASK
1432,1712195007.967896,69097.39347415,856.3,1.4489665778473828e-07,858.5,BID
1433,1712195007.971956,69181.87807415,856.3,8.256429916009817e-08,858.5,BID
1434,1712195007.9758089,69203.84155146,857.0,2.146425634044432e-08,858.5,BID
1435,1712195007.9796622,70830.25327837,856.3,1.5894440451643837e-06,858.5,BID
1436,1712195010.3615146,70830.25327837,856.3,0.0,858.5,BID
1437,1712195040.266619,70830.25327837,856.3,0.0,858.5,BID
1438,1712195070.256925,70830.25327837,856.3,0.0,858.5,BID
1439,1712195070.6472266,70888.64402927,856.0,5.697386385085944e-08,858.5,BID
1440,1712195079.506954,71005.46645917,856.0,1.1398766265650709e-07,858.5,BID
1441,1712195090.5084844,71111.54795357,855.0,-1.0350736248266953e-07,858.5,ASK
1442,1712195090.511695,71462.42514655,855.0,-3.423629446973729e-07,858.5,ASK
1443,1712195090.514809,71962.42514655,855.0,-4.878671961971733e-07,858.5,ASK
1444,1712195090.6266437,72226.546427,855.0,2.5771221709829324e-07,858.5,BID
1445,1712195100.2704196,72226.546427,855.0,0.0,858.5,BID
1446,1712195125.0116198,72547.22046819,855.2,-3.1294088666843137e-07,858.5,ASK
1447,1712195125.0173628,72577.42361998,855.1,-2.9474793364219672e-08,858.5,ASK
1448,1712195129.837474,73132.01578983,855.1,-5.412180066966743e-07,858.5,ASK
1449,1712195130.2632136,73132.01578983,855.1,-0.0,858.5,ASK
1450,1712195153.064131,74753.41206265,855.0,1.5811010741802337e-06,858.5,BID
1451,1712195154.1868813,77455.73918401,855.0,2.6351684569605664e-06,858.5,BID
1452,1712195160.3664134,77455.73918401,855.0,0.0,858.5,BID
1453,1712195190.3612325,77455.73918401,855.0,0.0,858.5,BID
1454,1712195192.3573189,78955.73918401,855.0,1.4574677202701373e-06,858.5,BID
1455,1712195220.2537136,78955.73918401,855.0,0.0,858.5,BID
1456,1712195250.2594438,78955.73918401,855.0,0.0,858.5,BID
1457,1712195280.3464248,78955.73918401,855.0,0.0,858.5,BID
1458,1712195310.3666775,78955.73918401,855.0,0.0,858.5,BID
1459,1712195340.3005693,78955.73918401,855.0,0.0,858.5,BID
1460,1712195370.2669642,78955.73918401,855.0,0.0,858.5,BID
1461,1712195400.3178737,78955.73918401,855.0,0.0,858.5,BID
1462,1712195430.2585316,78955.73918401,855.0,0.0,858.5,BID
1463,1712195437.8308866,79189.79418601,854.5,-2.271593493742418e-07,858.5,ASK
1464,1712195438.8063445,79774.77618874,854.3,-5.677474525231107e-07,858.5,ASK
1465,1712195438.8083315,79798.18442844,854.4,-2.2718593727165456e-08,858.5,ASK
1466,1712195438.8102226,79821.59540818,854.3,-2.2721253040994363e-08,858.5,ASK
1467,1712195438.812105,79821.5954091,854.5,-8.928964077852133e-16,858.5,ASK
1468,1712195438.8139925,79830.50328501,854.3,-8.645434956441344e-09,858.5,ASK
1469,1712195438.8220592,79830.50328689,854.3,-1.8246174687766133e-15,858.5,ASK
1470,1712195438.9225545,80415.55377265,854.2,-5.678139179282735e-07,858.5,ASK
1471,1712195438.9244914,80459.58327394,854.2,-4.2732318390313865e-08,858.5,ASK
1472,1712195456.5965908,80620.01077051,854.1,-1.557010336509614e-07,858.5,ASK
1473,1712195460.3563664,80620.01077051,854.1,-0.0,858.5,ASK
1474,1712195490.3795414,80620.01077051,854.1,-0.0,858.5,ASK
1475,1712195520.286394,80620.01077051,854.1,-0.0,858.5,ASK
1476,1712195550.2588365,80620.01077051,854.1,-0.0,858.5,ASK
1477,1712195580.346756,80620.01077051,854.1,-0.0,858.5,ASK
1478,1712195584.956075,80625.86691086,854.8,5.6757768944001195e-09,858.5,BID
1479,1712195590.4766543,84389.44712717,854.1,-3.647665587784486e-06,858.5,ASK
1480,1712195610.3837674,84389.44712717,854.1,-0.0,858.5,ASK
1481,1712195640.236123,84389.44712717,854.1,-0.0,858.5,ASK
1482,1712195670.2924557,84389.44712717,854.1,-0.0,858.5,ASK
1483,1712195685.8059416,84401.15535805,854.1,-1.1312330575940665e-08,858.5,ASK
1484,1712195685.8091774,93142.89755735,854.1,-8.446150283647042e-06,858.5,ASK
1485,1712195700.391971,93142.89755735,854.1,-0.0,858.5,ASK
1486,1712195715.676658,94657.05306735,854.1,1.4792420337513594e-06,858.5,BID
1487,1712195715.7367244,95114.701342,854.1,4.470957970070482e-07,858.5,BID
1488,1712195730.3701558,95114.701342,854.1,0.0,858.5,BID
1489,1712195732.5165637,95214.701342,854.1,9.753372402873888e-08,858.5,BID
1490,1712195740.666264,95429.701342,854.1,2.0969750666178857e-07,858.5,BID
1491,1712195740.7660124,95488.24249645,854.1,5.7097368024495706e-08,858.5,BID
1492,1712195760.3545074,95488.24249645,854.1,0.0,858.5,BID
1493,1712195773.2464542,95523.34249645,854.0,-3.42236876446155e-08,858.5,ASK
1494,1712195773.256126,95647.97598016,854.0,-1.2152186371939077e-07,858.5,ASK
1495,1712195779.4567196,97241.21690294,854.1,1.553463808656195e-06,858.5,BID
1496,1712195790.366153,97241.21690294,854.1,0.0,858.5,BID
1497,1712195797.4863489,98398.24554359,854.1,1.1264975900187428e-06,858.5,BID
1498,1712195798.6128702,99619.95360944,854.1,1.1894702892689915e-06,858.5,BID
1499,1712195820.252407,99619.95360944,854.1,0.0,858.5,BID
1500,1712195850.2722142,99619.95360944,854.1,0.0,858.5,BID
1501,1712195867.3662553,100282.85866458,854.1,6.441385225126309e-07,858.5,BID
1502,1712195867.4461548,100327.30266458,854.7,4.318581110911487e-08,858.5,BID
1503,1712195880.350202,100327.30266458,854.7,0.0,858.5,BID
1504,1712195889.3935013,100338.20778998,854.0,-1.0590189212688994e-08,858.5,ASK
1505,1712195893.4863374,100349.90369641,855.0,1.1358132764561424e-08,858.5,BID
1506,1712195910.36614,100349.90369641,855.0,0.0,858.5,BID
1507,1712195940.246779,100349.90369641,855.0,0.0,858.5,BID
1508,1712195970.2711616,100349.90369641,855.0,0.0,858.5,BID
1509,1712195986.4518044,100354.23785388,855.0,4.2089095871084406e-09,858.5,BID
1510,1712196000.4901626,100354.23785388,855.0,0.0,858.5,BID
1511,1712196030.3692029,100354.23785388,855.0,0.0,858.5,BID
1512,1712196054.2061973,100365.91736801,856.2,1.147223554326954e-08,858.5,BID
1513,1712196058.866305,100372.92507649,856.2,6.883341327919955e-09,858.5,BID
1514,1712196060.2750173,100372.92507649,856.2,0.0,858.5,BID
1515,1712196090.2576127,100372.92507649,856.2,0.0,858.5,BID
1516,1712196120.3613164,100372.92507649,856.2,0.0,858.5,BID
1517,1712196150.3569736,100372.92507649,856.2,0.0,858.5,BID
1518,1712196180.2614093,100372.92507649,856.2,0.0,858.5,BID
1519,1712196183.197219,100403.24357444,856.2,2.9779961704314146e-08,858.5,BID
1520,1712196183.1994417,100417.46132273,856.2,1.3965203694990272e-08,858.5,BID
1521,1712196210.2698169,100417.46132273,856.2,0.0,858.5,BID
1522,1712196240.362258,100417.46132273,856.2,0.0,858.5,BID
1523,1712196270.356181,100417.46132273,856.2,0.0,858.5,BID
1524,1712196274.795772,101006.36442273,856.1,5.784209678990076e-07,858.5,BID
1525,1712196274.7979536,102450.57562273,856.1,1.4185050819983731e-06,858.5,BID
1526,1712196286.566558,102474.04158932,856.2,2.3048286055331508e-08,858.5,BID
1527,1712196286.570806,102517.66947498,856.2,4.285133471167432e-08,858.5,BID
1528,1712196300.2694695,102517.66947498,856.2,0.0,858.5,BID
1529,1712196330.2440903,102517.66947498,856.2,0.0,858.5,BID
1530,1712196360.3558314,102517.66947498,856.2,0.0,858.5,BID
1531,1712196390.3562872,102517.66947498,856.2,0.0,858.5,BID
1532,1712196417.5965557,102600.28847813,856.7,8.28886121270271e-08,858.5,BID
1533,1712196420.258351,102600.28847813,856.7,0.0,858.5,BID
1534,1712196437.1409504,102803.16241177,856.7,2.035215159795941e-07,858.5,BID
1535,1712196450.2533832,102803.16241177,856.7,0.0,858.5,BID
1536,1712196480.367179,102803.16241177,856.7,0.0,858.5,BID
1537,1712196510.3609724,102803.16241177,856.7,0.0,858.5,BID
1538,1712196540.2372444,102803.16241177,856.7,0.0,858.5,BID
1539,1712196570.2628803,102803.16241177,856.7,0.0,858.5,BID
1540,1712196600.2715435,102803.16241177,856.7,0.0,858.5,BID
1541,1712196630.251653,102803.16241177,856.7,0.0,858.5,BID
1542,1712196660.356662,102803.16241177,856.7,0.0,858.5,BID
1543,1712196690.3630576,102803.16241177,856.7,0.0,858.5,BID
1544,1712196720.2804668,102803.16241177,856.7,0.0,858.5,BID
1545,1712196750.550441,102803.16241177,856.7,0.0,858.5,BID
1546,1712196780.3600016,102803.16241177,856.7,0.0,858.5,BID
1547,1712196795.8228743,103094.87578168,856.1,-2.943442784073001e-07,858.5,ASK
1548,1712196810.3791275,103094.87578168,856.1,-0.0,858.5,ASK
1549,1712196840.2532103,103094.87578168,856.1,-0.0,858.5,ASK
1550,1712196867.9702013,103169.2461261,856.5,7.502217199365842e-08,858.5,BID
1551,1712196870.2676208,103169.2461261,856.5,0.0,858.5,BID
1552,1712196872.599596,103236.17572329,856.5,6.751187138922417e-08,858.5,BID
1553,1712196900.280516,103236.17572329,856.5,0.0,858.5,BID
1554,1712196914.7415185,103278.91202329,856.4,4.3155297002135413e-08,858.5,BID
1555,1712196914.7462797,103290.38261178,856.5,1.1583048908663446e-08,858.5,BID
1556,1712196930.241706,103290.38261178,856.5,0.0,858.5,BID
1557,1712196960.3698254,103290.38261178,856.5,0.0,858.5,BID
1558,1712196990.3569715,103290.38261178,856.5,0.0,858.5,BID
1559,1712197020.4634445,103290.38261178,856.5,0.0,858.5,BID
1560,1712197050.2851875,103290.38261178,856.5,0.0,858.5,BID
1561,1712197073.5734017,103336.46606778,856.5,4.653308789933684e-08,858.5,BID
1562,1712197073.693934,103575.61005839,856.5,-2.414772957925493e-07,858.5,ASK
1563,1712197073.6977367,105625.4672586,856.5,-2.069857462046136e-06,858.5,ASK
1564,1712197080.2830749,105625.4672586,856.5,-0.0,858.5,ASK
1565,1712197092.2431936,105770.99534644,856.1,-1.4665182617047958e-07,858.5,ASK
1566,1712197092.2479458,106489.5708362,856.1,-7.241241837143114e-07,858.5,ASK
1567,1712197103.233479,106549.83225396,856.1,-6.072674418592378e-08,858.5,ASK
1568,1712197103.238414,106831.2567642,856.1,-2.8359761313707645e-07,858.5,ASK
1569,1712197104.763599,110415.23825991,856.0,-3.611656272738993e-06,858.5,ASK
1570,1712197104.768455,110415.2382602,856.1,-2.9224447919770773e-16,858.5,ASK
1571,1712197104.8628423,112409.04894399,856.0,-2.0092064848503508e-06,858.5,ASK
1572,1712197105.1081214,112656.53774948,855.0,-2.49399863768994e-07,858.5,ASK
1573,1712197105.1237912,113046.52054347,855.0,-3.9299416190072613e-07,858.5,ASK
1574,1712197105.1260812,114426.44554331,855.0,-1.3905805003589055e-06,858.5,ASK
1575,1712197105.1283,120352.76405197,855.0,-5.972080336260506e-06,858.5,ASK
1576,1712197105.130479,121611.78484747,855.0,-1.2687426983145168e-06,858.5,ASK
1577,1712197110.258202,121611.78484747,855.0,-0.0,858.5,ASK
1578,1712197140.3487003,121611.78484747,855.0,-0.0,858.5,ASK
1579,1712197143.7142348,121620.69481117,854.1,-8.856712027218407e-09,858.5,ASK
1580,1712197143.725,121749.15864538,854.0,-1.276960517257532e-07,858.5,ASK
1581,1712197143.7289338,121911.78484747,853.3,-1.6165424332658097e-07,858.5,ASK
1582,1712197170.373458,121911.78484747,853.3,-0.0,858.5,ASK
1583,1712197200.2881875,121911.78484747,853.3,-0.0,858.5,ASK
1584,1712197207.0939038,121923.4807539,855.0,1.1748625189622236e-08,858.5,BID
1585,1712197211.5113568,121935.17666033,855.0,1.1748625189622236e-08,858.5,BID
1586,1712197224.685178,122045.50664002,853.3,-1.1082728699259072e-07,858.5,ASK
1587,1712197226.284623,122167.9240196,853.3,-1.229691702809585e-07,858.5,ASK
1588,1712197226.2887857,123119.64825402,853.3,-9.560140875783418e-07,858.5,ASK
1589,1712197230.2556107,123119.64825402,853.3,-0.0,858.5,ASK
1590,1712197231.195001,123119.64825501,853.3,-9.934443072231964e-16,858.5,ASK
1591,1712197231.200039,123364.11484175,853.0,-2.453145208864348e-07,858.5,ASK
1592,1712197231.2048204,123399.28483002,853.0,-3.529197563188504e-08,858.5,ASK
1593,1712197260.362066,123399.28483002,853.0,-0.0,858.5,ASK
1594,1712197290.3793058,123399.28483002,853.0,-0.0,858.5,ASK
1595,1712197293.7404082,123399.28483179,853.0,-1.775721909330625e-15,858.5,ASK
1596,1712197307.2351048,123405.26513197,852.8,-5.999606845009231e-09,858.5,ASK
1597,1712197307.2402022,123442.0057511,852.8,-3.685923170878712e-08,858.5,ASK
1598,1712197307.4057918,123638.8099311,852.0,-1.9743953813647825e-07,858.5,ASK
1599,1712197314.825359,123638.80993116,852.0,-6.019124120040585e-17,858.5,ASK
1600,1712197314.884568,124959.99808816,851.7,-1.3254534507827929e-06,858.5,ASK
1601,1712197320.1406808,125973.93463704,851.7,-1.0172099185625497e-06,858.5,ASK
1602,1712197320.1431806,126178.72246268,851.7,-2.054489579964048e-07,858.5,ASK
1603,1712197320.145504,127214.86998801,851.6,-1.0394926004235214e-06,858.5,ASK
1604,1712197320.3018818,127214.86998801,851.6,-0.0,858.5,ASK
1605,1712197325.8149166,128513.84716856,851.6,-1.2989359420178026e-06,858.5,ASK
1606,1712197325.875542,128708.79136856,851.5,-1.949380111209569e-07,858.5,ASK
1607,1712197335.6352556,128741.90657701,851.5,-3.31141571439257e-08,858.5,ASK
1608,1712197335.6403897,128881.8420012,851.5,-1.3993098167046916e-07,858.5,ASK
1609,1712197350.2547994,128881.8420012,851.5,-0.0,858.5,ASK
1610,1712197380.3914554,128881.8420012,851.5,-0.0,858.5,ASK
1611,1712197410.3740518,128881.8420012,851.5,-0.0,858.5,ASK
1612,1712197440.2512178,128881.8420012,851.5,-0.0,858.5,ASK
1613,1712197456.5757358,128887.71738256,852.2,5.8668667498862075e-09,858.5,BID
1614,1712197460.0258312,128893.58038021,852.2,5.854500986363553e-09,858.5,BID
1615,1712197462.7960553,128899.43857606,852.2,5.849706145143884e-09,858.5,BID
1616,1712197466.7356071,128905.29677191,852.2,5.849706145143884e-09,858.5,BID
1617,1712197470.2688663,128905.29677191,852.2,0.0,858.5,BID
1618,1712197471.9563622,129022.64011854,852.2,1.171709538660542e-07,858.5,BID
1619,1712197500.3687131,129022.64011854,852.2,0.0,858.5,BID
1620,1712197530.3749912,129022.64011854,852.2,0.0,858.5,BID
1621,1712197560.2839532,129022.64011854,852.2,0.0,858.5,BID
1622,1712197590.280568,129022.64011854,852.2,0.0,858.5,BID
1623,1712197620.3870847,129022.64011854,852.2,0.0,858.5,BID
1624,1712197628.136987,129032.4521569,852.2,9.841260294158252e-09,858.5,BID
1625,1712197650.3646846,129032.4521569,852.2,0.0,858.5,BID
1626,1712197680.2833982,129032.4521569,852.2,0.0,858.5,BID
1627,1712197709.9764793,129115.0310703,852.1,8.282415295294745e-08,858.5,BID
1628,1712197710.2801905,129115.0310703,852.1,0.0,858.5,BID
1629,1712197715.560912,129120.90645166,852.1,5.892413978549505e-09,858.5,BID
1630,1712197728.11729,129126.77288399,852.1,5.883439005466024e-09,858.5,BID
1631,1712197740.36264,129126.77288399,852.1,0.0,858.5,BID
1632,1712197770.380584,129126.77288399,852.1,0.0,858.5,BID
1633,1712197778.6221538,129132.64275503,852.2,5.8868286145964225e-09,858.5,BID
1634,1712197780.678286,129138.5112501,852.2,5.885448669523584e-09,858.5,BID
1635,1712197800.3916266,129138.5112501,852.2,0.0,858.5,BID
1636,1712197826.8134365,129150.24558476,852.2,1.180101339590802e-08,858.5,BID
1637,1712197830.280425,129150.24558476,852.2,0.0,858.5,BID
1638,1712197860.3586822,129150.24558476,852.2,0.0,858.5,BID
1639,1712197866.0788784,129267.67160636,851.6,-1.180920911169128e-07,858.5,ASK
1640,1712197866.084224,129279.41558756,851.5,-1.1810595973942344e-08,858.5,ASK
1641,1712197866.0893931,129366.08704056,852.0,-8.716307497649084e-08,858.5,ASK
1642,1712197866.0936906,129375.0231608,851.6,-8.986808130219234e-09,858.5,ASK
1643,1712197866.096038,129967.21962433,851.5,-5.95555548739631e-07,858.5,ASK
1644,1712197890.3683336,129967.21962433,851.5,-0.0,858.5,ASK
1645,1712197891.251835,133751.67335596,851.5,-3.803259120212438e-06,858.5,ASK
1646,1712197891.2560265,136086.79806184,851.4,-2.3467282107968496e-06,858.5,ASK
1647,1712197891.2596076,138421.92276772,851.3,-2.3467282107968496e-06,858.5,ASK
1648,1712197891.2635458,140757.0474736,850.7,-2.3467282107968204e-06,858.5,ASK
1649,1712197891.2663648,140786.85297042,851.4,-2.9953603783223885e-08,858.5,ASK
1650,1712197904.0188658,140792.85297042,851.4,-6.0298146944040054e-09,858.5,ASK
1651,1712197920.285988,140792.85297042,851.4,-0.0,858.5,ASK
1652,1712197928.74024,140799.01455042,850.7,-6.135376366686922e-09,858.5,ASK
1653,1712197928.745761,143134.1392563,850.6,-2.3251940141582e-06,858.5,ASK
1654,1712197928.750075,145469.26396218,850.2,-2.3251940141582e-06,858.5,ASK
1655,1712197928.7543604,147804.38866806,850.1,-2.3251940141582e-06,858.5,ASK
1656,1712197928.7580135,150139.51337394,850.0,-2.3251940141581706e-06,858.5,ASK
1657,1712197928.760429,150245.52752488,848.0,-1.05563299707735e-07,858.5,ASK
1658,1712197928.762884,152580.65223076,850.3,-2.3251940141582e-06,858.5,ASK
1659,1712197928.7653918,153078.03050506,848.0,-4.952630509465253e-07,858.5,ASK
1660,1712197928.768159,153089.03050506,846.7,-1.0953219796499598e-08,858.5,ASK
1661,1712197928.7706263,153105.73815211,850.0,-1.6636593674609575e-08,858.5,ASK
1662,1712197928.7731545,155801.15224297,846.7,-2.6839511799792706e-06,858.5,ASK
