,time,acc_trade_volume,trade_price,dev,high,ask_bid
0,1712173460.2690089,66643084.43250343,58.08,0.0,60.08,ASK
1,1712173470.4726267,66643084.43250343,58.08,-0.0,60.08,ASK
2,1712173494.5830283,66646647.7629751,58.08,-8.164815760998185e-07,60.08,ASK
3,1712173494.5843878,66650333.18250343,58.09,-8.444563783831545e-07,60.08,ASK
4,1712173500.362556,66650333.18250343,58.09,-0.0,60.08,ASK
5,1712173523.8825595,66654384.91623207,58.09,9.294320487953094e-07,60.08,BID
6,1712173530.333263,66654384.91623207,58.09,0.0,60.08,BID
7,1712173533.4621496,66654488.20423344,58.09,2.3692079087829333e-08,60.08,BID
8,1712173560.4921408,66654488.20423344,58.09,0.0,60.08,BID
9,1712173588.120598,66658780.16902878,58.09,9.844844326717049e-07,60.08,BID
10,1712173590.492192,66658780.16902878,58.09,0.0,60.08,BID
11,1712173620.3323216,66658780.16902878,58.09,0.0,60.08,BID
12,1712173636.6222763,66658883.35045612,58.15,2.366624724867988e-08,60.08,BID
13,1712173650.342268,66658883.35045612,58.15,0.0,60.08,BID
14,1712173680.482187,66658883.35045612,58.15,0.0,60.08,BID
15,1712173692.5621617,66661370.50045446,58.15,5.704653184177905e-07,60.08,BID
16,1712173692.6021743,66665998.91902878,58.15,1.0615975222752125e-06,60.08,BID
17,1712173710.4820893,66665998.91902878,58.15,0.0,60.08,BID
18,1712173740.3248286,66665998.91902878,58.15,0.0,60.08,BID
19,1712173740.7320411,66666101.97639738,58.22,2.3635516823139367e-08,60.08,BID
20,1712173747.832165,66666227.62183628,58.1,-2.8815939367514214e-08,60.08,ASK
21,1712173770.3330405,66666227.62183628,58.1,-0.0,60.08,ASK
22,1712173800.352079,66666227.62183628,58.1,-0.0,60.08,ASK
23,1712173829.6820638,66670856.04041028,58.11,-1.0621012637375012e-06,60.08,ASK
24,1712173830.3132484,66670856.04041028,58.11,-0.0,60.08,ASK
25,1712173860.4817114,66670856.04041028,58.11,-0.0,60.08,ASK
26,1712173873.3029342,66709666.02200028,58.11,-8.905328231954542e-06,60.08,ASK
27,1712173890.4830873,66709666.02200028,58.11,-0.0,60.08,ASK
28,1712173891.8420303,66776774.27588836,58.11,-1.5390677896487598e-05,60.08,ASK
29,1712173891.8431482,66783109.0302259,58.11,-1.4528192571525597e-06,60.08,ASK
30,1712173903.2719147,66783109.03022592,58.11,-3.4174480623596226e-18,60.08,ASK
31,1712173903.273214,66948861.69629792,58.11,-3.80138916779576e-05,60.08,ASK
32,1712173920.3148258,66948861.69629792,58.11,-0.0,60.08,ASK
33,1712173950.3232222,66948861.69629792,58.11,-0.0,60.08,ASK
34,1712173980.4835744,66948861.69629792,58.11,-0.0,60.08,ASK
35,1712173986.4020543,66949861.69629792,58.13,2.2861229545801098e-07,60.08,BID
36,1712174010.4816751,66949861.69629792,58.13,0.0,60.08,BID
37,1712174040.323079,66949861.69629792,58.13,0.0,60.08,BID
38,1712174070.3416257,66949861.69629792,58.13,0.0,60.08,BID
39,1712174100.47142,66949861.69629792,58.13,0.0,60.08,BID
40,1712174130.4718225,66949861.69629792,58.13,0.0,60.08,BID
41,1712174160.3621776,66949861.69629792,58.13,0.0,60.08,BID
42,1712174190.3623948,66949861.69629792,58.13,0.0,60.08,BID
43,1712174220.36344,66949861.69629792,58.13,0.0,60.08,BID
44,1712174250.3524096,66949861.69629792,58.13,0.0,60.08,BID
45,1712174280.482489,66949861.69629792,58.13,0.0,60.08,BID
46,1712174310.4839375,66949861.69629792,58.13,0.0,60.08,BID
47,1712174340.3050537,66949861.69629792,58.13,0.0,60.08,BID
48,1712174370.3237643,66949861.69629792,58.13,0.0,60.08,BID
49,1712174400.4030063,66949861.69629792,58.13,0.0,60.08,BID
50,1712174430.3243082,66949861.69629792,58.13,0.0,60.08,BID
51,1712174460.472737,66949861.69629792,58.13,0.0,60.08,BID
52,1712174490.4831152,66949861.69629792,58.13,0.0,60.08,BID
53,1712174520.3249896,66949861.69629792,58.13,0.0,60.08,BID
54,1712174538.1830828,66951151.71350962,58.1,-2.9601013037133285e-07,60.08,ASK
55,1712174540.193385,66955205.2327695,58.09,-9.301292678100728e-07,60.08,ASK
56,1712174550.316327,66955205.2327695,58.09,-0.0,60.08,ASK
57,1712174559.3854854,66959002.4160983,58.09,-8.712478140076731e-07,60.08,ASK
58,1712174569.226374,66959910.29462399,58.09,-2.083089259605871e-07,60.08,ASK
59,1712174580.4732478,66959910.29462399,58.09,-0.0,60.08,ASK
60,1712174598.6533847,66998738.13085399,58.09,-8.908325776551616e-06,60.08,ASK
61,1712174610.4749262,66998738.13085399,58.09,-0.0,60.08,ASK
62,1712174640.3070571,66998738.13085399,58.09,-0.0,60.08,ASK
63,1712174653.6686034,67002638.13085399,58.09,-8.943197588128072e-07,60.08,ASK
64,1712174654.3731115,67005230.94371699,58.09,-5.945650703294023e-07,60.08,ASK
65,1712174663.1231828,67017832.15775814,58.09,-2.8896191543668763e-06,60.08,ASK
66,1712174663.226998,67031451.94900041,58.09,-3.123191902274148e-06,60.08,ASK
67,1712174663.227945,67034033.71866816,58.09,-5.920327247626328e-07,60.08,ASK
68,1712174663.2288456,67059188.72029816,58.08,-5.768362818122579e-06,60.08,ASK
69,1712174663.463293,67059300.09849816,58.08,-2.554044229644696e-08,60.08,ASK
70,1712174663.4646044,67071789.93433931,58.08,-2.8640787120687207e-06,60.08,ASK
71,1712174670.3262002,67071789.93433931,58.08,-0.0,60.08,ASK
72,1712174700.4748852,67071789.93433931,58.08,-0.0,60.08,ASK
73,1712174722.0936189,67071962.19962785,58.05,-3.9620418912770825e-08,60.08,ASK
74,1712174722.0952718,67072134.46491639,58.05,-3.9620418914484425e-08,60.08,ASK
75,1712174726.8899958,67077501.01592665,58.03,-1.234288120062986e-06,60.08,ASK
76,1712174730.483379,67077501.01592665,58.03,-0.0,60.08,ASK
77,1712174742.7233129,67101463.53266025,58.03,-5.510875671627857e-06,60.08,ASK
78,1712174760.3353071,67101463.53266025,58.03,-0.0,60.08,ASK
79,1712174761.6435077,67140355.93951026,58.03,-8.941577411262192e-06,60.08,ASK
80,1712174761.7233107,67148753.54245164,58.03,-1.930654923439837e-06,60.08,ASK
81,1712174761.7832515,67158888.89056364,58.03,-2.330172058599398e-06,60.08,ASK
82,1712174767.225971,67158975.89056253,58.01,-2.0001776385819253e-08,60.08,ASK
83,1712174767.2279525,67162473.14103658,58.01,-8.040370440662258e-07,60.08,ASK
84,1712174767.2346523,67162473.14103708,58.03,-1.1305333367332338e-16,60.08,ASK
85,1712174767.236221,67162673.14103708,58.01,-4.598109572260413e-08,60.08,ASK
86,1712174767.2377915,67162845.49539764,58.02,-3.962521175686232e-08,60.08,ASK
87,1712174769.3139868,67165802.08606783,58.0,-6.797363930912831e-07,60.08,ASK
88,1712174769.3153896,67169250.36192988,58.0,-7.927775124550295e-07,60.08,ASK
89,1712174769.316753,67169250.36193098,58.01,-2.535135361159373e-16,60.08,ASK
90,1712174769.3181045,67169422.87917235,58.0,-3.966265894700888e-08,60.08,ASK
91,1712174769.3195057,67184658.21381363,58.0,-3.5026869025325026e-06,60.08,ASK
92,1712174769.3934,67188084.69023061,58.0,-7.87765700600925e-07,60.08,ASK
93,1712174769.3950973,67216556.25300264,58.0,-6.545768265965504e-06,60.08,ASK
94,1712174769.433477,67217556.25300264,58.0,-2.299054786130206e-07,60.08,ASK
95,1712174769.4351895,67222961.11953488,58.0,-1.242608426933292e-06,60.08,ASK
96,1712174773.6735468,67223961.11953488,57.99,-2.299054786130206e-07,60.08,ASK
97,1712174790.3250566,67223961.11953488,57.99,-0.0,60.08,ASK
98,1712174820.4951391,67223961.11953488,57.99,-0.0,60.08,ASK
99,1712174850.4835498,67223961.11953488,57.99,-0.0,60.08,ASK
100,1712174880.324666,67223961.11953488,57.99,-0.0,60.08,ASK
101,1712174910.3136585,67223961.11953488,57.99,-0.0,60.08,ASK
102,1712174940.4735415,67223961.11953488,57.99,-0.0,60.08,ASK
103,1712174941.5038471,67224061.11953488,57.98,-2.2953046038200063e-08,60.08,ASK
104,1712174970.473434,67224061.11953488,57.98,-0.0,60.08,ASK
105,1712175000.3739254,67224061.11953488,57.98,-0.0,60.08,ASK
106,1712175009.673716,67224235.28303953,57.97,3.997635272220507e-08,60.08,BID
107,1712175030.333536,67224235.28303953,57.97,0.0,60.08,BID
108,1712175031.103807,67224323.37827763,57.96,-2.022075840430536e-08,60.08,ASK
109,1712175060.4749672,67224323.37827763,57.96,-0.0,60.08,ASK
110,1712175080.563642,67232861.92210063,57.96,1.959874712106889e-06,60.08,BID
111,1712175090.4835055,67232861.92210063,57.96,0.0,60.08,BID
112,1712175120.3335116,67232861.92210063,57.96,0.0,60.08,BID
113,1712175144.013961,67232861.92210096,57.96,7.523812440292369e-17,60.08,BID
114,1712175145.277075,67240008.81463696,58.03,1.6402589604281754e-06,60.08,BID
115,1712175145.2935493,67247461.92210096,58.03,1.710537305448868e-06,60.08,BID
116,1712175146.323704,67263061.92210096,58.06,3.5803028594302654e-06,60.08,BID
117,1712175146.483331,67278361.92210096,58.09,3.511450881364299e-06,60.08,BID
118,1712175150.3258328,67278361.92210096,58.09,0.0,60.08,BID
119,1712175180.4816272,67278361.92210096,58.09,0.0,60.08,BID
120,1712175205.597147,67280083.38879056,58.09,-3.948485594512393e-07,60.08,ASK
121,1712175210.4979212,67280083.38879056,58.09,-0.0,60.08,ASK
122,1712175240.343731,67280083.38879056,58.09,-0.0,60.08,ASK
123,1712175270.3464632,67280083.38879056,58.09,-0.0,60.08,ASK
124,1712175294.6739583,67283733.12191468,57.92,-8.371110646147971e-07,60.08,ASK
125,1712175294.6759794,67283733.12191468,58.09,-0.0,60.08,ASK
126,1712175294.6778944,67283827.8025826,58.09,-2.1716172669915065e-08,60.08,ASK
127,1712175294.6798284,67287276.13879056,57.97,-7.90918211283262e-07,60.08,ASK
128,1712175294.681728,67287376.13879056,57.93,-2.2936226736199285e-08,60.08,ASK
129,1712175300.3681812,67287376.13879056,57.93,-0.0,60.08,ASK
130,1712175306.0036595,67287543.50280729,57.97,-3.8410150151727264e-08,60.08,ASK
131,1712175330.314893,67287543.50280729,57.97,-0.0,60.08,ASK
132,1712175360.493574,67287543.50280729,57.97,-0.0,60.08,ASK
133,1712175390.493873,67287543.50280729,57.97,-0.0,60.08,ASK
134,1712175420.3265536,67287543.50280729,57.97,-0.0,60.08,ASK
135,1712175450.3335922,67287543.50280729,57.97,-0.0,60.08,ASK
136,1712175480.47866,67287543.50280729,57.97,-0.0,60.08,ASK
137,1712175510.4833295,67287543.50280729,57.97,-0.0,60.08,ASK
138,1712175540.3235476,67287543.50280729,57.97,-0.0,60.08,ASK
139,1712175570.3436468,67287543.50280729,57.97,-0.0,60.08,ASK
140,1712175588.9534492,67288170.92675729,57.96,-1.439938819533005e-07,60.08,ASK
141,1712175597.768598,67289698.1631513,57.92,-3.505009603670648e-07,60.08,ASK
142,1712175597.7711768,67289698.16315728,57.96,-1.3747670461977624e-15,60.08,ASK
143,1712175600.3634465,67289698.16315728,57.96,-0.0,60.08,ASK
144,1712175606.6037457,67289698.16316545,57.92,-1.874011166783863e-15,60.08,ASK
145,1712175606.606073,67292288.3893773,57.91,-5.944416036295731e-07,60.08,ASK
146,1712175630.3058214,67292288.3893773,57.91,-0.0,60.08,ASK
147,1712175636.9233031,67292288.38937853,57.91,-2.8382768722632753e-16,60.08,ASK
148,1712175636.924674,67292979.23565729,57.9,-1.5853967948454598e-07,60.08,ASK
149,1712175660.4845357,67292979.23565729,57.9,-0.0,60.08,ASK
150,1712175684.7338483,67292979.23566523,57.9,-1.822635766700292e-15,60.08,ASK
151,1712175684.736179,67294361.8834301,57.86,-3.17295653263988e-07,60.08,ASK
152,1712175684.7383256,67294448.27140729,57.89,-1.982466565652302e-08,60.08,ASK
153,1712175690.4852908,67294448.27140729,57.89,-0.0,60.08,ASK
154,1712175705.5134156,67295311.82926565,57.9,1.981689169572841e-07,60.08,BID
155,1712175720.3150442,67295311.82926565,57.9,0.0,60.08,BID
156,1712175747.6691008,67296483.66447186,57.87,-2.689091957720453e-07,60.08,ASK
157,1712175747.6718056,67298753.374722,57.87,-5.208462373939059e-07,60.08,ASK
158,1712175748.6638522,67298753.37472762,57.86,-1.2891414576079034e-15,60.08,ASK
159,1712175748.666524,67313753.37472762,57.85,-3.4421545923887486e-06,60.08,ASK
160,1712175748.6692078,67315541.06623721,57.83,-4.102340359672036e-07,60.08,ASK
161,1712175748.6747334,67327549.02793388,57.87,-2.755550699961265e-06,60.08,ASK
162,1712175748.6769722,67327638.94834888,57.8,-2.0634664629249892e-08,60.08,ASK
163,1712175748.678161,67329021.17700425,57.86,-3.171896475871063e-07,60.08,ASK
164,1712175748.6793664,67333319.62098572,57.79,-9.863939127292125e-07,60.08,ASK
165,1712175748.6805787,67335136.22998226,57.8,-4.168699333343958e-07,60.08,ASK
166,1712175748.6817918,67335703.85906187,57.83,-1.3025780287688908e-07,60.08,ASK
167,1712175748.6830182,67355084.374722,57.79,-4.447382065493495e-06,60.08,ASK
168,1712175750.3272274,67355084.374722,57.79,-0.0,60.08,ASK
169,1712175773.4631438,67362827.85199878,57.8,-1.775541346714161e-06,60.08,ASK
170,1712175780.473276,67362827.85199878,57.8,-0.0,60.08,ASK
171,1712175810.4729636,67362827.85199878,57.8,-0.0,60.08,ASK
172,1712175840.3369222,67362827.85199878,57.8,-0.0,60.08,ASK
173,1712175870.3472898,67362827.85199878,57.8,-0.0,60.08,ASK
174,1712175900.48358,67362827.85199878,57.8,-0.0,60.08,ASK
175,1712175930.1671095,67377827.85199878,57.84,-3.440867348806792e-06,60.08,ASK
176,1712175930.1733346,67379731.02491878,57.83,-4.365710373048959e-07,60.08,ASK
177,1712175930.1755168,67418594.85199878,57.84,-8.915018243282204e-06,60.08,ASK
178,1712175930.4934494,67418594.85199878,57.84,-0.0,60.08,ASK
179,1712175960.3231094,67418594.85199878,57.84,-0.0,60.08,ASK
180,1712175982.3533316,67418939.26391543,58.07,7.894663439571204e-08,60.08,BID
181,1712175990.3352716,67418939.26391543,58.07,0.0,60.08,BID
182,1712176020.48251,67418939.26391543,58.07,0.0,60.08,BID
183,1712176042.1830904,67419025.40133578,58.07,1.9744462741832213e-08,60.08,BID
184,1712176050.4730868,67419025.40133578,58.07,0.0,60.08,BID
185,1712176080.3331203,67419025.40133578,58.07,0.0,60.08,BID
186,1712176110.123813,67434225.40133578,57.78,-3.484147637411895e-06,60.08,ASK
187,1712176110.1273143,67437683.2159969,57.84,-7.926011040911433e-07,60.08,ASK
188,1712176110.1291745,67452783.2159969,57.81,-3.461225613481553e-06,60.08,ASK
189,1712176110.1310625,67467733.99735732,57.78,-3.4270216812079467e-06,60.08,ASK
190,1712176110.1329222,67475638.40133578,57.76,-1.811849371491646e-06,60.08,ASK
191,1712176110.323034,67475638.40133578,57.76,-0.0,60.08,ASK
192,1712176132.5730343,67492365.5966404,57.79,-3.831338523621504e-06,60.08,ASK
193,1712176140.485669,67492365.5966404,57.79,-0.0,60.08,ASK
194,1712176162.943606,67495828.20051852,57.76,-7.929285623303462e-07,60.08,ASK
195,1712176170.48518,67495828.20051852,57.76,-0.0,60.08,ASK
196,1712176194.5942802,67503086.95051852,57.76,-1.6621614280281878e-06,60.08,ASK
197,1712176200.5686803,67503086.95051852,57.76,-0.0,60.08,ASK
198,1712176203.597047,67505261.2755185,57.85,4.981058938744576e-07,60.08,BID
199,1712176211.38386,67505681.1392339,57.85,9.61846049986037e-08,60.08,BID
200,1712176230.4751482,67505681.1392339,57.85,0.0,60.08,BID
201,1712176237.3650973,67507762.63214044,57.84,4.768230329066705e-07,60.08,BID
202,1712176246.4352942,67507866.36658028,57.84,2.37632182476097e-08,60.08,BID
203,1712176260.3373249,67507866.36658028,57.84,0.0,60.08,BID
204,1712176285.6188796,67517866.36657964,57.75,-2.29070791395436e-06,60.08,ASK
205,1712176285.6258752,67518559.00727227,57.75,-1.5866375162506277e-07,60.08,ASK
206,1712176285.6360247,67518559.00727291,57.75,-1.4677709386698738e-16,60.08,ASK
207,1712176289.216401,67540551.29717761,57.71,-5.037791253389992e-06,60.08,ASK
208,1712176289.2192862,67575172.69727293,57.71,-7.930751519559716e-06,60.08,ASK
209,1712176290.3505838,67575172.69727293,57.71,-0.0,60.08,ASK
210,1712176320.508026,67575172.69727293,57.71,-0.0,60.08,ASK
211,1712176350.492035,67575172.69727293,57.71,-0.0,60.08,ASK
212,1712176352.4572,67575276.6113706,57.74,2.3782521338404047e-08,60.08,BID
213,1712176356.1977675,67584923.2615677,57.71,-2.207801148334149e-06,60.08,ASK
214,1712176356.2778242,67593461.80539069,57.71,-1.954192022341223e-06,60.08,ASK
215,1712176356.297722,67649237.32482159,57.71,-1.2765183077277936e-05,60.08,ASK
216,1712176356.4242983,67649583.94527219,57.7,-7.933002785803487e-08,60.08,ASK
217,1712176356.4255311,67652583.94527219,57.7,-6.866013911223926e-07,60.08,ASK
218,1712176359.767768,67652670.64776872,57.68,-1.9843351576779562e-08,60.08,ASK
219,1712176359.791955,67653020.64776872,57.65,-8.010349563094581e-08,60.08,ASK
220,1712176359.797485,67653109.1860035,57.67,-2.0263491723679587e-08,60.08,ASK
221,1712176359.799549,67676937.33743758,57.65,-5.453480640837849e-06,60.08,ASK
222,1712176361.7500572,67682484.71062697,57.65,-1.2696113829700118e-06,60.08,ASK
223,1712176364.2984395,67689809.92428169,57.67,1.676500628531299e-06,60.08,BID
224,1712176364.3013356,67895956.137825,57.7,4.7180092331150327e-05,60.08,BID
225,1712176380.358559,67895956.137825,57.7,0.0,60.08,BID
226,1712176410.34051,67895956.137825,57.7,0.0,60.08,BID
227,1712176435.1091208,67896042.67295825,57.78,1.9721508748132773e-08,60.08,BID
228,1712176440.4989896,67896042.67295825,57.78,0.0,60.08,BID
229,1712176454.1336975,67902975.08196825,57.7,-1.5799063802061343e-06,60.08,ASK
230,1712176456.5868428,67903078.92412816,57.78,2.3665783531070506e-08,60.08,BID
231,1712176459.7393746,67903078.92413029,57.7,-4.856275594882821e-16,60.08,ASK
232,1712176459.7412033,67905737.21512815,57.65,-6.058284936612805e-07,60.08,ASK
233,1712176470.489562,67905737.21512815,57.65,-0.0,60.08,ASK
234,1712176471.269294,67908395.50704816,57.65,-6.057514983556897e-07,60.08,ASK
235,1712176474.2792878,67908395.50705235,57.65,-9.541535236769748e-16,60.08,ASK
236,1712176474.2893825,67927904.1749677,57.63,-4.445487996150729e-06,60.08,ASK
237,1712176474.291617,67929130.1638643,57.64,-2.7936909618156945e-07,60.08,ASK
238,1712176500.3319702,67929130.1638643,57.64,-0.0,60.08,ASK
239,1712176510.130079,67968294.0763743,57.64,-8.930510881170834e-06,60.08,ASK
240,1712176530.3401206,67968294.0763743,57.64,-0.0,60.08,ASK
241,1712176543.601166,67972459.4707583,57.64,-9.493423646905008e-07,60.08,ASK
242,1712176543.6206229,67972459.47075838,57.64,-1.6980749360434128e-17,60.08,ASK
243,1712176551.7829835,67978177.67190734,57.63,-1.3032452872609094e-06,60.08,ASK
244,1712176551.784412,67979912.57822238,57.64,-3.954055515049735e-07,60.08,ASK
245,1712176551.8201003,68006647.18383838,57.63,-6.093131015894808e-06,60.08,ASK
246,1712176551.9800358,68020452.18389396,57.63,-3.1463218579420788e-06,60.08,ASK
247,1712176560.4904308,68020452.18389396,57.63,-0.0,60.08,ASK
248,1712176560.924984,68020556.27827287,57.64,2.3708090986404385e-08,60.08,BID
249,1712176590.5052173,68020556.27827287,57.64,0.0,60.08,BID
250,1712176620.35346,68020556.27827287,57.64,0.0,60.08,BID
251,1712176625.5527816,68020729.52844611,57.72,3.9458665308673925e-08,60.08,BID
252,1712176650.334086,68020729.52844611,57.72,0.0,60.08,BID
253,1712176666.6615987,68020833.35263714,57.79,2.3646467981714682e-08,60.08,BID
254,1712176675.231789,68059943.41397715,57.74,8.907508009745774e-06,60.08,BID
255,1712176680.6113825,68059943.41397715,57.74,0.0,60.08,BID
256,1712176687.9120166,68071199.059731,57.79,-2.56220714993752e-06,60.08,ASK
257,1712176698.2824624,68076099.467736,57.74,-1.1155166662662145e-06,60.08,ASK
258,1712176698.285288,68076099.46773633,57.74,-7.46253903987131e-17,60.08,ASK
259,1712176710.494393,68076099.46773633,57.74,-0.0,60.08,ASK
260,1712176740.3353522,68076099.46773633,57.74,-0.0,60.08,ASK
261,1712176770.335436,68076099.46773633,57.74,-0.0,60.08,ASK
262,1712176775.169277,68076203.39983404,57.73,2.3653817758218816e-08,60.08,BID
263,1712176800.3942547,68076203.39983404,57.73,0.0,60.08,BID
264,1712176812.434113,68128878.18617932,57.64,-1.2001353053312375e-05,60.08,ASK
265,1712176812.4372177,68136203.39983404,57.65,-1.6689669073333675e-06,60.08,ASK
266,1712176817.4934568,68136463.09512489,57.76,5.916862863622488e-08,60.08,BID
267,1712176817.5528457,68136722.79041573,57.76,5.916862863622488e-08,60.08,BID
268,1712176830.3339188,68136722.79041573,57.76,0.0,60.08,BID
269,1712176848.639567,68140099.79112253,57.64,-7.688002866949268e-07,60.08,ASK
270,1712176860.4834552,68140099.79112253,57.64,-0.0,60.08,ASK
271,1712176867.671201,68147425.00477722,57.69,1.6675675547399125e-06,60.08,BID
272,1712176867.7835004,68192273.39230923,57.69,-1.0209629296318063e-05,60.08,ASK
273,1712176867.7858465,68192273.39230946,57.69,-5.088321127441132e-17,60.08,ASK
274,1712176881.8546948,68245103.50430945,57.64,-1.2026649984190992e-05,60.08,ASK
275,1712176890.5035677,68245103.50430945,57.64,-0.0,60.08,ASK
276,1712176892.2735023,68246386.55721492,57.64,-2.916819001127589e-07,60.08,ASK
277,1712176892.283802,68297733.61724329,57.64,-1.167294658733674e-05,60.08,ASK
278,1712176892.2861562,68297933.61724329,57.62,-4.546685469776191e-08,60.08,ASK
279,1712176901.8648586,68298107.31882396,57.57,-3.9488322646258014e-08,60.08,ASK
280,1712176901.867991,68298280.92993508,57.6,-3.9467755815911406e-08,60.08,ASK
281,1712176901.8710177,68312164.9743648,57.5,-3.156319153516624e-06,60.08,ASK
282,1712176901.873963,68312512.558654,57.54,-7.901782185984981e-08,60.08,ASK
283,1712176901.875351,68313012.558654,57.5,-1.136671367444048e-07,60.08,ASK
284,1712176901.876736,68313212.558654,57.5,-4.546685469776191e-08,60.08,ASK
285,1712176915.4441943,68348520.3567759,57.51,-8.026672634531548e-06,60.08,ASK
286,1712176915.4480584,68355845.5704306,57.52,-1.6652721243442243e-06,60.08,ASK
287,1712176917.3736973,68356713.3246826,57.62,1.9727028244223138e-07,60.08,BID
288,1712176920.334043,68356713.3246826,57.62,0.0,60.08,BID
289,1712176927.9438024,68395265.15188125,57.51,-8.751367979386303e-06,60.08,ASK
290,1712176950.3595686,68395265.15188125,57.51,-0.0,60.08,ASK
291,1712176955.26906,68399010.83188944,57.51,-8.498516664016136e-07,60.08,ASK
292,1712176955.270793,68412005.71011174,57.51,-2.948388246664952e-06,60.08,ASK
293,1712176955.8040771,68413744.8405465,57.5,-3.945886714415404e-07,60.08,ASK
294,1712176955.8149989,68414972.57450381,57.5,-2.7855869888329e-07,60.08,ASK
295,1712176955.818431,68416226.89449564,57.51,-2.8459076400676134e-07,60.08,ASK
296,1712176955.8213396,68419734.15441373,57.5,-7.957568931088433e-07,60.08,ASK
297,1712176980.3565006,68419734.15441373,57.5,-0.0,60.08,ASK
298,1712177010.3444958,68419734.15441373,57.5,-0.0,60.08,ASK
299,1712177040.4945142,68419734.15441373,57.5,-0.0,60.08,ASK
300,1712177050.6847985,68458943.41544373,57.55,8.893290553819722e-06,60.08,BID
301,1712177050.688223,68471862.73825386,57.55,2.9303100464235376e-06,60.08,BID
302,1712177070.4864843,68471862.73825386,57.55,0.0,60.08,BID
303,1712177094.1251771,68472036.65129733,57.5,-3.9419450410196816e-08,60.08,ASK
304,1712177094.1285524,68472036.65129913,57.5,-4.086804781008484e-16,60.08,ASK
305,1712177094.1317968,68472283.19022962,57.41,-5.588096758469607e-08,60.08,ASK
306,1712177094.134302,68476516.29953848,57.4,-9.594843443175315e-07,60.08,ASK
307,1712177100.357045,68476516.29953848,57.4,-0.0,60.08,ASK
308,1712177106.7859814,68482235.62928471,57.48,1.2971929017470937e-06,60.08,BID
309,1712177106.8497517,68483745.04953848,57.48,3.4234942306518386e-07,60.08,BID
310,1712177120.765029,68484612.80379046,57.62,1.968140859302205e-07,60.08,BID
311,1712177130.345281,68484612.80379046,57.62,0.0,60.08,BID
312,1712177160.3757725,68484612.80379046,57.62,0.0,60.08,BID
313,1712177190.3375847,68484612.80379046,57.62,0.0,60.08,BID
314,1712177200.8832965,68519316.95093605,57.63,7.87036642061248e-06,60.08,BID
315,1712177216.8754778,68529316.95093605,57.64,2.2678460840994645e-06,60.08,BID
316,1712177220.50167,68529316.95093605,57.64,0.0,60.08,BID
317,1712177250.488269,68529316.95093605,57.64,0.0,60.08,BID
318,1712177280.377218,68529316.95093605,57.64,0.0,60.08,BID
319,1712177310.3433444,68529316.95093605,57.64,0.0,60.08,BID
320,1712177313.2568605,68536642.16459075,57.76,1.6602756312955396e-06,60.08,BID
321,1712177334.8765478,68550092.57420075,57.76,-3.048564637034549e-06,60.08,ASK
322,1712177340.526121,68550092.57420075,57.76,-0.0,60.08,ASK
323,1712177370.4986758,68550092.57420075,57.76,-0.0,60.08,ASK
324,1712177375.6696787,68550438.83458856,57.77,7.845933157904478e-08,60.08,BID
325,1712177388.1237092,68559106.14991574,57.77,1.963931743565339e-06,60.08,BID
326,1712177388.126475,68568759.88952793,57.77,2.1874461644469985e-06,60.08,BID
327,1712177388.556154,68571210.86152793,57.77,-5.553670925412426e-07,60.08,ASK
328,1712177400.3561995,68571210.86152793,57.77,-0.0,60.08,ASK
329,1712177419.1562731,68571210.86159219,57.77,-1.455691686641783e-14,60.08,ASK
330,1712177419.9963408,68571210.86159618,57.76,-9.047434416048187e-16,60.08,ASK
331,1712177430.3404608,68571210.86159618,57.76,-0.0,60.08,ASK
332,1712177439.3077683,68573895.19908111,57.75,6.081457176252027e-07,60.08,BID
333,1712177460.516702,68573895.19908111,57.75,0.0,60.08,BID
334,1712177490.5095112,68573895.19908111,57.75,0.0,60.08,BID
335,1712177520.3367531,68573895.19908111,57.75,0.0,60.08,BID
336,1712177550.366961,68573895.19908111,57.75,0.0,60.08,BID
337,1712177580.497429,68573895.19908111,57.75,0.0,60.08,BID
338,1712177610.50684,68573895.19908111,57.75,0.0,60.08,BID
339,1712177640.3645468,68573895.19908111,57.75,0.0,60.08,BID
340,1712177670.367278,68573895.19908111,57.75,0.0,60.08,BID
341,1712177690.90609,68581220.4127358,57.85,1.6594935960817478e-06,60.08,BID
342,1712177690.9091823,68618839.01930583,57.85,8.522322984591531e-06,60.08,BID
343,1712177700.48725,68618839.01930583,57.85,0.0,60.08,BID
344,1712177730.5272443,68618839.01930583,57.85,0.0,60.08,BID
345,1712177756.545274,68656520.14404581,57.86,8.540281347684943e-06,60.08,BID
346,1712177756.548853,68658029.56429958,57.93,3.421042691275324e-07,60.08,BID
347,1712177756.552338,68666961.93756805,57.94,2.0244878925898098e-06,60.08,BID
348,1712177756.5549943,68674287.15122277,57.86,1.6602313751200358e-06,60.08,BID
349,1712177756.5565302,68689287.15122277,57.88,3.3996920500444e-06,60.08,BID
350,1712177756.5581005,68704387.15122277,57.91,3.422356663711363e-06,60.08,BID
351,1712177760.3621216,68704387.15122277,57.91,0.0,60.08,BID
352,1712177764.497522,68705299.27063312,57.91,2.0649659324232065e-07,60.08,BID
353,1712177790.3327453,68705299.27063312,57.91,0.0,60.08,BID
354,1712177803.3929338,68712624.48428781,57.86,1.6583503860778896e-06,60.08,BID
355,1712177803.4017394,68722624.48421957,57.9,2.2638935230192987e-06,60.08,BID
356,1712177803.487568,68746615.9220375,57.91,-5.431406105461354e-06,60.08,ASK
357,1712177803.5177536,68752447.60696661,57.91,-1.3202313829420751e-06,60.08,ASK
358,1712177803.8976767,68762955.60696661,57.91,-2.378899330224029e-06,60.08,ASK
359,1712177816.007477,68786601.65173362,57.91,-5.353212795839447e-06,60.08,ASK
360,1712177820.3709953,68786601.65173362,57.91,-0.0,60.08,ASK
361,1712177844.6603773,68790141.4315175,57.98,8.005152804307725e-07,60.08,BID
362,1712177844.6676831,68825539.2293575,57.97,8.005152804590794e-06,60.08,BID
363,1712177844.6711335,68954522.82907598,58.0,2.91694254456096e-05,60.08,BID
364,1712177850.3577938,68954522.82907598,58.0,0.0,60.08,BID
365,1712177880.5011325,68954522.82907598,58.0,0.0,60.08,BID
366,1712177910.5006971,68954522.82907598,58.0,0.0,60.08,BID
367,1712177940.3342128,68954522.82907598,58.0,0.0,60.08,BID
368,1712177970.3341377,68954522.82907598,58.0,0.0,60.08,BID
369,1712178000.4484255,68954522.82907598,58.0,0.0,60.08,BID
370,1712178004.728147,68961848.04272997,57.83,-1.653250125152734e-06,60.08,ASK
371,1712178004.7480335,68961848.04273067,57.83,-1.5806519035452496e-16,60.08,ASK
372,1712178030.351067,68961848.04273067,57.83,-0.0,60.08,ASK
373,1712178050.7482626,68962277.1573609,57.75,-9.68389495445757e-08,60.08,ASK
374,1712178060.4903464,68962277.1573609,57.75,-0.0,60.08,ASK
375,1712178062.9882736,68962795.29207592,57.9,1.1692759320774272e-07,60.08,BID
376,1712178090.5093591,68962795.29207592,57.9,0.0,60.08,BID
377,1712178120.3685968,68962795.29207592,57.9,0.0,60.08,BID
378,1712178150.3585913,68962795.29207592,57.9,0.0,60.08,BID
379,1712178151.3205483,68966891.17407592,57.71,-9.243124772574616e-07,60.08,ASK
380,1712178172.7191784,68970004.82223366,57.81,7.026530163697269e-07,60.08,BID
381,1712178180.502224,68970004.82223366,57.81,0.0,60.08,BID
382,1712178181.6786954,68970488.09823366,57.71,-1.090500331447606e-07,60.08,ASK
383,1712178189.1473277,68972405.17357837,57.7,-4.325833061951928e-07,60.08,ASK
384,1712178189.1519294,68973271.72470488,57.7,-1.955351167218871e-07,60.08,ASK
385,1712178196.5286677,68980635.74144126,57.7,-1.6616721484062824e-06,60.08,ASK
386,1712178200.8083105,69020116.74144126,57.7,-8.908789922631973e-06,60.08,ASK
387,1712178201.608354,69030422.90844128,57.7,-2.325561072684499e-06,60.08,ASK
388,1712178202.3382657,69032754.90844128,57.7,-5.262100275975218e-07,60.08,ASK
389,1712178204.8683264,69040621.90844128,57.7,-1.7751690768051904e-06,60.08,ASK
390,1712178210.5010862,69040621.90844128,57.7,-0.0,60.08,ASK
391,1712178219.7978249,69040629.07627149,57.7,-1.615917429021105e-09,60.08,ASK
392,1712178221.72101,69040729.07627149,57.62,-2.254402491128345e-08,60.08,ASK
393,1712178221.7241037,69044884.3592715,57.6,-9.367680346559656e-07,60.08,ASK
394,1712178222.5969417,69048130.3592715,57.6,-7.317790486202608e-07,60.08,ASK
395,1712178240.3672304,69048130.3592715,57.6,-0.0,60.08,ASK
396,1712178270.3198645,69048130.3592715,57.6,-0.0,60.08,ASK
397,1712178281.986256,69075130.3592715,57.68,6.086293309179647e-06,60.08,BID
398,1712178298.9905255,69076139.6423415,57.6,-2.275108442961955e-07,60.08,ASK
399,1712178299.0254982,69076139.64234611,57.6,-1.0412881362469609e-15,60.08,ASK
400,1712178300.495813,69076139.64234611,57.6,-0.0,60.08,ASK
401,1712178301.2319334,69081957.80534612,57.52,-1.3145401662895865e-06,60.08,ASK
402,1712178307.5757816,69085498.80534612,57.51,-8.000440566600529e-07,60.08,ASK
403,1712178314.8857944,69086268.91704813,57.51,-1.7399697547514446e-07,60.08,ASK
404,1712178314.8898387,69089176.65218696,57.5,-6.569658899083178e-07,60.08,ASK
405,1712178316.9751406,69120404.65218696,57.5,-7.0555706866365804e-06,60.08,ASK
406,1712178323.676768,69127771.39275786,57.5,-1.6644216353310617e-06,60.08,ASK
407,1712178323.682772,69137785.65218696,57.5,-2.2625949556907907e-06,60.08,ASK
408,1712178326.6698802,69138581.73918696,57.5,-1.7986576473660793e-07,60.08,ASK
409,1712178330.5095654,69138581.73918696,57.5,-0.0,60.08,ASK
410,1712178332.8751986,69138979.78318696,57.5,-8.986009668971434e-08,60.08,ASK
411,1712178339.3419197,69139114.56378996,57.5,-3.0427284466209114e-08,60.08,ASK
412,1712178351.734713,69146439.77744466,57.49,1.6536975994721114e-06,60.08,BID
413,1712178351.738434,69225984.69394226,57.5,1.7957597370276012e-05,60.08,BID
414,1712178360.341288,69225984.69394226,57.5,0.0,60.08,BID
415,1712178372.7753031,69228739.58994228,57.39,-6.212244766524884e-07,60.08,ASK
416,1712178379.6843147,69231231.22433583,57.39,-5.618594212413767e-07,60.08,ASK
417,1712178379.6883929,69231320.21004514,57.38,-2.0066129790430226e-08,60.08,ASK
418,1712178379.692376,69231669.0066967,57.34,-7.86530661486637e-08,60.08,ASK
419,1712178379.6955657,69232368.185162,57.21,-1.5766358373804794e-07,60.08,ASK
420,1712178379.697425,69232472.844847,57.3,-2.36005853001061e-08,60.08,ASK
421,1712178379.699523,69232647.12159848,57.38,-3.929911827364993e-08,60.08,ASK
422,1712178379.7013524,69235419.300332,57.31,-6.251217043785494e-07,60.08,ASK
423,1712178379.703292,69305349.35277955,57.2,-1.5769110788143654e-05,60.08,ASK
424,1712178379.705156,69321449.35277955,57.3,-3.630523284384875e-06,60.08,ASK
425,1712178379.7070367,69334949.35277955,57.28,-3.044227598707814e-06,60.08,ASK
426,1712178379.708911,69343682.9772337,57.25,-1.969417822225517e-06,60.08,ASK
427,1712178379.710809,69468493.77996524,57.2,-2.814462891053646e-05,60.08,ASK
428,1712178379.7636354,69469871.22796524,57.2,-3.106122383245641e-07,60.08,ASK
429,1712178383.8536744,69470798.31091072,57.43,2.0905566584625322e-07,60.08,BID
430,1712178390.3665967,69470798.31091072,57.43,0.0,60.08,BID
431,1712178413.970934,69472539.5611207,57.43,-3.914126379720463e-07,60.08,ASK
432,1712178418.2833047,69472539.56112836,57.43,-1.7216976790783144e-15,60.08,ASK
433,1712178418.28726,69474220.13772862,57.33,-3.777739216606882e-07,60.08,ASK
434,1712178420.3687098,69474220.13772862,57.33,-0.0,60.08,ASK
435,1712178441.0125582,69491203.77682829,57.44,3.817554510086151e-06,60.08,BID
436,1712178450.332347,69491203.77682829,57.44,0.0,60.08,BID
437,1712178464.9288845,69497923.77682829,57.33,-1.510179413275453e-06,60.08,ASK
438,1712178480.4950323,69497923.77682829,57.33,-0.0,60.08,ASK
439,1712178510.491168,69497923.77682829,57.33,-0.0,60.08,ASK
440,1712178540.3409932,69497923.77682829,57.33,-0.0,60.08,ASK
441,1712178541.4446,69503389.77682829,57.34,-1.2282628065057116e-06,60.08,ASK
442,1712178545.4207122,69505159.77682829,57.34,-3.977360350375246e-07,60.08,ASK
443,1712178570.3434916,69505159.77682829,57.34,-0.0,60.08,ASK
444,1712178584.100395,69508876.3838283,57.38,-8.350795042497992e-07,60.08,ASK
445,1712178600.3464284,69508876.3838283,57.38,-0.0,60.08,ASK
446,1712178630.3394873,69508876.3838283,57.38,-0.0,60.08,ASK
447,1712178654.3991992,69515583.51184303,57.47,-1.5069671871630509e-06,60.08,ASK
448,1712178660.3324192,69515583.51184303,57.47,-0.0,60.08,ASK
449,1712178690.3510375,69515583.51184303,57.47,-0.0,60.08,ASK
450,1712178713.8882422,69516730.51184303,57.56,-2.576872956876361e-07,60.08,ASK
451,1712178720.498119,69516730.51184303,57.56,-0.0,60.08,ASK
452,1712178721.2787132,69524055.72549772,57.72,1.6456726237337428e-06,60.08,BID
453,1712178721.280888,69561480.87417772,57.73,8.407883445468127e-06,60.08,BID
454,1712178721.398115,69591991.02820504,57.73,-6.854370069664005e-06,60.08,ASK
455,1712178721.4015155,69616730.51184303,57.73,-5.55793904007719e-06,60.08,ASK
456,1712178742.5481777,69631430.51184303,57.77,3.3024821813046305e-06,60.08,BID
457,1712178742.5526276,69638755.72549772,57.76,1.6456726237337428e-06,60.08,BID
458,1712178742.5566025,69708685.77794528,57.8,1.571039130243243e-05,60.08,BID
459,1712178742.5587263,69723585.77794528,57.79,3.3474139116625166e-06,60.08,BID
460,1712178742.5606916,69742014.77282672,57.8,4.1402331438977815e-06,60.08,BID
461,1712178750.5233707,69742014.77282672,57.8,0.0,60.08,BID
462,1712178751.537701,69742188.2032811,57.67,-3.8849073318116544e-08,60.08,ASK
463,1712178757.7679708,69749513.41693582,57.68,-1.6408753776639546e-06,60.08,ASK
464,1712178757.7785172,69752153.71772261,57.67,-5.914372951960277e-07,60.08,ASK
465,1712178759.5876377,69754214.71772261,57.69,-4.616717426651557e-07,60.08,ASK
466,1712178766.577742,69754901.71772261,57.69,-1.5389058088838522e-07,60.08,ASK
467,1712178780.3373058,69754901.71772261,57.69,-0.0,60.08,ASK
468,1712178791.3246624,69766735.17707513,57.7,-2.650298059547097e-06,60.08,ASK
469,1712178791.3287218,69766923.6443666,57.7,-4.22103530339204e-08,60.08,ASK
470,1712178791.422141,69766923.6443676,57.7,-2.2360314656748087e-16,60.08,ASK
471,1712178791.427277,69769306.5180096,57.67,-5.336837860676445e-07,60.08,ASK
472,1712178791.7473326,69769306.51801121,57.67,-3.604349228251931e-16,60.08,ASK
473,1712178791.7518394,69772969.5180096,57.59,-8.203891608235347e-07,60.08,ASK
474,1712178791.987708,69779999.32966116,57.79,1.5744420650021031e-06,60.08,BID
475,1712178791.9955227,69783707.65436538,57.79,8.305403749627844e-07,60.08,BID
476,1712178794.8172898,69788353.90247685,57.62,-1.0406037648983715e-06,60.08,ASK
477,1712178810.3475182,69788353.90247685,57.62,-0.0,60.08,ASK
478,1712178840.4899604,69788353.90247685,57.62,-0.0,60.08,ASK
479,1712178870.4876022,69788353.90247685,57.62,-0.0,60.08,ASK
480,1712178895.2963543,69788701.12469906,57.6,-7.77325279507292e-08,60.08,ASK
481,1712178895.3012035,69795632.65247685,57.57,-1.551758909036977e-06,60.08,ASK
482,1712178900.3685095,69795632.65247685,57.57,-0.0,60.08,ASK
483,1712178929.756059,69798237.3265123,57.56,-5.831533903205381e-07,60.08,ASK
484,1712178929.7606475,69805623.08647683,57.55,-1.6535777240343305e-06,60.08,ASK
485,1712178930.3458507,69805623.08647683,57.55,-0.0,60.08,ASK
486,1712178940.639479,69808610.08647683,57.55,-6.68665234283421e-07,60.08,ASK
487,1712178945.775895,69815502.08647683,57.55,-1.5428325392304445e-06,60.08,ASK
488,1712178960.475463,69815502.08647683,57.55,-0.0,60.08,ASK
489,1712178963.2588654,69828101.94888777,57.48,-2.820226920624e-06,60.08,ASK
490,1712178963.2630353,69828213.38353659,57.55,-2.4942414945634867e-08,60.08,ASK
491,1712178990.4724658,69828213.38353659,57.55,-0.0,60.08,ASK
492,1712179020.338547,69828213.38353659,57.55,-0.0,60.08,ASK
493,1712179021.9752843,69828300.28188585,57.52,1.944727511549792e-08,60.08,BID
494,1712179024.6791277,69829084.11745456,57.41,-1.754172096555093e-07,60.08,ASK
495,1712179024.686283,69829192.10185456,57.41,-2.4166193639564497e-08,60.08,ASK
496,1712179024.6898313,69830937.30255264,57.3,-3.905643593706875e-07,60.08,ASK
497,1712179024.6934726,69861640.39463264,57.39,-6.871148689163279e-06,60.08,ASK
498,1712179024.6970112,69864710.70384099,57.38,-6.871148689943618e-07,60.08,ASK
499,1712179024.7005477,69962629.26270749,57.2,-2.191352504976688e-05,60.08,ASK
500,1712179024.7031322,69982761.21248075,57.34,-4.505397043869894e-06,60.08,ASK
501,1712179024.705258,70052691.26492831,57.2,-1.5649882655343284e-05,60.08,ASK
502,1712179024.707325,70056672.44749795,57.23,-8.909622953744446e-07,60.08,ASK
503,1712179024.7093873,70071972.44749795,57.3,-3.4240386821719825e-06,60.08,ASK
504,1712179024.7115123,70086172.44749795,57.26,-3.177865966460271e-06,60.08,ASK
505,1712179024.7136314,70136172.44749795,57.24,-1.118966889598687e-05,60.08,ASK
506,1712179050.3481114,70136172.44749795,57.24,-0.0,60.08,ASK
507,1712179080.495482,70136172.44749795,57.24,-0.0,60.08,ASK
508,1712179110.4843934,70136172.44749795,57.24,-0.0,60.08,ASK
509,1712179121.550457,70141916.53658563,57.45,-1.2804373486217557e-06,60.08,ASK
510,1712179140.351589,70141916.53658563,57.45,-0.0,60.08,ASK
511,1712179141.8246298,70152348.64826392,57.46,-2.3252917357935176e-06,60.08,ASK
512,1712179141.8298929,70154151.19794346,57.49,-4.017838384469124e-07,60.08,ASK
513,1712179170.3375275,70154151.19794346,57.49,-0.0,60.08,ASK
514,1712179179.294073,70161593.51247278,57.47,-1.6586134695224933e-06,60.08,ASK
515,1712179200.3637028,70161593.51247278,57.47,-0.0,60.08,ASK
516,1712179230.3258407,70161593.51247278,57.47,-0.0,60.08,ASK
517,1712179260.49779,70161593.51247278,57.47,-0.0,60.08,ASK
518,1712179290.497054,70161593.51247278,57.47,-0.0,60.08,ASK
519,1712179312.843253,70168918.72612678,57.48,1.635275442024632e-06,60.08,BID
520,1712179312.8654115,70168918.72612748,57.48,1.5634665323362608e-16,60.08,BID
521,1712179314.883077,70175296.16227232,57.56,1.4236942706856374e-06,60.08,BID
522,1712179320.3361225,70175296.16227232,57.56,0.0,60.08,BID
523,1712179342.9628816,70180508.11501728,57.56,-1.163307916015304e-06,60.08,ASK
524,1712179350.3428907,70180508.11501728,57.56,-0.0,60.08,ASK
525,1712179380.368827,70180508.11501728,57.56,-0.0,60.08,ASK
526,1712179410.3427787,70180508.11501728,57.56,-0.0,60.08,ASK
527,1712179440.475915,70180508.11501728,57.56,-0.0,60.08,ASK
528,1712179456.0622182,70181296.1709589,57.56,-1.7588231866744209e-07,60.08,ASK
529,1712179470.5125916,70181296.1709589,57.56,-0.0,60.08,ASK
530,1712179500.339434,70181296.1709589,57.56,-0.0,60.08,ASK
531,1712179511.4323118,70186180.75226536,57.55,1.101275676953889e-06,60.08,BID
532,1712179530.352018,70186180.75226536,57.55,0.0,60.08,BID
533,1712179535.4118664,70202380.79343586,57.56,3.6522230961291648e-06,60.08,BID
534,1712179535.4961908,70229380.86205284,57.56,6.087038493435508e-06,60.08,BID
535,1712179535.5011723,70229380.86205332,57.56,1.0750069484107841e-16,60.08,BID
536,1712179544.2018223,70230074.70420423,57.65,1.5642344991340085e-07,60.08,BID
537,1712179560.482103,70230074.70420423,57.65,0.0,60.08,BID
538,1712179574.3923647,70232384.70420423,57.65,5.204821648083649e-07,60.08,BID
539,1712179590.48848,70232384.70420423,57.65,0.0,60.08,BID
540,1712179620.3342366,70232384.70420423,57.65,0.0,60.08,BID
541,1712179635.5913625,70238483.84516574,57.56,-1.3741986323606218e-06,60.08,ASK
542,1712179643.584567,70242774.75301474,57.65,9.667852792530114e-07,60.08,BID
543,1712179643.595889,70242774.75301483,57.65,2.0144301103109272e-17,60.08,BID
544,1712179650.3414211,70242774.75301483,57.65,0.0,60.08,BID
545,1712179680.4647002,70242774.75301483,57.65,0.0,60.08,BID
546,1712179710.4710338,70242774.75301483,57.65,0.0,60.08,BID
547,1712179740.3275702,70242774.75301483,57.65,0.0,60.08,BID
548,1712179770.3342645,70242774.75301483,57.65,0.0,60.08,BID
549,1712179800.4364817,70242774.75301483,57.65,0.0,60.08,BID
550,1712179830.339434,70242774.75301483,57.65,0.0,60.08,BID
551,1712179832.3639026,70250072.50301483,57.83,1.6504389035937086e-06,60.08,BID
552,1712179832.369499,70265172.50301483,57.91,3.414974128226508e-06,60.08,BID
553,1712179832.3743577,70280372.50301483,57.88,3.437589850929995e-06,60.08,BID
554,1712179832.4427495,70287697.71666954,57.91,-1.656650007587582e-06,60.08,ASK
555,1712179832.880459,70293832.81920955,57.91,-1.3874977780212635e-06,60.08,ASK
556,1712179832.965383,70293832.81921571,57.91,-1.3951821922128705e-15,60.08,ASK
557,1712179832.968892,70294098.70280954,57.74,-6.013149629408941e-08,60.08,ASK
558,1712179833.6204915,70298697.70280954,57.75,-1.0400970871333585e-06,60.08,ASK
559,1712179860.4903684,70298697.70280954,57.75,-0.0,60.08,ASK
560,1712179877.480218,70299390.34350218,57.76,-1.5653111792356088e-07,60.08,ASK
561,1712179890.466651,70299390.34350218,57.76,-0.0,60.08,ASK
562,1712179895.8802423,70300588.40484022,57.77,-2.7074959218346253e-07,60.08,ASK
563,1712179902.580132,70301624.31644242,57.92,2.341054125767946e-07,60.08,BID
564,1712179920.330371,70301624.31644242,57.92,0.0,60.08,BID
565,1712179950.346576,70301624.31644242,57.92,0.0,60.08,BID
566,1712179951.0899124,70301770.35875276,57.92,3.3003102702322014e-08,60.08,BID
567,1712179953.720261,70302552.73690069,57.92,1.768042857421392e-07,60.08,BID
568,1712179980.3641272,70302552.73690069,57.92,0.0,60.08,BID
569,1712180010.340274,70302552.73690069,57.92,0.0,60.08,BID
570,1712180040.5115988,70302552.73690069,57.92,0.0,60.08,BID
571,1712180070.4810672,70302552.73690069,57.92,0.0,60.08,BID
572,1712180100.3033185,70302552.73690069,57.92,0.0,60.08,BID
573,1712180130.3218155,70302552.73690069,57.92,0.0,60.08,BID
574,1712180160.3914754,70302552.73690069,57.92,0.0,60.08,BID
575,1712180190.3390362,70302552.73690069,57.92,0.0,60.08,BID
576,1712180220.4690623,70302552.73690069,57.92,0.0,60.08,BID
577,1712180250.4914515,70302552.73690069,57.92,0.0,60.08,BID
578,1712180270.7100756,70309458.81424876,57.9,1.561443527405068e-06,60.08,BID
579,1712180280.334986,70309458.81424876,57.9,0.0,60.08,BID
580,1712180310.3378649,70309458.81424876,57.9,0.0,60.08,BID
581,1712180340.481749,70309458.81424876,57.9,0.0,60.08,BID
582,1712180370.492584,70309458.81424876,57.9,0.0,60.08,BID
583,1712180388.4130034,70309603.22301322,57.8,-3.264744013147713e-08,60.08,ASK
584,1712180388.5133226,70309603.22301324,57.8,3.368803616334545e-18,60.08,BID
585,1712180388.518379,70311631.9055315,57.8,4.586376132033419e-07,60.08,BID
586,1712180400.389405,70311631.9055315,57.8,0.0,60.08,BID
587,1712180430.3639576,70311631.9055315,57.8,0.0,60.08,BID
588,1712180460.4847465,70311631.9055315,57.8,0.0,60.08,BID
589,1712180490.4992054,70311631.9055315,57.8,0.0,60.08,BID
590,1712180510.4058282,70318957.1191862,57.85,-1.6564314583425222e-06,60.08,ASK
591,1712180510.4109943,70322072.75840348,57.85,-7.045313700920134e-07,60.08,ASK
592,1712180520.3558168,70322072.75840348,57.85,-0.0,60.08,ASK
593,1712180550.3470612,70322072.75840348,57.85,-0.0,60.08,ASK
594,1712180580.4969242,70322072.75840348,57.85,-0.0,60.08,ASK
595,1712180610.4872751,70322072.75840348,57.85,-0.0,60.08,ASK
596,1712180640.2325575,70323169.74894418,57.92,2.480257340552089e-07,60.08,BID
597,1712180640.3518088,70323169.74894418,57.92,0.0,60.08,BID
598,1712180670.321828,70323169.74894418,57.92,0.0,60.08,BID
599,1712180700.3486853,70323169.74894418,57.92,0.0,60.08,BID
600,1712180730.332088,70323169.74894418,57.92,0.0,60.08,BID
601,1712180760.4795032,70323169.74894418,57.92,0.0,60.08,BID
602,1712180778.6793897,70324896.26828119,57.91,3.903759663914344e-07,60.08,BID
603,1712180790.4943726,70324896.26828119,57.91,0.0,60.08,BID
604,1712180820.3525708,70324896.26828119,57.91,0.0,60.08,BID
605,1712180828.8433917,70330500.4989432,57.91,1.2671201861879992e-06,60.08,BID
606,1712180828.860701,70330500.49894418,57.91,2.2236470566946643e-16,60.08,BID
607,1712180850.3328695,70330500.49894418,57.91,0.0,60.08,BID
608,1712180857.580645,70330500.4989442,57.92,3.368914999735204e-18,60.08,BID
609,1712180880.4845283,70330500.4989442,57.92,0.0,60.08,BID
610,1712180910.5011914,70330500.4989442,57.92,0.0,60.08,BID
611,1712180940.3454263,70330500.4989442,57.92,0.0,60.08,BID
612,1712180970.316639,70330500.4989442,57.92,0.0,60.08,BID
613,1712180980.6817305,70331362.56790419,58.02,1.9490004922140525e-07,60.08,BID
614,1712181000.451795,70331362.56790419,58.02,0.0,60.08,BID
615,1712181011.8619614,70331362.5679097,58.02,1.2472340777233818e-15,60.08,BID
616,1712181030.3262715,70331362.5679097,58.02,0.0,60.08,BID
617,1712181045.0220642,70331988.08372813,58.16,1.4150260284439468e-07,60.08,BID
618,1712181060.482201,70331988.08372813,58.16,0.0,60.08,BID
619,1712181090.4658663,70331988.08372813,58.16,0.0,60.08,BID
620,1712181120.3635695,70331988.08372813,58.16,0.0,60.08,BID
621,1712181141.08307,70332092.74341314,58.2,2.3675653796487922e-08,60.08,BID
622,1712181150.5093896,70332092.74341314,58.2,0.0,60.08,BID
623,1712181155.5726907,70332181.72912244,58.25,2.0129928189977373e-08,60.08,BID
624,1712181163.8630583,70336779.29426605,58.25,-1.040039540140539e-06,60.08,ASK
625,1712181164.4338431,70342181.72911605,58.25,1.2221133755684148e-06,60.08,BID
626,1712181180.4859843,70342181.72911605,58.25,0.0,60.08,BID
627,1712181181.920844,70342181.72912244,58.25,1.4459112320692958e-15,60.08,BID
628,1712181210.4931293,70342181.72912244,58.25,0.0,60.08,BID
629,1712181240.360726,70342181.72912244,58.25,0.0,60.08,BID
630,1712181270.3436685,70342181.72912244,58.25,0.0,60.08,BID
631,1712181300.4208906,70342181.72912244,58.25,0.0,60.08,BID
632,1712181330.3391905,70342181.72912244,58.25,0.0,60.08,BID
633,1712181360.497547,70342181.72912244,58.25,0.0,60.08,BID
634,1712181361.92404,70345601.70176268,58.48,7.75672345026784e-07,60.08,BID
635,1712181390.5367894,70345601.70176268,58.48,0.0,60.08,BID
636,1712181420.3399203,70345601.70176268,58.48,0.0,60.08,BID
637,1712181450.3285592,70345601.70176268,58.48,0.0,60.08,BID
638,1712181480.505688,70345601.70176268,58.48,0.0,60.08,BID
639,1712181510.4984877,70345601.70176268,58.48,0.0,60.08,BID
640,1712181540.367468,70345601.70176268,58.48,0.0,60.08,BID
641,1712181570.3715613,70345601.70176268,58.48,0.0,60.08,BID
642,1712181572.20483,70362411.24957584,58.42,-3.812343347966905e-06,60.08,ASK
643,1712181598.654655,70388611.24957584,58.42,-5.942063214723852e-06,60.08,ASK
644,1712181600.5047472,70388611.24957584,58.42,-0.0,60.08,ASK
645,1712181615.6645467,70395911.99957584,58.46,1.662769644460951e-06,60.08,BID
646,1712181623.6090844,70395912.07916084,58.5,1.812574373939356e-11,60.08,BID
647,1712181623.6138132,70396001.99957584,58.5,2.0479668044773512e-08,60.08,BID
648,1712181630.339574,70396001.99957584,58.5,0.0,60.08,BID
649,1712181633.086842,70398618.18006873,58.42,-5.957850192913346e-07,60.08,ASK
650,1712181660.509436,70398618.18006873,58.42,-0.0,60.08,ASK
651,1712181673.8850825,70405021.26447031,58.42,-1.45812913120342e-06,60.08,ASK
652,1712181673.8908143,70411868.23468573,58.42,-1.5592121086414558e-06,60.08,ASK
653,1712181673.9049046,70411868.23468599,58.42,-5.768671310073774e-17,60.08,ASK
654,1712181690.5050924,70411868.23468599,58.42,-0.0,60.08,ASK
655,1712181720.3379948,70411868.23468599,58.42,-0.0,60.08,ASK
656,1712181750.3780134,70411868.23468599,58.42,-0.0,60.08,ASK
657,1712181780.4985988,70411868.23468599,58.42,-0.0,60.08,ASK
658,1712181810.5068398,70411868.23468599,58.42,-0.0,60.08,ASK
659,1712181825.055658,70427428.5658911,58.43,-3.5428196863571623e-06,60.08,ASK
660,1712181825.0675428,70430848.61811632,58.43,-7.786870467054344e-07,60.08,ASK
661,1712181840.3683136,70430848.61811632,58.43,-0.0,60.08,ASK
662,1712181870.3436313,70430848.61811632,58.43,-0.0,60.08,ASK
663,1712181900.5056908,70430848.61811632,58.43,-0.0,60.08,ASK
664,1712181910.5861986,70430937.1563511,58.54,2.0158222121094777e-08,60.08,BID
665,1712181910.8310893,70431272.1069511,58.55,7.626093529805869e-08,60.08,BID
666,1712181911.5053716,70431412.8568511,58.6,3.204567783140462e-08,60.08,BID
667,1712181930.4854004,70431412.8568511,58.6,0.0,60.08,BID
668,1712181955.295537,70431564.00558145,58.51,-3.441300547192626e-08,60.08,ASK
669,1712181960.3198867,70431564.00558145,58.51,-0.0,60.08,ASK
670,1712181964.655587,70443397.46493496,58.51,-2.6941945234113083e-06,60.08,ASK
671,1712181990.3663263,70443397.46493496,58.51,-0.0,60.08,ASK
672,1712181996.425892,70446805.20049468,58.69,7.757372676662486e-07,60.08,BID
673,1712182020.495717,70446805.20049468,58.69,0.0,60.08,BID
674,1712182050.5136368,70446805.20049468,58.69,0.0,60.08,BID
675,1712182080.3387911,70446805.20049468,58.69,0.0,60.08,BID
676,1712182110.3685796,70446805.20049468,58.69,0.0,60.08,BID
677,1712182140.496035,70446805.20049468,58.69,0.0,60.08,BID
678,1712182170.5006342,70446805.20049468,58.69,0.0,60.08,BID
679,1712182200.3914592,70446805.20049468,58.69,0.0,60.08,BID
680,1712182230.3560605,70446805.20049468,58.69,0.0,60.08,BID
681,1712182260.506724,70446805.20049468,58.69,0.0,60.08,BID
682,1712182284.3371437,70463591.45117468,58.68,-3.839756055642157e-06,60.08,ASK
683,1712182284.340066,70463761.45117468,58.71,-3.888649954673397e-08,60.08,ASK
684,1712182284.342704,70471677.80656208,58.68,-1.810819706965249e-06,60.08,ASK
685,1712182284.3948152,70488258.06624047,58.68,3.79263682628579e-06,60.08,BID
686,1712182284.4103384,70490723.7731327,58.68,5.640159408633887e-07,60.08,BID
687,1712182284.8010092,70528380.8544427,58.67,8.613835737016438e-06,60.08,BID
688,1712182284.876403,70530607.87062776,58.67,5.094168462994734e-07,60.08,BID
689,1712182284.9560533,70531643.82251972,58.68,2.369678986887689e-07,60.08,BID
690,1712182285.0761795,70579227.1758085,58.68,1.0884412035861208e-05,60.08,BID
691,1712182290.496647,70579227.1758085,58.68,0.0,60.08,BID
692,1712182320.3458693,70579227.1758085,58.68,0.0,60.08,BID
693,1712182350.3599052,70579227.1758085,58.68,0.0,60.08,BID
694,1712182364.9346786,70580520.38955674,58.62,-2.95290194092604e-07,60.08,ASK
695,1712182371.4544108,70580641.5277896,58.62,-2.7660494903717242e-08,60.08,ASK
696,1712182380.494769,70580641.5277896,58.62,-0.0,60.08,ASK
697,1712182410.5456994,70580641.5277896,58.62,-0.0,60.08,ASK
698,1712182440.3706098,70580641.5277896,58.62,-0.0,60.08,ASK
699,1712182463.8527372,70589162.31851897,58.68,1.945585808464028e-06,60.08,BID
700,1712182463.858169,70596336.83916637,58.68,1.6381866422334248e-06,60.08,BID
701,1712182470.3426335,70596336.83916637,58.68,0.0,60.08,BID
702,1712182470.5549383,70600459.37701294,58.79,9.41117439501574e-07,60.08,BID
703,1712182500.415511,70600459.37701294,58.79,0.0,60.08,BID
704,1712182530.351896,70600459.37701294,58.79,0.0,60.08,BID
705,1712182560.5048468,70600459.37701294,58.79,0.0,60.08,BID
706,1712182590.5001514,70600459.37701294,58.79,0.0,60.08,BID
707,1712182596.270357,70603865.95170209,58.71,7.780724112836803e-07,60.08,BID
708,1712182620.3334916,70603865.95170209,58.71,0.0,60.08,BID
709,1712182650.365339,70603865.95170209,58.71,0.0,60.08,BID
710,1712182680.4954736,70603865.95170209,58.71,0.0,60.08,BID
711,1712182710.498705,70603865.95170209,58.71,0.0,60.08,BID
712,1712182740.340791,70603865.95170209,58.71,0.0,60.08,BID
713,1712182770.3534548,70603865.95170209,58.71,0.0,60.08,BID
714,1712182770.491516,70604718.46662049,58.65,-1.9470820378972333e-07,60.08,ASK
715,1712182770.4964924,70605059.47258809,58.65,-7.788328157102306e-08,60.08,ASK
716,1712182770.6249564,70605059.4725887,58.65,-1.3953598814533906e-16,60.08,ASK
717,1712182771.1080775,70620838.60917807,58.62,-3.603839975524576e-06,60.08,ASK
718,1712182800.4168336,70620838.60917807,58.62,-0.0,60.08,ASK
719,1712182830.3370793,70620838.60917807,58.62,-0.0,60.08,ASK
720,1712182860.3664958,70620838.60917807,58.62,-0.0,60.08,ASK
721,1712182873.8967962,70620838.6091785,58.56,-9.883652664398571e-17,60.08,ASK
722,1712182873.903137,70624253.9097245,58.56,-7.811389466652317e-07,60.08,ASK
723,1712182888.9462006,70625932.53479248,58.4,-3.839309014782631e-07,60.08,ASK
724,1712182888.9568186,70627643.98439029,58.43,-3.914384453409998e-07,60.08,ASK
725,1712182888.961896,70636205.6282259,58.4,-1.958197633672097e-06,60.08,ASK
726,1712182888.9666,70643530.8418806,58.44,-1.6754044340349504e-06,60.08,ASK
727,1712182889.1770585,70717777.0582306,58.4,1.6981407771372836e-05,60.08,BID
728,1712182889.1819248,70783378.9617854,58.4,1.5004302301294298e-05,60.08,BID
729,1712182890.3532853,70783378.9617854,58.4,0.0,60.08,BID
730,1712182919.3560772,70786795.42915814,58.54,7.797128519232414e-07,60.08,BID
731,1712182920.496379,70786795.42915814,58.54,0.0,60.08,BID
732,1712182950.4906964,70786795.42915814,58.54,0.0,60.08,BID
733,1712182980.3144226,70786795.42915814,58.54,0.0,60.08,BID
734,1712183010.341334,70786795.42915814,58.54,0.0,60.08,BID
735,1712183040.4906037,70786795.42915814,58.54,0.0,60.08,BID
736,1712183042.0752802,70786897.62639882,58.71,2.3322589187046482e-08,60.08,BID
737,1712183064.3550556,70788521.94849515,58.71,3.7068903923410164e-07,60.08,BID
738,1712183064.3594785,70790235.80732927,58.71,3.911223556191421e-07,60.08,BID
739,1712183064.474691,70794526.71517725,58.71,-9.792346673130917e-07,60.08,ASK
740,1712183064.4946616,70807072.60108145,58.71,-2.863115882413497e-06,60.08,ASK
741,1712183070.4846818,70807072.60108145,58.71,-0.0,60.08,ASK
742,1712183080.9764712,70807481.18575181,58.71,9.321840933403321e-08,60.08,BID
743,1712183100.3443542,70807481.18575181,58.71,0.0,60.08,BID
744,1712183130.3657851,70807481.18575181,58.71,0.0,60.08,BID
745,1712183160.408317,70807481.18575181,58.71,0.0,60.08,BID
746,1712183190.3057249,70807481.18575181,58.71,0.0,60.08,BID
747,1712183220.4836364,70807481.18575181,58.71,0.0,60.08,BID
748,1712183250.496215,70807481.18575181,58.71,0.0,60.08,BID
749,1712183252.849445,70814728.93575181,58.72,1.6592242164111205e-06,60.08,BID
750,1712183262.653489,70822054.14940651,58.79,1.6769579367746638e-06,60.08,BID
751,1712183263.223735,70822338.81440651,58.79,-6.516823311725022e-08,60.08,ASK
752,1712183264.303403,70828311.81440651,58.79,-1.367396260166758e-06,60.08,ASK
753,1712183275.7232797,70854289.93251951,58.79,-5.947159141784924e-06,60.08,ASK
754,1712183275.7429554,70854289.93251996,58.79,-1.0233948813967508e-16,60.08,ASK
755,1712183280.354803,70854289.93251996,58.79,-0.0,60.08,ASK
756,1712183310.3270552,70854289.93251996,58.79,-0.0,60.08,ASK
757,1712183340.4959548,70854289.93251996,58.79,-0.0,60.08,ASK
758,1712183370.472757,70854289.93251996,58.79,-0.0,60.08,ASK
759,1712183376.5127137,70861615.14617465,58.79,1.6759023328948449e-06,60.08,BID
760,1712183376.5925658,70871405.76854566,58.79,-2.239951985773892e-06,60.08,ASK
761,1712183376.597776,70871405.76854649,58.79,-1.9091346015955863e-16,60.08,ASK
762,1712183389.882587,70871491.76854649,58.67,-1.967554905876933e-08,60.08,ASK
763,1712183400.5654185,70871491.76854649,58.67,-0.0,60.08,ASK
764,1712183428.5924757,70873196.21715736,58.74,3.91143023494728e-07,60.08,BID
765,1712183430.4734576,70873196.21715736,58.74,0.0,60.08,BID
766,1712183460.3638377,70873196.21715736,58.74,0.0,60.08,BID
767,1712183490.3519702,70873196.21715736,58.74,0.0,60.08,BID
768,1712183520.4836612,70873196.21715736,58.74,0.0,60.08,BID
769,1712183550.486344,70873196.21715736,58.74,0.0,60.08,BID
770,1712183580.370519,70873196.21715736,58.74,0.0,60.08,BID
771,1712183610.3220117,70873196.21715736,58.74,0.0,60.08,BID
772,1712183640.4748428,70873196.21715736,58.74,0.0,60.08,BID
773,1712183670.4710796,70873196.21715736,58.74,0.0,60.08,BID
774,1712183700.3279693,70873196.21715736,58.74,0.0,60.08,BID
775,1712183730.3553915,70873196.21715736,58.74,0.0,60.08,BID
776,1712183731.4417272,70876196.21715736,58.54,-6.887998055987382e-07,60.08,ASK
777,1712183756.9007733,70886348.80462366,58.44,-2.331033424370435e-06,60.08,ASK
778,1712183756.9061315,70893674.01827836,58.44,-1.681868580441492e-06,60.08,ASK
779,1712183760.4804423,70893674.01827836,58.44,-0.0,60.08,ASK
780,1712183762.7007368,70894015.49002157,58.57,7.838034834618756e-08,60.08,BID
781,1712183790.4811473,70894015.49002157,58.57,0.0,60.08,BID
782,1712183820.3588555,70894015.49002157,58.57,0.0,60.08,BID
783,1712183850.3301492,70894015.49002157,58.57,0.0,60.08,BID
784,1712183865.1300218,70895478.38631324,58.46,-3.357870653521266e-07,60.08,ASK
785,1712183869.4903443,70896209.8344591,58.46,-1.678935326794837e-07,60.08,ASK
786,1712183874.0000892,70896575.55853201,58.48,-8.394676633803166e-08,60.08,ASK
787,1712183880.504608,70896575.55853201,58.48,-0.0,60.08,ASK
788,1712183910.4810145,70896575.55853201,58.48,-0.0,60.08,ASK
789,1712183940.370324,70896575.55853201,58.48,-0.0,60.08,ASK
790,1712183967.9697,70903900.77218671,58.72,1.6813409885742925e-06,60.08,BID
791,1712183967.9773178,70905090.34232455,58.73,2.730395488543573e-07,60.08,BID
792,1712183970.350675,70905090.34232455,58.73,0.0,60.08,BID
793,1712184000.3596587,70905090.34232455,58.73,0.0,60.08,BID
794,1712184014.5692346,70905262.10460556,58.5,-3.9438857370143496e-08,60.08,ASK
795,1712184030.319388,70905262.10460556,58.5,-0.0,60.08,ASK
796,1712184045.859209,70911361.24556708,58.5,-1.400438990955275e-06,60.08,ASK
797,1712184060.4920895,70911361.24556708,58.5,-0.0,60.08,ASK
798,1712184088.8193817,70911544.10760354,58.5,-4.198396938751793e-08,60.08,ASK
799,1712184090.4883091,70911544.10760354,58.5,-0.0,60.08,ASK
800,1712184120.3192496,70911544.10760354,58.5,-0.0,60.08,ASK
801,1712184150.3441665,70911544.10760354,58.5,-0.0,60.08,ASK
802,1712184180.489385,70911544.10760354,58.5,-0.0,60.08,ASK
803,1712184196.6384676,70915348.19699964,58.53,-8.733927697287689e-07,60.08,ASK
804,1712184201.968967,70918754.19155005,58.72,7.81992930320586e-07,60.08,BID
805,1712184210.4741457,70918754.19155005,58.72,0.0,60.08,BID
806,1712184240.339592,70918754.19155005,58.72,0.0,60.08,BID
807,1712184270.3413422,70918754.19155005,58.72,0.0,60.08,BID
808,1712184294.408368,70924366.49293917,58.6,-1.288420784512853e-06,60.08,ASK
809,1712184300.3612342,70924366.49293917,58.6,-0.0,60.08,ASK
810,1712184322.408735,70927775.39016093,58.67,7.832317552385284e-07,60.08,BID
811,1712184330.362022,70927775.39016093,58.67,0.0,60.08,BID
812,1712184360.4913585,70927775.39016093,58.67,0.0,60.08,BID
813,1712184390.4885452,70927775.39016093,58.67,0.0,60.08,BID
814,1712184420.348269,70927775.39016093,58.67,0.0,60.08,BID
815,1712184422.7192132,70928775.39016093,58.68,2.2975047785699986e-07,60.08,BID
816,1712184450.3459284,70928775.39016093,58.68,0.0,60.08,BID
817,1712184480.4718585,70928775.39016093,58.68,0.0,60.08,BID
818,1712184510.4634793,70928775.39016093,58.68,0.0,60.08,BID
819,1712184513.4597242,70962864.3623784,58.67,-7.831852069483208e-06,60.08,ASK
820,1712184540.3357365,70962864.3623784,58.67,-0.0,60.08,ASK
821,1712184570.3458917,70962864.3623784,58.67,-0.0,60.08,ASK
822,1712184583.6710837,70969121.1123784,58.68,1.436811715227561e-06,60.08,BID
823,1712184600.387114,70969121.1123784,58.68,0.0,60.08,BID
824,1712184621.9704568,70969236.9337784,58.72,2.6702590277947644e-08,60.08,BID
825,1712184630.3381543,70969236.9337784,58.72,0.0,60.08,BID
826,1712184660.506935,70969236.9337784,58.72,0.0,60.08,BID
827,1712184690.4690683,70969236.9337784,58.72,0.0,60.08,BID
828,1712184693.2611182,70970261.74808274,58.69,-2.362702710500205e-07,60.08,ASK
829,1712184693.268447,70971261.74808274,58.68,-2.305493493310444e-07,60.08,ASK
830,1712184695.5911777,71028476.41814373,58.68,1.3190804954752148e-05,60.08,BID
831,1712184695.6105464,71028476.4181444,58.68,1.5459538578833634e-16,60.08,BID
832,1712184708.7809682,71050611.23862162,58.74,5.103168458581958e-06,60.08,BID
833,1712184708.787853,71050753.6080224,58.74,3.282317271548794e-08,60.08,BID
834,1712184708.8007562,71050753.60802332,58.74,2.095626340686337e-16,60.08,BID
835,1712184720.3174396,71050753.60802332,58.74,0.0,60.08,BID
836,1712184750.3311913,71050753.60802332,58.74,0.0,60.08,BID
837,1712184774.911099,71065031.27997012,58.74,-3.2880808298328965e-06,60.08,ASK
838,1712184780.4814014,71065031.27997012,58.74,-0.0,60.08,ASK
839,1712184810.4848704,71065031.27997012,58.74,-0.0,60.08,ASK
840,1712184840.3476684,71065031.27997012,58.74,-0.0,60.08,ASK
841,1712184870.3426929,71065031.27997012,58.74,-0.0,60.08,ASK
842,1712184900.4585557,71065031.27997012,58.74,-0.0,60.08,ASK
843,1712184930.492388,71065031.27997012,58.74,-0.0,60.08,ASK
844,1712184937.282014,71082067.05509788,58.7,-3.9260260091475845e-06,60.08,ASK
845,1712184946.692132,71085427.2391156,58.69,-7.743803701417968e-07,60.08,ASK
846,1712184954.949591,71087461.03773104,58.68,-4.687046055556574e-07,60.08,ASK
847,1712184955.0474896,71088814.3833793,58.68,-3.118889615873827e-07,60.08,ASK
848,1712184955.1278243,71089161.62221035,58.68,-8.002387164052946e-08,60.08,ASK
849,1712184960.3319166,71089161.62221035,58.68,-0.0,60.08,ASK
850,1712184990.3633654,71089161.62221035,58.68,-0.0,60.08,ASK
851,1712185020.4725745,71089161.62221035,58.68,-0.0,60.08,ASK
852,1712185025.1127255,71089350.95418034,58.68,4.36187779222319e-08,60.08,BID
853,1712185050.508324,71089350.95418034,58.68,0.0,60.08,BID
854,1712185080.336975,71089350.95418034,58.68,0.0,60.08,BID
855,1712185110.3187594,71089350.95418034,58.68,0.0,60.08,BID
856,1712185122.693009,71089521.2829148,58.71,3.9240664036873216e-08,60.08,BID
857,1712185140.4732342,71089521.2829148,58.71,0.0,60.08,BID
858,1712185140.575663,71090999.44668469,58.68,-3.405414502702099e-07,60.08,ASK
859,1712185145.272978,71094637.8452877,58.68,-8.382193923105147e-07,60.08,ASK
860,1712185145.3528616,71094637.84528801,58.68,-7.209196036860651e-17,60.08,ASK
861,1712185147.123231,71094827.24181034,58.66,-4.363343744704127e-08,60.08,ASK
862,1712185147.1301692,71095037.57076892,58.66,-4.8455881580821086e-08,60.08,ASK
863,1712185156.7731302,71096726.7534534,58.65,3.891562848877962e-07,60.08,BID
864,1712185170.4829776,71096726.7534534,58.65,0.0,60.08,BID
865,1712185200.4731398,71096726.7534534,58.65,0.0,60.08,BID
866,1712185202.043396,71102923.2534534,58.56,-1.4282111163345429e-06,60.08,ASK
867,1712185203.0233834,71109119.7534534,58.51,-1.4282111163345429e-06,60.08,ASK
868,1712185221.9161432,71109631.52418011,58.62,1.1795636906360465e-07,60.08,BID
869,1712185230.3264694,71109631.52418011,58.62,0.0,60.08,BID
870,1712185260.474601,71109631.52418011,58.62,0.0,60.08,BID
871,1712185290.4927146,71109631.52418011,58.62,0.0,60.08,BID
872,1712185320.316947,71109631.52418011,58.62,0.0,60.08,BID
873,1712185350.3442338,71109631.52418011,58.62,0.0,60.08,BID
874,1712185366.4727838,71114748.35856523,58.63,1.1791571936241565e-06,60.08,BID
875,1712185380.495053,71114748.35856523,58.63,0.0,60.08,BID
876,1712185410.4929297,71114748.35856523,58.63,0.0,60.08,BID
877,1712185440.333083,71114748.35856523,58.63,0.0,60.08,BID
878,1712185458.5231726,71116912.2741801,58.63,4.986325688482037e-07,60.08,BID
879,1712185458.5666463,71116912.27418011,58.63,3.433684859908419e-18,60.08,BID
880,1712185470.340923,71116912.27418011,58.63,0.0,60.08,BID
881,1712185484.3729308,71143008.12954412,58.63,-6.01311017280111e-06,60.08,ASK
882,1712185500.4831357,71143008.12954412,58.63,-0.0,60.08,ASK
883,1712185530.4929888,71143008.12954412,58.63,-0.0,60.08,ASK
884,1712185560.3322675,71143008.12954412,58.63,-0.0,60.08,ASK
885,1712185590.3378706,71143008.12954412,58.63,-0.0,60.08,ASK
886,1712185593.2034934,71146026.2016555,58.53,-6.962546034235135e-07,60.08,ASK
887,1712185620.5033884,71146026.2016555,58.53,-0.0,60.08,ASK
888,1712185631.8335888,71146106.47113709,58.54,-1.851702562512621e-08,60.08,ASK
889,1712185631.8405886,71147739.70405442,58.55,-3.767635617538242e-07,60.08,ASK
890,1712185641.0256538,71162839.70405442,58.73,3.483354836985051e-06,60.08,BID
891,1712185641.0328715,71367926.05439143,58.8,4.731049870503623e-05,60.08,BID
892,1712185641.0393662,71404695.93906143,58.67,8.482288451698131e-06,60.08,BID
893,1712185641.042513,71420095.93906143,58.79,3.5525605622231643e-06,60.08,BID
894,1712185641.04598,71433767.21885844,58.8,3.153769444282468e-06,60.08,BID
895,1712185641.0492072,71441092.43251313,58.67,1.6898224116581147e-06,60.08,BID
896,1712185641.052436,71449862.79969108,58.73,2.0231987371815453e-06,60.08,BID
897,1712185641.055659,71450498.89263408,58.8,1.4673757813003237e-07,60.08,BID
898,1712185641.0588715,71464998.89263408,58.76,3.344943386508824e-06,60.08,BID
899,1712185650.4935164,71464998.89263408,58.76,0.0,60.08,BID
900,1712185666.3933513,71465083.94111171,58.79,1.9534989491557885e-08,60.08,BID
901,1712185680.348883,71465083.94111171,58.79,0.0,60.08,BID
902,1712185710.333621,71465083.94111171,58.79,0.0,60.08,BID
903,1712185726.7237031,71465188.4732185,58.65,-2.4010203582799524e-08,60.08,ASK
904,1712185740.48337,71465188.4732185,58.65,-0.0,60.08,ASK
905,1712185770.4752128,71465188.4732185,58.65,-0.0,60.08,ASK
906,1712185800.361991,71465188.4732185,58.65,-0.0,60.08,ASK
907,1712185805.064026,71480588.4732185,58.66,-3.543819691629289e-06,60.08,ASK
908,1712185805.0688446,71487894.20324405,58.66,-1.6811811640423946e-06,60.08,ASK
909,1712185812.0633645,71504941.5949931,58.79,3.922914452676423e-06,60.08,BID
910,1712185830.3382435,71504941.5949931,58.79,0.0,60.08,BID
911,1712185860.4956057,71504941.5949931,58.79,0.0,60.08,BID
912,1712185870.7236216,71505091.5949931,58.67,-3.449919383129628e-08,60.08,ASK
913,1712185870.7332032,71529941.5949931,58.65,-5.715366444718084e-06,60.08,ASK
914,1712185880.383747,71531404.0252631,58.66,-3.363511023301969e-07,60.08,ASK
915,1712185890.4893827,71531404.0252631,58.66,-0.0,60.08,ASK
916,1712185918.433396,71537181.76017018,58.66,-1.328373799238483e-06,60.08,ASK
917,1712185920.3292208,71537181.76017018,58.66,-0.0,60.08,ASK
918,1712185924.5936573,71573927.20208018,58.75,8.447580207857891e-06,60.08,BID
919,1712185924.839705,71574690.33458216,58.81,1.7544007323602982e-07,60.08,BID
920,1712185950.3434346,71574690.33458216,58.81,0.0,60.08,BID
921,1712185977.5329838,71575690.33458216,58.73,-2.297782332265214e-07,60.08,ASK
922,1712185980.4943438,71575690.33458216,58.73,-0.0,60.08,ASK
923,1712185986.4136164,71579097.48960772,58.7,-7.828794972398237e-07,60.08,ASK
924,1712185986.5132427,71579217.90074176,58.7,2.7667484269965773e-08,60.08,BID
925,1712186010.468726,71579217.90074176,58.7,0.0,60.08,BID
926,1712186040.3584914,71579217.90074176,58.7,0.0,60.08,BID
927,1712186049.473591,71580217.90074176,58.7,-2.297642004640188e-07,60.08,ASK
928,1712186049.6138654,71587951.52519576,58.7,1.7769100393637991e-06,60.08,BID
929,1712186049.6213658,71587951.5251959,58.7,3.081378048920883e-17,60.08,BID
930,1712186070.3570387,71587951.5251959,58.7,0.0,60.08,BID
931,1712186100.367371,71587951.5251959,58.7,0.0,60.08,BID
932,1712186105.8733869,71595951.5251959,58.65,-1.838794075129661e-06,60.08,ASK
933,1712186114.2436206,71603247.2751959,58.72,1.676922734203403e-06,60.08,BID
934,1712186114.7835286,71603837.1169959,58.66,-1.3557470088895228e-07,60.08,ASK
935,1712186130.3895304,71603837.1169959,58.66,-0.0,60.08,ASK
936,1712186137.7036593,71610848.4601014,58.67,-1.611206791710311e-06,60.08,ASK
937,1712186160.4786716,71610848.4601014,58.67,-0.0,60.08,ASK
938,1712186174.2537892,71617158.31692772,58.67,-1.4498681748246662e-06,60.08,ASK
939,1712186190.5102072,71617158.31692772,58.67,-0.0,60.08,ASK
940,1712186196.1034136,71619962.3016581,58.67,-6.44240043101074e-07,60.08,ASK
941,1712186220.3372912,71619962.3016581,58.67,-0.0,60.08,ASK
942,1712186250.3299692,71619962.3016581,58.67,-0.0,60.08,ASK
943,1712186280.466838,71619962.3016581,58.67,-0.0,60.08,ASK
944,1712186310.5054207,71619962.3016581,58.67,-0.0,60.08,ASK
945,1712186340.3656497,71619962.3016581,58.67,-0.0,60.08,ASK
946,1712186346.163306,71620064.4119372,58.76,2.3459843964559602e-08,60.08,BID
947,1712186370.347082,71620064.4119372,58.76,0.0,60.08,BID
948,1712186400.441199,71620064.4119372,58.76,0.0,60.08,BID
949,1712186430.3443732,71620064.4119372,58.76,0.0,60.08,BID
950,1712186453.1842978,71623770.71097305,58.76,-8.526096377101318e-07,60.08,ASK
951,1712186453.3042018,71625169.92589226,58.76,-3.218801596437061e-07,60.08,ASK
952,1712186460.4940772,71625169.92589226,58.76,-0.0,60.08,ASK
953,1712186490.495244,71625169.92589226,58.76,-0.0,60.08,ASK
954,1712186520.3538735,71625169.92589226,58.76,-0.0,60.08,ASK
955,1712186550.3626564,71625169.92589226,58.76,-0.0,60.08,ASK
956,1712186580.5171504,71625169.92589226,58.76,-0.0,60.08,ASK
957,1712186608.6978846,71625850.66108628,58.76,1.565878330489899e-07,60.08,BID
958,1712186610.4876466,71625850.66108628,58.76,0.0,60.08,BID
959,1712186640.3483012,71625850.66108628,58.76,0.0,60.08,BID
960,1712186658.5986676,71627552.49907129,58.67,-3.9146598069927946e-07,60.08,ASK
961,1712186670.3580754,71627552.49907129,58.67,-0.0,60.08,ASK
962,1712186700.4994173,71627552.49907129,58.67,-0.0,60.08,ASK
963,1712186709.4608452,71629805.93807529,58.68,-5.243255297572338e-07,60.08,ASK
964,1712186714.749518,71630065.63336614,58.68,-6.04253635033895e-08,60.08,ASK
965,1712186714.8895185,71630325.32865699,58.68,-6.04253635033895e-08,60.08,ASK
966,1712186730.4997122,71630325.32865699,58.68,-0.0,60.08,ASK
967,1712186760.3666956,71630325.32865699,58.68,-0.0,60.08,ASK
968,1712186778.270609,71638894.06746413,58.68,-1.9936809560330928e-06,60.08,ASK
969,1712186778.2782288,71644642.0286078,58.68,-1.3373730867612356e-06,60.08,ASK
970,1712186778.2834806,71645952.59504038,58.66,-3.0492834442262893e-07,60.08,ASK
971,1712186778.2869313,71647125.32865699,58.67,-2.728589038070928e-07,60.08,ASK
972,1712186790.3627784,71647125.32865699,58.67,-0.0,60.08,ASK
973,1712186809.1806962,71647525.32865699,58.67,9.304630850075598e-08,60.08,BID
974,1712186820.5292656,71647525.32865699,58.67,0.0,60.08,BID
975,1712186850.5032597,71647525.32865699,58.67,0.0,60.08,BID
976,1712186880.364758,71647525.32865699,58.67,0.0,60.08,BID
977,1712186910.3457935,71647525.32865699,58.67,0.0,60.08,BID
978,1712186940.3863013,71647525.32865699,58.67,0.0,60.08,BID
979,1712186956.0623977,71652637.803087,58.68,-1.1892356904726298e-06,60.08,ASK
980,1712186959.8728275,71652637.80309461,58.68,-1.771241578712555e-15,60.08,ASK
981,1712186959.879882,71653302.80474699,58.66,-1.546890277993932e-07,60.08,ASK
982,1712186959.8860004,71654302.80474699,58.67,-2.326145014030649e-07,60.08,ASK
983,1712186970.3889024,71654302.80474699,58.67,-0.0,60.08,ASK
984,1712186989.503144,71667081.02670403,58.66,-2.972124790271851e-06,60.08,ASK
985,1712186989.511178,71691067.34018698,58.66,-5.5790482564462415e-06,60.08,ASK
986,1712187000.4430606,71691067.34018698,58.66,-0.0,60.08,ASK
987,1712187002.9704196,71692866.13968699,58.66,-4.2082987211308377e-07,60.08,ASK
988,1712187013.4031465,71697190.75493272,58.66,-1.0117454895863703e-06,60.08,ASK
989,1712187013.411093,71699878.915641,58.66,-6.288962872638385e-07,60.08,ASK
990,1712187013.683362,71700104.28880507,58.66,-5.27261430827754e-08,60.08,ASK
991,1712187013.691118,71702526.9185342,58.66,-5.66775207068962e-07,60.08,ASK
992,1712187013.6972864,71736663.08167098,58.65,-7.986169201878805e-06,60.08,ASK
993,1712187025.863248,71736851.46413146,58.65,-4.407215298307369e-08,60.08,ASK
994,1712187025.8708303,72075917.06950086,58.65,-7.932453580584015e-05,60.08,ASK
995,1712187030.379472,72075917.06950086,58.65,-0.0,60.08,ASK
996,1712187049.000728,72076087.95125069,58.52,-3.976785555798477e-08,60.08,ASK
997,1712187049.0049124,72077007.6817691,58.54,-2.1404105731804922e-07,60.08,ASK
998,1712187049.008563,72084917.06950086,58.51,-1.8406845037184487e-06,60.08,ASK
999,1712187049.012237,72085917.06950086,58.53,-2.327214907327203e-07,60.08,ASK
1000,1712187060.4786985,72085917.06950086,58.53,-0.0,60.08,ASK
1201,1712187090.513859,72085917.06950086,58.53,-0.0,60.08,ASK
1202,1712187120.4307842,72085917.06950086,58.53,-0.0,60.08,ASK
1203,1712187150.3372133,72085917.06950086,58.53,-0.0,60.08,ASK
1204,1712187180.5146668,72085917.06950086,58.53,-0.0,60.08,ASK
1205,1712187210.4898963,72085917.06950086,58.53,-0.0,60.08,ASK
1206,1712187212.025284,72087359.23852307,58.52,-3.355780267877798e-07,60.08,ASK
1207,1712187215.7351384,72337785.30268213,58.65,5.827159172950924e-05,60.08,BID
1208,1712187215.7376845,72345110.51633683,58.64,1.7045025279269608e-06,60.08,BID
1209,1712187240.3556006,72345110.51633683,58.64,0.0,60.08,BID
1210,1712187270.369477,72345110.51633683,58.64,0.0,60.08,BID
1211,1712187279.135661,72353635.66552694,58.65,1.976723189561903e-06,60.08,BID
1212,1712187296.476514,72360125.42612688,58.64,1.5047783899766108e-06,60.08,BID
1213,1712187296.478701,72367450.63978158,58.64,1.698494580778486e-06,60.08,BID
1214,1712187300.485599,72367450.63978158,58.64,0.0,60.08,BID
1215,1712187330.5027423,72367450.63978158,58.64,0.0,60.08,BID
1216,1712187360.36067,72367450.63978158,58.64,0.0,60.08,BID
1217,1712187390.3514729,72367450.63978158,58.64,0.0,60.08,BID
1218,1712187420.4935744,72367450.63978158,58.64,0.0,60.08,BID
1219,1712187430.8872268,72370686.32207537,58.64,-7.518517900260782e-07,60.08,ASK
1220,1712187430.889912,72371927.60116297,58.64,-2.884269279861456e-07,60.08,ASK
1221,1712187432.5869317,72380454.20416433,58.64,1.981264273603049e-06,60.08,BID
1222,1712187450.4875364,72380454.20416433,58.64,0.0,60.08,BID
1223,1712187467.0003362,72381090.36420219,58.51,-1.4779366092873162e-07,60.08,ASK
1224,1712187467.0015905,72387920.96529508,58.56,-1.5868955636658904e-06,60.08,ASK
1225,1712187467.0027869,72394752.73301496,58.55,-1.5871665962103848e-06,60.08,ASK
1226,1712187467.0039852,72410256.83398592,58.52,-3.6019361568439723e-06,60.08,ASK
1227,1712187467.005183,72441026.06475516,58.5,-7.1483541698741e-06,60.08,ASK
1228,1712187467.0063689,72449575.99635568,58.48,-1.986333024284568e-06,60.08,ASK
1229,1712187467.007577,72464575.99635568,58.48,-3.4848226578134943e-06,60.08,ASK
1230,1712187467.0087745,72465075.99635568,58.5,-1.1616075526044981e-07,60.08,ASK
1231,1712187467.0099723,72466075.99635568,58.51,-2.3232151052089962e-07,60.08,ASK
1232,1712187467.0111916,72483178.78411008,58.47,-3.973345485220916e-06,60.08,ASK
1233,1712187467.0123944,72495144.59607589,58.5,-2.779915510505633e-06,60.08,ASK
1234,1712187467.0136125,72505402.75986457,58.49,-2.3831921065560634e-06,60.08,ASK
1235,1712187467.014831,72513952.69146511,58.48,-1.986333024288029e-06,60.08,ASK
1236,1712187467.0160687,72535317.13609971,58.43,-4.963420048950743e-06,60.08,ASK
1237,1712187467.0173123,72538737.69365059,58.47,-7.946690970434908e-07,60.08,ASK
1238,1712187467.0185463,72540448.5576369,58.45,-3.974705055961236e-07,60.08,ASK
1239,1712187467.0197997,72542161.47301888,58.38,-3.979470889367563e-07,60.08,ASK
1240,1712187467.0210347,72551142.1691554,58.48,-2.086408891965374e-06,60.08,ASK
1241,1712187467.0222783,73064840.79929239,58.4,-0.0001193432417059,60.08,ASK
1242,1712187467.0235398,73079840.79929239,58.44,-3.4848226578134943e-06,60.08,ASK
1243,1712187467.024781,74270888.19415,58.38,-0.0002767059298753,60.08,ASK
1244,1712187467.0876498,74275648.50461419,58.38,1.105922517588707e-06,60.08,BID
1245,1712187467.0905714,74292337.64130327,58.38,3.877245444897246e-06,60.08,BID
1246,1712187467.1205428,74307337.64130327,58.38,3.4848226578134943e-06,60.08,BID
1247,1712187467.1342435,74327331.05968592,58.38,4.644901159132328e-06,60.08,BID
1248,1712187467.161518,74331264.99236833,58.38,9.139371830649984e-07,60.08,BID
1249,1712187467.172932,74335048.39470062,58.37,8.789657447461413e-07,60.08,BID
1250,1712187467.1752284,74337624.99236833,58.38,5.985990621667802e-07,60.08,BID
1251,1712187467.1964283,74374439.48003832,58.38,8.552797384544986e-06,60.08,BID
1252,1712187467.2186985,74375621.91617753,58.33,-2.747053499560139e-07,60.08,ASK
1253,1712187467.222908,74377340.15529214,58.33,-3.9918390654283217e-07,60.08,ASK
1254,1712187468.0773244,74379055.1269951,58.31,-3.984248165329901e-07,60.08,ASK
1255,1712187468.0803058,74384055.1269951,58.31,-1.161607552604498e-06,60.08,ASK
1256,1712187469.31739,74390135.1478778,58.3,-1.412519635466528e-06,60.08,ASK
1257,1712187469.357203,74400229.72399797,58.3,-2.345187172305625e-06,60.08,ASK
1258,1712187479.0874045,74413994.34891193,58.12,-3.1978184517649565e-06,60.08,ASK
1259,1712187479.098837,74414994.34891193,58.05,-2.3232151052089962e-07,60.08,ASK
1260,1712187479.1017718,74423051.22740515,58.3,-1.8717861816281304e-06,60.08,ASK
1261,1712187479.1040742,74437651.22740515,58.14,-3.3918940536051343e-06,60.08,ASK
1262,1712187479.106343,74451415.85231912,58.12,-3.1978184517684184e-06,60.08,ASK
1263,1712187479.1086383,74451588.26611222,58.0,-4.005543284807284e-08,60.08,ASK
1264,1712187479.110891,74517188.26611222,58.11,-1.5240291090171012e-05,60.08,ASK
1265,1712187479.1131754,74517288.26611222,58.05,-2.3232151052089963e-08,60.08,ASK
1266,1712187479.1147623,74531263.35905522,58.1,-3.246714702187216e-06,60.08,ASK
1267,1712187479.1160643,74552066.53037545,58.02,-4.833024184740837e-06,60.08,ASK
1268,1712187479.1173751,74555291.72430754,58.01,-7.492819260251125e-07,60.08,ASK
1269,1712187479.118863,74609863.67970914,58.0,-1.267823911097874e-05,60.08,ASK
1270,1712187479.120206,74618602.0457898,58.02,-2.030110407342745e-06,60.08,ASK
1271,1712187479.1674972,74668449.8137389,58.0,1.1580708746031198e-05,60.08,BID
1272,1712187479.170396,74811229.16294608,58.0,3.317071407900255e-05,60.08,BID
1273,1712187479.187375,74861102.70089412,58.0,1.158669567111056e-05,60.08,BID
1274,1712187479.1901956,74911102.70089412,58.0,1.161607552604498e-05,60.08,BID
1275,1712187479.1973867,75256975.29056376,58.0,8.035364247982719e-05,60.08,BID
1276,1712187479.2188408,75265955.98670028,58.0,2.086408891965374e-06,60.08,BID
1277,1712187479.2231033,75304083.11214267,58.0,8.857751374594862e-06,60.08,BID
1278,1712187479.232579,75329083.11214267,58.0,5.80803776302249e-06,60.08,BID
1279,1712187479.2376976,75361030.99988097,58.0,7.422181537314529e-06,60.08,BID
1280,1712187479.2446473,75409603.41680959,58.0,1.1284417270507717e-05,60.08,BID
1281,1712187479.2493963,75434603.41680959,58.0,5.80803776302249e-06,60.08,BID
1282,1712187479.2569644,75498380.3838096,58.0,1.481676130988334e-05,60.08,BID
1283,1712187479.28753,75503643.28367358,58.0,1.2226848461219666e-06,60.08,BID
1284,1712187479.2970693,75538131.98862271,58.0,8.012468029690496e-06,60.08,BID
1285,1712187479.307562,75555376.34109727,58.0,4.0062340148435176e-06,60.08,BID
1286,1712187479.309996,75661159.30186877,58.0,2.45756572338082e-05,60.08,BID
1287,1712187479.3213625,76295555.25100966,58.0,0.0001473838251727,60.08,BID
1288,1712187479.327665,76299336.25100966,58.0,8.784076312795214e-07,60.08,BID
1289,1712187479.3372252,76423830.7183316,58.0,2.8922742699729552e-05,60.08,BID
1290,1712187479.3388789,76856300.10619032,58.0,0.0001004719414413,60.08,BID
1291,1712187479.347174,76881300.10619032,58.0,5.80803776302249e-06,60.08,BID
1292,1712187479.349602,76917936.29463945,58.0,8.51137464023009e-06,60.08,BID
1293,1712187479.3643212,76920083.77813946,58.0,4.989066105395946e-07,60.08,BID
1294,1712187479.397859,76971816.83556314,58.0,1.2018702044534014e-05,60.08,BID
1295,1712187479.4009705,77161504.71278332,58.0,4.4068574163296e-05,60.08,BID
1296,1712187479.407082,77204615.59396973,58.0,1.0015585037113984e-05,60.08,BID
1297,1712187479.416933,77325326.06129166,58.0,2.804363810391501e-05,60.08,BID
1298,1712187479.4273317,77350326.06129166,58.0,5.80803776302249e-06,60.08,BID
1299,1712187479.4372213,77388629.54707932,58.0,8.898723676404955e-06,60.08,BID
1300,1712187479.4536269,77413629.54707932,58.0,5.80803776302249e-06,60.08,BID
1301,1712187479.4568589,77461032.12157932,58.0,1.1012637710418205e-05,60.08,BID
1302,1712187479.4670317,77486032.12157932,58.0,5.80803776302249e-06,60.08,BID
1303,1712187479.4873192,77520520.82652844,58.0,8.012468029690496e-06,60.08,BID
1304,1712187479.497297,77684342.17503679,58.0,3.805922314102899e-05,60.08,BID
1305,1712187479.5070865,77718830.87998591,58.0,8.012468029690496e-06,60.08,BID
1306,1712187479.5274484,77787808.28988416,58.0,1.6024936059380992e-05,60.08,BID
1307,1712187479.5369806,77822290.28988416,58.0,8.01091032578166e-06,60.08,BID
1308,1712187479.589784,77856778.99483328,58.0,8.012468029687035e-06,60.08,BID
1309,1712187479.607286,77925756.40473153,58.0,1.6024936059380992e-05,60.08,BID
1310,1712187479.617101,78029216.81462978,58.0,2.403607870667317e-05,60.08,BID
1311,1712187479.6408849,78072327.69581619,58.0,1.0015585037113984e-05,60.08,BID
1312,1712187479.6441443,78106816.40076531,58.0,8.012468029690496e-06,60.08,BID
1313,1712187479.7231991,78149927.28195173,58.0,1.0015585037113984e-05,60.08,BID
1314,1712187479.735144,78287882.10174821,58.0,3.204987211875852e-05,60.08,BID
1315,1712187479.736904,78288420.62124822,58.0,1.251096636854858e-07,60.08,BID
1316,1712187479.73852,78325056.80969734,58.0,8.51137464023009e-06,60.08,BID
1317,1712187479.79722,78364150.2596941,58.0,9.08224935471927e-06,60.08,BID
1318,1712187479.8169465,78398632.2596941,58.0,8.01091032578166e-06,60.08,BID
1319,1712187480.0975516,78433114.2596941,58.0,8.01091032578166e-06,60.08,BID
1320,1712187480.171652,78444810.72620302,58.0,2.71734076711056e-06,60.08,BID
1321,1712187480.174934,78449187.31688058,58.0,1.0167761571422816e-06,60.08,BID
1322,1712187480.3493612,78449187.31688058,58.0,0.0,60.08,BID
1323,1712187480.381306,78483669.31688058,58.0,7.404054114361369e-06,60.08,BID
1324,1712187480.6975474,78518151.31688058,58.0,7.404054114361369e-06,60.08,BID
1325,1712187481.4171524,78523885.64877714,58.0,1.231288894838666e-06,60.08,BID
1326,1712187482.077063,78527785.64877714,58.0,8.37416943507028e-07,60.08,BID
1327,1712187482.3275166,78532654.26764506,58.0,1.0454010080700638e-06,60.08,BID
1328,1712187483.047186,78534801.85385194,58.0,4.6113463520153193e-07,60.08,BID
1329,1712187483.1789346,78541821.85385194,58.0,1.5073504983126504e-06,60.08,BID
1330,1712187483.617983,78543821.85385194,58.0,4.2944458641386054e-07,60.08,BID
1331,1712187484.5872288,78548907.02816775,58.0,1.0919002904477495e-06,60.08,BID
1332,1712187484.7892523,78555090.02816775,58.0,1.3276279388984497e-06,60.08,BID
1333,1712187484.8884718,78565592.61437465,58.0,2.255139394948634e-06,60.08,BID
1334,1712187485.5742798,78566192.61437465,58.0,1.2883337592415817e-07,60.08,BID
1335,1712187485.8771005,78573688.7350643,58.0,1.6095842246365778e-06,60.08,BID
1336,1712187486.7265525,78579461.1488574,58.0,1.239465926994156e-06,60.08,BID
1337,1712187487.537639,78631194.2062811,58.0,1.1108240724621796e-05,60.08,BID
1338,1712187487.5413015,78682927.26370478,58.0,1.1108240724618596e-05,60.08,BID
1339,1712187487.557501,78683465.30170476,58.0,1.1552875318980828e-07,60.08,BID
1340,1712187487.5601704,78798208.28338943,58.0,2.4637876156733107e-05,60.08,BID
1341,1712187487.617447,78803158.28338943,58.0,1.0628753513743048e-06,60.08,BID
1342,1712187487.6373742,78820402.63586399,58.0,3.702746908205132e-06,60.08,BID
1343,1712187487.65732,78843405.11291897,58.0,4.939144622685827e-06,60.08,BID
1344,1712187487.6605692,78857083.24964772,58.0,2.937000885194856e-06,60.08,BID
1345,1712187487.8214536,78861929.24964772,58.14,1.040544232880784e-06,60.08,BID
1346,1712187488.6078043,78874641.75364771,58.14,2.729658011280815e-06,60.08,BID
1347,1712187490.6676433,78883491.75364771,58.06,-1.9002922948813327e-06,60.08,ASK
1348,1712187490.6776028,78889942.16944961,58.07,-1.3850480731216825e-06,60.08,ASK
1349,1712187490.8474057,78891982.16944961,58.03,4.380334781421377e-07,60.08,BID
1350,1712187493.197639,78895442.94366749,58.03,7.431053763332853e-07,60.08,BID
1351,1712187493.8473673,78898341.94366749,58.03,6.224799280068908e-07,60.08,BID
1352,1712187495.0072303,78900065.19026408,58.03,3.700194609807749e-07,60.08,BID
1353,1712187496.3073318,78901788.43686065,58.03,3.700194609775753e-07,60.08,BID
1354,1712187497.4373689,78911444.64615045,58.03,2.0734034023928e-06,60.08,BID
1355,1712187500.1116347,78915554.64615045,58.0,8.825086250804833e-07,60.08,BID
1356,1712187501.6784017,78915906.16948923,58.0,7.547989741855681e-08,60.08,BID
1357,1712187501.680937,78917497.61115044,58.0,3.417180029998148e-07,60.08,BID
1358,1712187501.927519,78919239.23182413,57.99,-3.739647849505138e-07,60.08,ASK
1359,1712187503.7173684,78919411.64561723,58.0,3.702108503534664e-08,60.08,BID
1360,1712187503.84336,78927906.10009998,58.0,1.8239487460777765e-06,60.08,BID
1361,1712187504.021496,78942187.0377263,57.99,-3.0664356762679523e-06,60.08,ASK
1362,1712187504.0235655,78965698.4004263,57.99,-5.048413715363971e-06,60.08,ASK
1363,1712187505.4475906,78971645.74445114,57.99,1.2770273475035386e-06,60.08,BID
1364,1712187507.947392,78977779.63804802,57.99,1.3170836994110089e-06,60.08,BID
1365,1712187507.9573195,79008665.75598113,57.99,6.631938070856944e-06,60.08,BID
1366,1712187510.3603067,79008665.75598113,57.99,0.0,60.08,BID
1367,1712187510.4857123,79010094.67199606,57.99,3.046968784338837e-07,60.08,BID
1368,1712187510.491253,79016539.79274768,57.99,1.374334218132072e-06,60.08,BID
1369,1712187510.6925745,79018264.22799513,57.99,3.677123298162564e-07,60.08,BID
1370,1712187511.6473415,79020906.39621472,57.99,5.634063866592002e-07,60.08,BID
1371,1712187511.8072686,79026753.78981835,57.99,1.2468770448290606e-06,60.08,BID
1372,1712187511.8756042,79028478.22506578,57.99,3.677123298130789e-07,60.08,BID
1373,1712187512.247643,79028578.22506578,57.98,-2.132363800611137e-08,60.08,ASK
1374,1712187512.25141,79028750.69833243,57.98,-3.6777575036964975e-08,60.08,ASK
1375,1712187512.5276985,79038110.69833241,57.98,1.9958925173688465e-06,60.08,BID
1376,1712187513.247405,79075282.96507242,57.98,7.926479598305695e-06,60.08,BID
1377,1712187514.0676603,79080166.71507242,57.98,1.041393171123464e-06,60.08,BID
1378,1712187516.13929,79090750.71507242,57.97,2.256893846566827e-06,60.08,BID
1379,1712187516.8373437,79098272.71507242,57.97,1.6039640508196971e-06,60.08,BID
1380,1712187517.1071925,79119773.35012373,57.97,4.584717587356455e-06,60.08,BID
1381,1712187517.1474586,79123100.2978358,57.98,7.094262867730869e-07,60.08,BID
1382,1712187517.1496277,79123100.29852523,57.98,1.4701198929976748e-13,60.08,BID
1383,1712187518.0879347,79130288.29852523,57.98,1.5327430998792851e-06,60.08,BID
1384,1712187519.1599076,79130789.29852523,57.98,1.0683142641061797e-07,60.08,BID
1385,1712187520.1775367,79131792.29852523,57.98,2.138760892012971e-07,60.08,BID
1386,1712187521.377764,79138647.29852523,57.98,1.4617353853189344e-06,60.08,BID
1387,1712187521.3809402,79145745.31652524,57.98,1.5135556639300496e-06,60.08,BID
1388,1712187521.577403,79145831.57040587,57.98,1.8392465272810303e-08,60.08,BID
1389,1712187522.6876943,79151182.57040587,57.98,1.1410278697070194e-06,60.08,BID
1390,1712187540.5196128,79151182.57040587,57.98,0.0,60.08,BID
1391,1712187542.187633,79151263.33569148,57.98,1.7191805921840386e-08,60.08,BID
1392,1712187547.8276825,79189056.62098148,58.01,8.044728882438985e-06,60.08,BID
1393,1712187547.887843,79190058.62098148,58.01,2.132870502881667e-07,60.08,BID
1394,1712187547.9876077,79193538.62098148,58.01,7.407574201624951e-07,60.08,BID
1395,1712187548.9181752,79207620.21836264,58.01,2.9974275137456262e-06,60.08,BID
1396,1712187548.9222183,79215192.70102175,58.01,1.611888712293462e-06,60.08,BID
1397,1712187549.917589,79221675.4193706,58.01,1.3799200344086643e-06,60.08,BID
1398,1712187553.3735025,79223549.0383706,58.01,3.988210278156399e-07,60.08,BID
1399,1712187555.5847154,79225545.47283582,58.01,4.249636908008343e-07,60.08,BID
1400,1712187556.645208,79229201.92614567,58.01,7.783175059621526e-07,60.08,BID
1401,1712187558.5602243,79234699.10994744,58.01,1.1701378422868844e-06,60.08,BID
1402,1712187565.5143256,79234790.81792846,57.98,-1.9521082594495242e-08,60.08,ASK
1403,1712187565.5184743,79239653.2428983,57.98,-1.0350222345948867e-06,60.08,ASK
1404,1712187565.667904,79246500.2428983,58.01,1.4574615103024722e-06,60.08,BID
1405,1712187566.5776448,79253347.2428983,58.01,1.4574615103024722e-06,60.08,BID
1406,1712187567.4379466,79255028.0888983,58.01,3.577871111066285e-07,60.08,BID
1407,1712187569.8319657,79259800.5048983,58.01,1.0158628057751537e-06,60.08,BID
1408,1712187570.4979262,79259800.5048983,58.01,0.0,60.08,BID
1409,1712187572.8202848,79263474.41337407,57.99,-7.809855846029602e-07,60.08,ASK
1410,1712187576.0687103,79263917.86837406,58.01,9.426798862918792e-08,60.08,BID
1411,1712187579.7881937,79264004.0604099,58.01,1.832237736506873e-08,60.08,BID
1412,1712187584.0179453,79267809.78744496,57.98,-8.090070759565801e-07,60.08,ASK
1413,1712187584.0863357,79267959.93312892,57.98,-3.1917402280361364e-08,60.08,ASK
1414,1712187585.6377895,79270157.49722534,58.0,4.671498737282522e-07,60.08,BID
1415,1712187594.1280563,79270330.08956224,57.94,-3.6689026962798026e-08,60.08,ASK
1416,1712187595.017748,79287416.73091224,57.94,3.632213668803848e-06,60.08,BID
1417,1712187595.5581553,79287416.73091537,57.94,6.652028362239419e-16,60.08,BID
1418,1712187599.7478762,79294741.94457006,57.99,1.5571662457523937e-06,60.08,BID
1419,1712187599.8082583,79300005.47722273,58.0,-1.1189018868936565e-06,60.08,ASK
1420,1712187599.8177297,79304891.18839219,58.0,-1.0385860233182846e-06,60.08,ASK
1421,1712187599.8346636,79313278.79988089,58.0,-1.7830067638114296e-06,60.08,ASK
1422,1712187600.4003174,79313278.79988089,58.0,-0.0,60.08,ASK
1423,1712187601.064168,79317619.79988089,57.99,9.242436551763758e-07,60.08,BID
1424,1712187605.3772027,79322619.7998509,57.95,-1.0645515429989016e-06,60.08,ASK
1425,1712187605.8781614,79325782.5292922,57.95,6.733777054045337e-07,60.08,BID
1426,1712187606.4781518,79327619.5292922,57.95,3.911162392441839e-07,60.08,BID
1427,1712187607.9381564,79329036.76729219,57.95,3.017445817475587e-07,60.08,BID
1428,1712187607.9779124,79331213.72508657,57.95,4.634967585914307e-07,60.08,BID
1429,1712187608.2180552,79334876.05527347,57.95,7.797478549657795e-07,60.08,BID
1430,1712187608.2220447,79338061.72508657,58.01,6.782619470724194e-07,60.08,BID
1431,1712187608.9478023,79341751.72508655,57.95,7.856390434432283e-07,60.08,BID
1432,1712187609.8280344,79346761.72508655,57.95,1.066680652484138e-06,60.08,BID
1433,1712187610.7277572,79351231.72508655,57.95,9.517090851505182e-07,60.08,BID
1434,1712187611.1080227,79358441.72508655,57.95,1.5350833342136997e-06,60.08,BID
1435,1712187611.1280134,79358615.9787535,57.95,3.7100402228020406e-08,60.08,BID
1436,1712187611.4279203,79361407.38575351,57.95,5.943193293641487e-07,60.08,BID
1437,1712187616.1078343,79363577.38575351,57.95,4.620153724332494e-07,60.08,BID
1438,1712187620.4087222,79363712.52488253,57.95,2.8772513834637973e-08,60.08,BID
1439,1712187625.2012467,79363777.38575351,57.95,-1.3809548140776714e-08,60.08,ASK
1440,1712187625.203806,79364277.38575038,57.94,-1.0645515427228845e-07,60.08,ASK
1441,1712187625.2062416,79364477.38575038,57.94,-4.258206197541469e-08,60.08,ASK
1442,1712187625.208956,79403273.52165067,57.94,-8.260097316563545e-06,60.08,ASK
1443,1712187630.343566,79403273.52165067,57.94,-0.0,60.08,ASK
1444,1712187660.493098,79403273.52165067,57.94,-0.0,60.08,ASK
1445,1712187682.5180938,79407155.30071834,58.01,8.255541201053311e-07,60.08,BID
1446,1712187682.5780563,79407325.30071834,58.01,3.615460797008086e-08,60.08,BID
1447,1712187682.587831,79409596.60401455,58.01,4.830475309150969e-07,60.08,BID
1448,1712187682.6379986,79412342.15679,58.02,5.839081426931377e-07,60.08,BID
1449,1712187687.4982965,79412487.15679,58.02,3.083775385683367e-08,60.08,BID
1450,1712187690.4896915,79412487.15679,58.02,0.0,60.08,BID
1451,1712187697.8980002,79451254.09715001,58.0,8.243789524275563e-06,60.08,BID
1452,1712187713.8889065,79453907.20495857,58.0,5.641833519970949e-07,60.08,BID
1453,1712187718.1883194,79455631.3428896,58.0,3.666379157671661e-07,60.08,BID
1454,1712187720.322214,79455631.3428896,58.0,0.0,60.08,BID
1455,1712187750.343385,79455631.3428896,58.0,0.0,60.08,BID
1456,1712187756.7185304,79466087.60213535,58.0,2.222340867490924e-06,60.08,BID
1457,1712187778.11848,79504830.10261534,58.02,8.234210734644258e-06,60.08,BID
1458,1712187780.508335,79504830.10261534,58.02,0.0,60.08,BID
1459,1712187783.3694334,79507250.44811106,58.02,5.14100838580637e-07,60.08,BID
1460,1712187783.778213,79509130.95811106,58.02,3.994354399705818e-07,60.08,BID
1461,1712187786.186458,79510768.82686745,58.0,-3.478964894195243e-07,60.08,ASK
1462,1712187801.4790702,79521481.9208141,58.0,-2.275547268567762e-06,60.08,ASK
1463,1712187801.4837148,79522408.54778723,58.0,-1.968230175338785e-07,60.08,ASK
1464,1712187810.5186746,79522408.54778723,58.0,-0.0,60.08,ASK
1465,1712187840.349192,79522408.54778723,58.0,-0.0,60.08,ASK
1466,1712187840.815073,79524147.8735662,58.0,-3.693667795181941e-07,60.08,ASK
1467,1712187841.6391137,79562887.6403862,58.02,8.226856108655442e-06,60.08,BID
1468,1712187844.629477,79566228.46273144,58.02,7.094638655568175e-07,60.08,BID
1469,1712187870.3690913,79566228.46273144,58.02,0.0,60.08,BID
1470,1712187880.3089545,79604950.08232144,58.02,8.218565052172761e-06,60.08,BID
1471,1712187893.3990724,79607731.92032902,58.02,5.904380258888321e-07,60.08,BID
1472,1712187894.529318,79608945.9192827,58.0,-2.576681832985118e-07,60.08,ASK
1473,1712187894.5335171,79615066.67032902,58.0,-1.2991138070909872e-06,60.08,ASK
1474,1712187896.236457,79620381.63615991,58.02,1.128087949155558e-06,60.08,BID
1475,1712187896.24094,79622105.17975903,58.02,3.65817735403592e-07,60.08,BID
1476,1712187900.3920436,79622105.17975903,58.02,0.0,60.08,BID
1477,1712187901.3093193,79627883.94625813,58.0,1.2274715792955264e-06,60.08,BID
1478,1712187901.3141968,79629405.92975903,58.0,3.232855128856882e-07,60.08,BID
1479,1712187903.1993265,79629405.92976557,58.02,1.3895076171569489e-15,60.08,BID
1480,1712187911.4395034,79634250.39129359,58.06,1.0290152480735731e-06,60.08,BID
1481,1712187911.4492905,79653055.54712556,58.06,3.994415474576227e-06,60.08,BID
1482,1712187912.0091584,79657900.00865567,58.06,1.0290152485166963e-06,60.08,BID
1483,1712187930.3529131,79657900.00865567,58.06,0.0,60.08,BID
1484,1712187960.49934,79657900.00865567,58.06,0.0,60.08,BID
1485,1712187990.4897325,79657900.00865567,58.06,0.0,60.08,BID
1486,1712187993.669752,79664086.32844304,58.06,1.3134605459543407e-06,60.08,BID
1487,1712188020.399767,79664086.32844304,58.06,0.0,60.08,BID
1488,1712188039.8143609,79678178.42340302,58.05,-2.991762463758704e-06,60.08,ASK
1489,1712188039.819523,79686791.68783024,58.05,-1.82860258016522e-06,60.08,ASK
1490,1712188040.0348208,79711043.54361667,58.05,5.148687404131701e-06,60.08,BID
1491,1712188040.039708,79715938.0514184,58.04,1.0391077239654495e-06,60.08,BID
1492,1712188040.0432117,79725510.32461023,58.05,2.0322008693170888e-06,60.08,BID
1493,1712188050.3597505,79725510.32461023,58.05,0.0,60.08,BID
1494,1712188074.500258,79728185.13353167,58.05,5.674344277226321e-07,60.08,BID
1495,1712188074.50501,79733353.092188,58.05,1.0963316441558149e-06,60.08,BID
1496,1712188080.5004375,79733353.092188,58.05,0.0,60.08,BID
1497,1712188102.7102003,79773027.692108,58.06,8.415763688367964e-06,60.08,BID
1498,1712188110.5099764,79773027.692108,58.06,0.0,60.08,BID
1499,1712188140.3621182,79773027.692108,58.06,0.0,60.08,BID
1500,1712188142.8500528,79775375.31630763,58.05,4.977341062710827e-07,60.08,BID
1501,1712188156.8233123,79778048.48030764,58.05,5.667537822572494e-07,60.08,BID
1502,1712188166.355179,79780853.10530764,58.05,5.946256296136505e-07,60.08,BID
1503,1712188170.3660092,79780853.10530764,58.05,0.0,60.08,BID
1504,1712188200.3603897,79780853.10530764,58.05,0.0,60.08,BID
1505,1712188230.3606548,79780853.10530764,58.05,0.0,60.08,BID
1506,1712188239.6408784,79785241.46841124,58.04,-9.318437891453076e-07,60.08,ASK
1507,1712188250.562114,79798249.6436103,58.03,-2.762211553875336e-06,60.08,ASK
1508,1712188260.521044,79798249.6436103,58.03,-0.0,60.08,ASK
1509,1712188290.5113344,79798249.6436103,58.03,-0.0,60.08,ASK
1510,1712188295.6611917,79798249.64440948,58.05,1.6966473115742078e-13,60.08,BID
1511,1712188295.6718044,79798850.53924672,58.05,1.2756923189091138e-07,60.08,BID
1512,1712188320.3812926,79798850.53924672,58.05,0.0,60.08,BID
1513,1712188334.6417856,79799031.38664597,58.06,-3.839339521027587e-08,60.08,ASK
1514,1712188334.6468265,79809780.93232544,58.06,-2.2820983730754826e-06,60.08,ASK
1515,1712188338.5617242,79809867.12436129,58.12,1.829832726511609e-08,60.08,BID
1516,1712188338.5665295,79811157.39481683,58.12,2.739207958377638e-07,60.08,BID
1517,1712188350.361791,79811157.39481683,58.12,0.0,60.08,BID
1518,1712188356.1617067,79822024.11861683,58.12,2.3066250175344258e-06,60.08,BID
1519,1712188356.1666555,79828328.78159419,58.12,1.338259223141402e-06,60.08,BID
1520,1712188372.5013683,79829450.53884318,58.05,-2.381097911164193e-07,60.08,ASK
1521,1712188380.5133593,79829450.53884318,58.05,-0.0,60.08,ASK
1522,1712188380.9517784,79829450.5388432,58.05,-3.162281220452073e-18,60.08,ASK
1523,1712188388.8048098,79831173.19172864,58.05,-3.655764002622957e-07,60.08,ASK
1524,1712188388.8415928,79831173.19172864,58.05,-0.0,60.08,ASK
1525,1712188402.5320227,79838291.06055287,58.09,1.5105334825713342e-06,60.08,BID
1526,1712188410.5115924,79838291.06055287,58.09,0.0,60.08,BID
1527,1712188434.271094,79842090.09554937,58.05,-8.061323479856955e-07,60.08,ASK
1528,1712188440.361699,79842090.09554937,58.05,-0.0,60.08,ASK
1529,1712188470.3429334,79842090.09554937,58.05,-0.0,60.08,ASK
1530,1712188489.5214305,79854741.07369141,58.05,-2.68433575980536e-06,60.08,ASK
1531,1712188489.5262558,79861277.95600756,58.05,-1.3870221544808853e-06,60.08,ASK
1532,1712188489.7008402,79883024.19785956,58.05,-4.6142056360629205e-06,60.08,ASK
1533,1712188489.7213652,79883024.19786017,58.05,-1.2963333709482212e-16,60.08,ASK
1534,1712188500.51487,79883024.19786017,58.05,-0.0,60.08,ASK
1535,1712188530.509679,79883024.19786017,58.05,-0.0,60.08,ASK
1536,1712188560.3717282,79883024.19786017,58.05,-0.0,60.08,ASK
1537,1712188571.8691032,79883224.19786017,58.05,-4.26952367798872e-08,60.08,ASK
1538,1712188571.8715117,79888094.58207718,58.05,-1.0397110367711127e-06,60.08,ASK
1539,1712188571.9287453,79888094.58207794,58.05,-1.6223319439398102e-16,60.08,ASK
1540,1712188572.713988,79900531.50406691,58.03,-2.6549866456622164e-06,60.08,ASK
1541,1712188572.7288718,79907693.65726031,58.03,-1.5289491322300438e-06,60.08,ASK
1542,1712188572.7337625,79907993.65726031,58.03,-6.40428551698308e-08,60.08,ASK
1543,1712188578.9282174,79909716.90385689,58.01,-3.678721073544757e-07,60.08,ASK
1544,1712188578.9381394,79911440.744574,58.01,-3.679989379384818e-07,60.08,ASK
1545,1712188579.099216,79920788.13920295,58.0,-1.9954461347918062e-06,60.08,ASK
1546,1712188579.6784148,79928682.12388434,58.0,-1.6851777255422e-06,60.08,ASK
1547,1712188579.683354,79929199.36526296,58.0,-1.104187156627379e-07,60.08,ASK
1548,1712188590.341073,79929199.36526296,58.0,-0.0,60.08,ASK
1549,1712188620.491716,79929199.36526296,58.0,-0.0,60.08,ASK
1550,1712188634.787091,79937820.05491725,58.0,-1.8392600346658083e-06,60.08,ASK
1551,1712188634.7911427,79937820.05491795,58.0,-1.4942356511985706e-16,60.08,ASK
1552,1712188634.8070045,79937820.05491883,58.0,-1.8757426259726742e-16,60.08,ASK
1553,1712188650.506389,79937820.05491883,58.0,-0.0,60.08,ASK
1554,1712188655.920467,79941283.143493,57.97,-7.387855562619385e-07,60.08,ASK
1555,1712188655.9250004,80017171.35814881,57.97,-1.618933956710672e-05,60.08,ASK
1556,1712188655.9772909,80062930.87609525,57.97,-9.761942322953326e-06,60.08,ASK
1557,1712188655.9822948,80114655.91921453,57.97,-1.103457619841505e-05,60.08,ASK
1558,1712188656.3242357,80115655.91921453,57.94,-2.133314064711083e-07,60.08,ASK
1559,1712188656.332779,80126859.78331424,57.94,-2.390136086302544e-06,60.08,ASK
1560,1712188656.335206,80127032.40544353,57.93,-3.682572162974968e-08,60.08,ASK
